news_id,period,tick,ticker,headline,body,tick,timestamp,ticker,last_price,bid_price,ask_price,BUY_ANON,SELL_ANON,BUY_LUIS-1,SELL_CHUL-2,BUY_CNCD-1,SELL_CNCD-1,BUY_COLB-1,SELL_COLB-1,SELL_LUIS-1,SELL_BOST-3
1.0,1.0,1.0,,Welcome to the RITC 2026 Liquidity Risk Case - practice server,Good Luck!,2,2026-02-01 11:52:36.419447,RITC,10.01,10.0,10.01,201800.0,210100.0,0,0,0,0,0,0,0,0
,,,,,,2,2026-02-01 11:52:36.419447,COMP,24.99,24.99,25.01,142600.0,140600.0,0,0,0,0,0,0,0,0
1.0,1.0,1.0,,Welcome to the RITC 2026 Liquidity Risk Case - practice server,Good Luck!,3,2026-02-01 11:52:37.456173,RITC,10.01,10.0,10.01,200800.0,207100.0,0,0,0,0,0,0,0,0
,,,,,,3,2026-02-01 11:52:37.456173,COMP,24.99,24.99,25.01,142100.0,142800.0,0,0,0,0,0,0,0,0
1.0,1.0,1.0,,Welcome to the RITC 2026 Liquidity Risk Case - practice server,Good Luck!,4,2026-02-01 11:52:38.492544,RITC,10.01,10.0,10.01,200800.0,198200.0,0,0,0,0,0,0,0,0
,,,,,,4,2026-02-01 11:52:38.492544,COMP,24.98,24.98,25.01,143300.0,142800.0,0,0,0,0,0,0,0,0
1.0,1.0,1.0,,Welcome to the RITC 2026 Liquidity Risk Case - practice server,Good Luck!,5,2026-02-01 11:52:39.523987,RITC,10.02,10.0,10.02,198900.0,186300.0,0,0,0,0,0,0,0,0
,,,,,,5,2026-02-01 11:52:39.523987,COMP,24.96,24.96,25.0,145200.0,141200.0,0,0,0,0,0,0,0,0
1.0,1.0,1.0,,Welcome to the RITC 2026 Liquidity Risk Case - practice server,Good Luck!,6,2026-02-01 11:52:40.545316,RITC,10.02,10.01,10.02,197800.0,186300.0,0,0,0,0,0,0,0,0
,,,,,,6,2026-02-01 11:52:40.545316,COMP,24.96,24.96,25.0,145200.0,140000.0,0,0,0,0,0,0,0,0
1.0,1.0,1.0,,Welcome to the RITC 2026 Liquidity Risk Case - practice server,Good Luck!,7,2026-02-01 11:52:41.575477,RITC,10.04,10.01,10.04,197800.0,164400.0,0,0,0,0,0,0,0,0
,,,,,,7,2026-02-01 11:52:41.575477,COMP,24.96,24.96,25.0,145200.0,138800.0,0,0,0,0,0,0,0,0
1.0,1.0,1.0,,Welcome to the RITC 2026 Liquidity Risk Case - practice server,Good Luck!,8,2026-02-01 11:52:42.606978,RITC,10.04,10.02,10.04,196300.0,164400.0,0,0,0,0,0,0,0,0
,,,,,,8,2026-02-01 11:52:42.606978,COMP,24.94,24.94,25.0,145000.0,139600.0,0,0,0,0,0,0,0,0
1.0,1.0,1.0,,Welcome to the RITC 2026 Liquidity Risk Case - practice server,Good Luck!,9,2026-02-01 11:52:43.628681,RITC,10.05,10.03,10.05,196800.0,152800.0,0,0,0,0,0,0,0,0
,,,,,,9,2026-02-01 11:52:43.628681,COMP,24.94,24.94,25.0,145600.0,139600.0,0,0,0,0,0,0,0,0
1.0,1.0,1.0,,Welcome to the RITC 2026 Liquidity Risk Case - practice server,Good Luck!,10,2026-02-01 11:52:44.648092,RITC,10.05,10.03,10.05,194400.0,141100.0,0,0,0,0,0,0,0,0
,,,,,,10,2026-02-01 11:52:44.648092,COMP,24.93,24.93,25.0,146200.0,140300.0,0,0,0,0,0,0,0,0
1.0,1.0,1.0,,Welcome to the RITC 2026 Liquidity Risk Case - practice server,Good Luck!,11,2026-02-01 11:52:45.678087,RITC,10.05,10.04,10.05,192500.0,141100.0,,0,0,0,0,0,0,0
,,,,,,11,2026-02-01 11:52:45.678087,COMP,24.84,24.93,24.99,147100.0,121100.0,9000.0,0,0,0,0,0,0,0
1.0,1.0,1.0,,Welcome to the RITC 2026 Liquidity Risk Case - practice server,Good Luck!,12,2026-02-01 11:52:46.695321,RITC,10.05,10.04,10.05,193000.0,141100.0,,0,0,0,0,0,0,0
,,,,,,12,2026-02-01 11:52:46.695321,COMP,24.84,24.93,24.94,147100.0,121800.0,9000.0,0,0,0,0,0,0,0
1.0,1.0,1.0,,Welcome to the RITC 2026 Liquidity Risk Case - practice server,Good Luck!,13,2026-02-01 11:52:47.726298,RITC,10.06,10.04,10.06,193000.0,118900.0,,0,0,0,0,0,0,0
,,,,,,13,2026-02-01 11:52:47.726298,COMP,24.93,24.93,24.94,140100.0,121800.0,9000.0,0,0,0,0,0,0,0
1.0,1.0,1.0,,Welcome to the RITC 2026 Liquidity Risk Case - practice server,Good Luck!,14,2026-02-01 11:52:48.744253,RITC,10.07,10.04,10.07,193000.0,97500.0,,0,0,0,0,0,0,0
,,,,,,14,2026-02-01 11:52:48.744253,COMP,24.93,24.91,24.92,134200.0,122100.0,9000.0,0,0,0,0,0,0,0
1.0,1.0,1.0,,Welcome to the RITC 2026 Liquidity Risk Case - practice server,Good Luck!,15,2026-02-01 11:52:49.765457,RITC,10.07,10.05,10.07,195200.0,97500.0,,0,0,0,0,0,0,0
,,,,,,15,2026-02-01 11:52:49.765457,COMP,24.91,24.91,24.92,134200.0,122100.0,9000.0,0,0,0,0,0,0,0
1.0,1.0,1.0,,Welcome to the RITC 2026 Liquidity Risk Case - practice server,Good Luck!,16,2026-02-01 11:52:50.797413,RITC,10.07,10.05,10.07,193000.0,98400.0,,0,0,0,0,0,0,0
,,,,,,16,2026-02-01 11:52:50.797413,COMP,24.91,24.91,24.92,134200.0,121500.0,9000.0,0,0,0,0,0,0,0
1.0,1.0,1.0,,Welcome to the RITC 2026 Liquidity Risk Case - practice server,Good Luck!,17,2026-02-01 11:52:51.826833,RITC,10.1,10.07,10.1,194800.0,100100.0,,0,0,0,0,0,0,0
,,,,,,17,2026-02-01 11:52:51.826833,COMP,24.91,24.91,24.92,134200.0,121000.0,9000.0,0,0,0,0,0,0,0
1.0,1.0,1.0,,Welcome to the RITC 2026 Liquidity Risk Case - practice server,Good Luck!,18,2026-02-01 11:52:52.865097,RITC,10.1,10.07,10.1,198400.0,100100.0,,0,0,0,0,0,0,0
,,,,,,18,2026-02-01 11:52:52.865097,COMP,24.89,24.89,24.91,120800.0,120500.0,9000.0,0,0,0,0,0,0,0
1.0,1.0,1.0,,Welcome to the RITC 2026 Liquidity Risk Case - practice server,Good Luck!,19,2026-02-01 11:52:53.894330,RITC,10.1,10.09,10.1,198700.0,98200.0,,0,0,0,0,0,0,0
,,,,,,19,2026-02-01 11:52:53.894330,COMP,24.88,24.88,24.91,114900.0,120500.0,9000.0,0,0,0,0,0,0,0
1.0,1.0,1.0,,Welcome to the RITC 2026 Liquidity Risk Case - practice server,Good Luck!,20,2026-02-01 11:52:54.914742,RITC,10.1,10.09,10.1,202000.0,96500.0,,0,0,0,0,0,0,0
,,,,,,20,2026-02-01 11:52:54.914742,COMP,24.88,24.88,24.9,114900.0,121300.0,9000.0,0,0,0,0,0,0,0
1.0,1.0,1.0,,Welcome to the RITC 2026 Liquidity Risk Case - practice server,Good Luck!,21,2026-02-01 11:52:55.946576,RITC,10.1,10.1,10.11,202300.0,94300.0,,0,0,0,0,0,0,0
,,,,,,21,2026-02-01 11:52:55.946576,COMP,24.88,24.88,24.9,114900.0,120500.0,9000.0,0,0,0,0,0,0,0
1.0,1.0,1.0,,Welcome to the RITC 2026 Liquidity Risk Case - practice server,Good Luck!,22,2026-02-01 11:52:56.976129,RITC,10.11,10.1,10.11,204400.0,94300.0,,0,0,0,0,0,0,0
,,,,,,22,2026-02-01 11:52:56.976129,COMP,24.88,24.88,24.9,114900.0,120900.0,9000.0,0,0,0,0,0,0,0
1.0,1.0,1.0,,Welcome to the RITC 2026 Liquidity Risk Case - practice server,Good Luck!,23,2026-02-01 11:52:57.993087,RITC,10.11,10.1,10.11,202500.0,92100.0,,0,0,0,0,0,0,0
,,,,,,23,2026-02-01 11:52:57.993087,COMP,24.88,24.88,24.89,114900.0,119200.0,9000.0,0,0,0,0,0,0,0
1.0,1.0,1.0,,Welcome to the RITC 2026 Liquidity Risk Case - practice server,Good Luck!,24,2026-02-01 11:52:59.025805,RITC,10.12,10.1,10.12,200600.0,91200.0,,0,0,0,0,0,0,0
,,,,,,24,2026-02-01 11:52:59.025805,COMP,24.86,24.86,24.89,107300.0,119200.0,9000.0,0,0,0,0,0,0,0
1.0,1.0,1.0,,Welcome to the RITC 2026 Liquidity Risk Case - practice server,Good Luck!,25,2026-02-01 11:53:00.046411,RITC,10.14,10.1,10.14,198200.0,91600.0,,0,0,0,0,0,0,0
,,,,,,25,2026-02-01 11:53:00.046411,COMP,24.84,24.84,24.88,99400.0,117800.0,9000.0,0,0,0,0,0,0,0
1.0,1.0,1.0,,Welcome to the RITC 2026 Liquidity Risk Case - practice server,Good Luck!,26,2026-02-01 11:53:01.084529,RITC,10.14,10.12,10.14,197700.0,91600.0,,0,0,0,0,0,0,0
,,,,,,26,2026-02-01 11:53:01.084529,COMP,24.84,24.84,24.87,99400.0,116700.0,9000.0,0,0,0,0,0,0,0
1.0,1.0,1.0,,Welcome to the RITC 2026 Liquidity Risk Case - practice server,Good Luck!,27,2026-02-01 11:53:02.103963,RITC,10.14,10.12,10.14,198400.0,91600.0,,0,0,0,0,0,0,0
,,,,,,27,2026-02-01 11:53:02.103963,COMP,24.79,24.79,24.83,83100.0,118500.0,9000.0,0,0,0,0,0,0,0
1.0,1.0,1.0,,Welcome to the RITC 2026 Liquidity Risk Case - practice server,Good Luck!,28,2026-02-01 11:53:03.142363,RITC,10.14,10.15,10.18,200200.0,91900.0,0,0,0,0,0,0,0,0
,,,,,,28,2026-02-01 11:53:03.142363,COMP,24.79,24.79,24.83,83100.0,140500.0,0,0,0,0,0,0,0,0
1.0,1.0,1.0,,Welcome to the RITC 2026 Liquidity Risk Case - practice server,Good Luck!,29,2026-02-01 11:53:04.171403,RITC,10.18,10.18,10.2,199100.0,94800.0,,0,0,0,0,0,0,0
,,,,,,29,2026-02-01 11:53:04.171403,COMP,24.75,24.75,24.79,68300.0,118400.0,9000.0,0,0,0,0,0,0,0
1.0,1.0,1.0,,Welcome to the RITC 2026 Liquidity Risk Case - practice server,Good Luck!,30,2026-02-01 11:53:05.199613,RITC,10.21,10.18,10.21,199200.0,96300.0,0,0,0,0,0,0,0,0
,,,,,,30,2026-02-01 11:53:05.199613,COMP,24.73,24.73,24.76,77400.0,138500.0,0,0,0,0,0,0,0,0
1.0,1.0,1.0,,Welcome to the RITC 2026 Liquidity Risk Case - practice server,Good Luck!,31,2026-02-01 11:53:06.229942,RITC,10.21,10.19,10.21,199600.0,95400.0,0,0,0,0,0,0,0,0
,,,,,,31,2026-02-01 11:53:06.229942,COMP,24.71,24.71,24.76,77200.0,139600.0,0,0,0,0,0,0,0,0
1.0,1.0,1.0,,Welcome to the RITC 2026 Liquidity Risk Case - practice server,Good Luck!,32,2026-02-01 11:53:07.254325,RITC,10.25,10.19,10.25,199600.0,97800.0,0,0,0,0,0,0,0,0
,,,,,,32,2026-02-01 11:53:07.254325,COMP,24.71,24.65,24.67,84300.0,139200.0,0,0,0,0,0,0,0,0
1.0,1.0,1.0,,Welcome to the RITC 2026 Liquidity Risk Case - practice server,Good Luck!,33,2026-02-01 11:53:08.282452,RITC,10.25,10.24,10.25,196300.0,97800.0,0,0,0,0,0,0,0,0
,,,,,,33,2026-02-01 11:53:08.282452,COMP,24.71,24.65,24.67,84300.0,139400.0,0,0,0,0,0,0,0,0
1.0,1.0,1.0,,Welcome to the RITC 2026 Liquidity Risk Case - practice server,Good Luck!,34,2026-02-01 11:53:09.311650,RITC,10.3,10.28,10.3,196000.0,97300.0,0,0,0,0,0,0,0,0
,,,,,,34,2026-02-01 11:53:09.311650,COMP,24.65,24.61,24.65,77100.0,140400.0,0,0,0,0,0,0,0,0
1.0,1.0,1.0,,Welcome to the RITC 2026 Liquidity Risk Case - practice server,Good Luck!,35,2026-02-01 11:53:10.335554,RITC,10.3,10.31,10.33,191700.0,94400.0,0,0,0,0,0,0,0,0
,,,,,,35,2026-02-01 11:53:10.335554,COMP,24.61,24.61,24.65,77400.0,140400.0,0,0,0,0,0,0,0,0
1.0,1.0,1.0,,Welcome to the RITC 2026 Liquidity Risk Case - practice server,Good Luck!,36,2026-02-01 11:53:11.356314,RITC,10.33,10.32,10.33,190200.0,94400.0,0,0,0,0,0,0,0,0
,,,,,,36,2026-02-01 11:53:11.356314,COMP,24.65,24.65,24.67,90100.0,139400.0,0,0,0,0,0,0,0,0
1.0,1.0,1.0,,Welcome to the RITC 2026 Liquidity Risk Case - practice server,Good Luck!,37,2026-02-01 11:53:12.375850,RITC,10.36,10.32,10.36,190200.0,103700.0,0,0,0,0,0,0,0,0
,,,,,,37,2026-02-01 11:53:12.375850,COMP,24.65,24.65,24.67,90100.0,138700.0,0,0,0,0,0,0,0,0
1.0,1.0,1.0,,Welcome to the RITC 2026 Liquidity Risk Case - practice server,Good Luck!,38,2026-02-01 11:53:13.407987,RITC,10.36,10.32,10.35,192200.0,112000.0,0,0,0,0,0,0,0,0
,,,,,,38,2026-02-01 11:53:13.407987,COMP,24.65,24.65,24.67,90100.0,138300.0,0,0,0,0,0,0,0,0
1.0,1.0,1.0,,Welcome to the RITC 2026 Liquidity Risk Case - practice server,Good Luck!,39,2026-02-01 11:53:14.439671,RITC,10.32,10.32,10.35,193500.0,112000.0,0,0,0,0,0,0,0,0
,,,,,,39,2026-02-01 11:53:14.439671,COMP,24.64,24.64,24.67,90400.0,138300.0,0,0,0,0,0,0,0,0
1.0,1.0,1.0,,Welcome to the RITC 2026 Liquidity Risk Case - practice server,Good Luck!,40,2026-02-01 11:53:15.462227,RITC,10.32,10.32,10.33,192600.0,122100.0,0,0,0,0,0,0,0,0
,,,,,,40,2026-02-01 11:53:15.462227,COMP,24.61,24.61,24.67,84200.0,140800.0,0,0,0,0,0,0,0,0
1.0,1.0,1.0,,Welcome to the RITC 2026 Liquidity Risk Case - practice server,Good Luck!,41,2026-02-01 11:53:16.486824,RITC,10.31,10.31,10.33,193300.0,122100.0,0,0,0,0,0,0,0,0
,,,,,,41,2026-02-01 11:53:16.486824,COMP,24.61,24.61,24.62,84200.0,139500.0,0,0,0,0,0,0,0,0
1.0,1.0,1.0,,Welcome to the RITC 2026 Liquidity Risk Case - practice server,Good Luck!,42,2026-02-01 11:53:17.509064,RITC,10.31,10.31,10.32,189500.0,131700.0,0,0,0,0,0,0,0,0
,,,,,,42,2026-02-01 11:53:17.509064,COMP,24.62,24.63,24.67,83900.0,140800.0,0,0,0,0,0,0,0,0
1.0,1.0,1.0,,Welcome to the RITC 2026 Liquidity Risk Case - practice server,Good Luck!,43,2026-02-01 11:53:18.526531,RITC,10.31,10.31,10.32,189500.0,152800.0,0,0,0,0,0,0,0,0
,,,,,,43,2026-02-01 11:53:18.526531,COMP,24.62,24.63,24.64,83900.0,138700.0,0,0,0,0,0,0,0,0
1.0,1.0,1.0,,Welcome to the RITC 2026 Liquidity Risk Case - practice server,Good Luck!,44,2026-02-01 11:53:19.557798,RITC,10.33,10.31,10.33,190300.0,143200.0,0,0,0,0,0,0,0,0
,,,,,,44,2026-02-01 11:53:19.557798,COMP,24.64,24.63,24.67,83900.0,140800.0,0,0,0,0,0,0,0,0
1.0,1.0,1.0,,Welcome to the RITC 2026 Liquidity Risk Case - practice server,Good Luck!,45,2026-02-01 11:53:20.594727,RITC,10.33,10.31,10.33,190300.0,162600.0,0,0,0,0,0,0,0,0
,,,,,,45,2026-02-01 11:53:20.594727,COMP,24.57,24.57,24.67,77700.0,140800.0,0,0,0,0,0,0,0,0
1.0,1.0,1.0,,Welcome to the RITC 2026 Liquidity Risk Case - practice server,Good Luck!,46,2026-02-01 11:53:21.622254,RITC,10.3,10.3,10.33,191000.0,162600.0,0,0,0,0,0,0,0,0
,,,,,,46,2026-02-01 11:53:21.622254,COMP,24.57,24.6,24.61,85900.0,138400.0,0,0,0,0,0,0,0,0
1.0,1.0,1.0,,Welcome to the RITC 2026 Liquidity Risk Case - practice server,Good Luck!,47,2026-02-01 11:53:22.645409,RITC,10.3,10.3,10.33,190300.0,162600.0,0,0,0,0,0,0,0,0
,,,,,,47,2026-02-01 11:53:22.645409,COMP,24.57,24.6,24.61,85900.0,140100.0,0,0,0,0,0,0,0,0
1.0,1.0,1.0,,Welcome to the RITC 2026 Liquidity Risk Case - practice server,Good Luck!,49,2026-02-01 11:53:23.676654,RITC,10.3,10.3,10.31,190300.0,181100.0,0,0,0,0,0,0,0,0
,,,,,,49,2026-02-01 11:53:23.676654,COMP,24.6,24.6,24.61,85900.0,140100.0,0,0,0,0,0,0,0,0
1.0,1.0,1.0,,Welcome to the RITC 2026 Liquidity Risk Case - practice server,Good Luck!,50,2026-02-01 11:53:24.713891,RITC,10.27,10.27,10.31,192200.0,181100.0,0,0,0,0,0,0,0,0
,,,,,,50,2026-02-01 11:53:24.713891,COMP,24.6,24.57,24.6,77700.0,141600.0,0,0,0,0,0,0,0,0
1.0,1.0,1.0,,Welcome to the RITC 2026 Liquidity Risk Case - practice server,Good Luck!,51,2026-02-01 11:53:25.758493,RITC,10.27,10.27,10.29,192200.0,191300.0,0,0,0,0,0,0,0,0
,,,,,,51,2026-02-01 11:53:25.758493,COMP,24.6,24.57,24.58,77700.0,142500.0,0,0,0,0,0,0,0,0
1.0,1.0,1.0,,Welcome to the RITC 2026 Liquidity Risk Case - practice server,Good Luck!,52,2026-02-01 11:53:26.791252,RITC,10.27,10.27,10.29,191900.0,191500.0,0,0,0,0,0,0,0,0
,,,,,,52,2026-02-01 11:53:26.791252,COMP,24.6,24.57,24.58,77700.0,142600.0,0,0,0,0,0,0,0,0
1.0,1.0,1.0,,Welcome to the RITC 2026 Liquidity Risk Case - practice server,Good Luck!,53,2026-02-01 11:53:27.831347,RITC,10.27,10.24,10.27,190500.0,194200.0,0,0,0,0,0,0,0,0
,,,,,,53,2026-02-01 11:53:27.831347,COMP,24.56,24.56,24.58,75800.0,142600.0,0,0,0,0,0,0,0,0
1.0,1.0,1.0,,Welcome to the RITC 2026 Liquidity Risk Case - practice server,Good Luck!,54,2026-02-01 11:53:28.867158,RITC,10.23,10.23,10.25,193600.0,193100.0,0,0,0,0,0,0,0,0
,,,,,,54,2026-02-01 11:53:28.867158,COMP,24.58,24.56,24.58,75800.0,142800.0,0,0,0,0,0,0,0,0
1.0,1.0,1.0,,Welcome to the RITC 2026 Liquidity Risk Case - practice server,Good Luck!,55,2026-02-01 11:53:29.911176,RITC,10.23,10.23,10.24,193600.0,193500.0,0,0,0,0,0,0,0,0
,,,,,,55,2026-02-01 11:53:29.911176,COMP,24.56,24.56,24.58,75800.0,142800.0,0,0,0,0,0,0,0,0
1.0,1.0,1.0,,Welcome to the RITC 2026 Liquidity Risk Case - practice server,Good Luck!,56,2026-02-01 11:53:30.943209,RITC,10.25,10.23,10.25,193600.0,193400.0,0,0,0,0,0,0,0,0
,,,,,,56,2026-02-01 11:53:30.943209,COMP,24.56,24.56,24.58,75800.0,142400.0,0,0,0,0,0,0,0,0
1.0,1.0,1.0,,Welcome to the RITC 2026 Liquidity Risk Case - practice server,Good Luck!,57,2026-02-01 11:53:32.057008,RITC,10.23,10.23,10.25,192700.0,193400.0,0,0,0,0,0,0,0,0
,,,,,,57,2026-02-01 11:53:32.057008,COMP,24.58,24.56,24.58,75800.0,142100.0,0,0,0,0,0,0,0,0
1.0,1.0,1.0,,Welcome to the RITC 2026 Liquidity Risk Case - practice server,Good Luck!,58,2026-02-01 11:53:33.415812,RITC,10.23,10.23,10.24,192700.0,193300.0,0,0,0,0,0,0,0,0
,,,,,,58,2026-02-01 11:53:33.415812,COMP,24.54,24.54,24.58,73900.0,142100.0,0,0,0,0,0,0,0,0
1.0,1.0,1.0,,Welcome to the RITC 2026 Liquidity Risk Case - practice server,Good Luck!,59,2026-02-01 11:53:34.561192,RITC,10.23,10.23,10.24,193200.0,195500.0,0,0,0,0,0,0,0,0
,,,,,,59,2026-02-01 11:53:34.561192,COMP,24.58,24.54,24.58,73900.0,142600.0,0,0,0,0,0,0,0,0
1.0,1.0,1.0,,Welcome to the RITC 2026 Liquidity Risk Case - practice server,Good Luck!,61,2026-02-01 11:53:35.804620,RITC,10.23,10.2,10.22,196100.0,199100.0,0,0,0,0,0,0,0,0
,,,,,,61,2026-02-01 11:53:35.804620,COMP,24.54,24.47,24.54,72400.0,142700.0,0,0,0,0,0,0,0,0
1.0,1.0,1.0,,Welcome to the RITC 2026 Liquidity Risk Case - practice server,Good Luck!,62,2026-02-01 11:53:37.115595,RITC,10.2,10.2,10.22,196100.0,197000.0,0,0,0,0,0,0,0,0
,,,,,,62,2026-02-01 11:53:37.115595,COMP,24.54,24.49,24.54,86300.0,142700.0,0,0,0,0,0,0,0,0
1.0,1.0,1.0,,Welcome to the RITC 2026 Liquidity Risk Case - practice server,Good Luck!,63,2026-02-01 11:53:38.278737,RITC,10.2,10.2,10.21,196100.0,199800.0,0,0,0,0,0,0,0,0
,,,,,,63,2026-02-01 11:53:38.278737,COMP,24.54,24.49,24.53,94700.0,143600.0,0,0,0,0,0,0,0,0
1.0,1.0,1.0,,Welcome to the RITC 2026 Liquidity Risk Case - practice server,Good Luck!,64,2026-02-01 11:53:39.317346,RITC,10.21,10.2,10.21,196100.0,197600.0,0,0,0,0,0,0,0,0
,,,,,,64,2026-02-01 11:53:39.317346,COMP,24.54,24.49,24.5,94700.0,143100.0,0,0,0,0,0,0,0,0
1.0,1.0,1.0,,Welcome to the RITC 2026 Liquidity Risk Case - practice server,Good Luck!,65,2026-02-01 11:53:40.347092,RITC,10.22,10.2,10.22,196100.0,195400.0,0,0,0,0,0,0,0,0
,,,,,,65,2026-02-01 11:53:40.347092,COMP,24.53,24.49,24.53,94700.0,143600.0,0,0,0,0,0,0,0,0
1.0,1.0,1.0,,Welcome to the RITC 2026 Liquidity Risk Case - practice server,Good Luck!,66,2026-02-01 11:53:41.371632,RITC,10.22,10.2,10.22,196100.0,195700.0,0,0,0,0,0,0,0,0
,,,,,,66,2026-02-01 11:53:41.371632,COMP,24.53,24.49,24.53,100700.0,143600.0,0,0,0,0,0,0,0,0
1.0,1.0,1.0,,Welcome to the RITC 2026 Liquidity Risk Case - practice server,Good Luck!,67,2026-02-01 11:53:42.406712,RITC,10.2,10.19,10.2,196400.0,192800.0,0,0,0,0,0,0,0,0
,,,,,,67,2026-02-01 11:53:42.406712,COMP,24.53,24.49,24.53,100700.0,144000.0,0,0,0,0,0,0,0,0
1.0,1.0,1.0,,Welcome to the RITC 2026 Liquidity Risk Case - practice server,Good Luck!,68,2026-02-01 11:53:43.426692,RITC,10.19,10.19,10.21,196400.0,194500.0,0,0,0,0,0,0,0,0
,,,,,,68,2026-02-01 11:53:43.426692,COMP,24.53,24.49,24.53,100700.0,143600.0,0,0,0,0,0,0,0,0
1.0,1.0,1.0,,Welcome to the RITC 2026 Liquidity Risk Case - practice server,Good Luck!,69,2026-02-01 11:53:44.440642,RITC,10.19,10.19,10.21,194900.0,194500.0,0,0,0,0,0,0,0,0
,,,,,,69,2026-02-01 11:53:44.440642,COMP,24.54,24.47,24.54,92900.0,141900.0,0,0,0,0,0,0,0,0
1.0,1.0,1.0,,Welcome to the RITC 2026 Liquidity Risk Case - practice server,Good Luck!,70,2026-02-01 11:53:45.462963,RITC,10.22,10.21,10.22,192200.0,195700.0,0,0,0,0,0,0,0,0
,,,,,,70,2026-02-01 11:53:45.462963,COMP,24.54,24.48,24.54,100700.0,141900.0,0,0,0,0,0,0,0,0
1.0,1.0,1.0,,Welcome to the RITC 2026 Liquidity Risk Case - practice server,Good Luck!,71,2026-02-01 11:53:46.494938,RITC,10.19,10.19,10.21,197600.0,196700.0,0,0,0,0,0,0,0,0
,,,,,,71,2026-02-01 11:53:46.494938,COMP,24.54,24.48,24.54,116200.0,141900.0,0,0,0,0,0,0,0,0
1.0,1.0,1.0,,Welcome to the RITC 2026 Liquidity Risk Case - practice server,Good Luck!,72,2026-02-01 11:53:47.527946,RITC,10.22,10.2,10.22,195300.0,194900.0,0,0,0,0,0,0,0,0
,,,,,,72,2026-02-01 11:53:47.527946,COMP,24.54,24.48,24.54,123500.0,141900.0,0,0,0,0,0,0,0,0
1.0,1.0,1.0,,Welcome to the RITC 2026 Liquidity Risk Case - practice server,Good Luck!,73,2026-02-01 11:53:48.560675,RITC,10.2,10.19,10.2,197600.0,196600.0,0,0,0,0,0,0,0,0
,,,,,,73,2026-02-01 11:53:48.560675,COMP,24.55,24.53,24.55,131500.0,141500.0,0,0,0,0,0,0,0,0
1.0,1.0,1.0,,Welcome to the RITC 2026 Liquidity Risk Case - practice server,Good Luck!,74,2026-02-01 11:53:49.595762,RITC,10.22,10.22,10.23,194300.0,194100.0,0,0,0,0,0,0,0,0
,,,,,,74,2026-02-01 11:53:49.595762,COMP,24.56,24.53,24.56,131500.0,141100.0,0,0,0,0,0,0,0,0
1.0,1.0,1.0,,Welcome to the RITC 2026 Liquidity Risk Case - practice server,Good Luck!,75,2026-02-01 11:53:50.624222,RITC,10.19,10.18,10.19,198000.0,196100.0,0,0,0,0,0,0,0,0
,,,,,,75,2026-02-01 11:53:50.624222,COMP,24.56,24.53,24.56,145800.0,141100.0,0,0,0,0,0,0,0,0
1.0,1.0,1.0,,Welcome to the RITC 2026 Liquidity Risk Case - practice server,Good Luck!,76,2026-02-01 11:53:51.660846,RITC,10.19,10.18,10.19,197400.0,196100.0,0,0,0,0,0,0,0,0
,,,,,,76,2026-02-01 11:53:51.660846,COMP,24.57,24.53,24.57,145800.0,140400.0,0,0,0,0,0,0,0,0
1.0,1.0,1.0,,Welcome to the RITC 2026 Liquidity Risk Case - practice server,Good Luck!,77,2026-02-01 11:53:52.696806,RITC,10.18,10.18,10.19,201500.0,196100.0,0,0,0,0,0,0,0,0
,,,,,,77,2026-02-01 11:53:52.696806,COMP,24.57,24.54,24.57,147400.0,140400.0,0,0,0,0,0,0,0,0
1.0,1.0,1.0,,Welcome to the RITC 2026 Liquidity Risk Case - practice server,Good Luck!,78,2026-02-01 11:53:53.716636,RITC,10.17,10.17,10.19,201900.0,195700.0,0,0,0,0,0,0,0,0
,,,,,,78,2026-02-01 11:53:53.716636,COMP,24.58,24.54,24.58,149600.0,141400.0,0,0,0,0,0,0,0,0
1.0,1.0,1.0,,Welcome to the RITC 2026 Liquidity Risk Case - practice server,Good Luck!,79,2026-02-01 11:53:54.749731,RITC,10.17,10.17,10.19,201900.0,196900.0,0,0,0,0,0,0,0,0
,,,,,,79,2026-02-01 11:53:54.749731,COMP,24.58,24.54,24.58,150500.0,141400.0,0,0,0,0,0,0,0,0
1.0,1.0,1.0,,Welcome to the RITC 2026 Liquidity Risk Case - practice server,Good Luck!,80,2026-02-01 11:53:55.778112,RITC,10.17,10.17,10.19,201900.0,196700.0,0,0,0,0,0,0,0,0
,,,,,,80,2026-02-01 11:53:55.778112,COMP,24.6,24.54,24.6,150500.0,141700.0,0,0,0,0,0,0,0,0
1.0,1.0,1.0,,Welcome to the RITC 2026 Liquidity Risk Case - practice server,Good Luck!,81,2026-02-01 11:53:56.810304,RITC,10.17,10.17,10.19,202600.0,195000.0,0,0,0,0,0,0,0,0
,,,,,,81,2026-02-01 11:53:56.810304,COMP,24.6,24.54,24.6,151000.0,141700.0,0,0,0,0,0,0,0,0
1.0,1.0,1.0,,Welcome to the RITC 2026 Liquidity Risk Case - practice server,Good Luck!,82,2026-02-01 11:53:57.836942,RITC,10.17,10.17,10.19,202600.0,192100.0,0,0,0,0,0,0,0,0
,,,,,,82,2026-02-01 11:53:57.836942,COMP,24.6,24.54,24.6,150000.0,141700.0,0,0,0,0,0,0,0,0
1.0,1.0,1.0,,Welcome to the RITC 2026 Liquidity Risk Case - practice server,Good Luck!,83,2026-02-01 11:53:58.858313,RITC,10.17,10.17,10.18,202700.0,190600.0,0,0,0,0,0,0,0,0
,,,,,,83,2026-02-01 11:53:58.858313,COMP,24.6,24.54,24.6,150000.0,141700.0,0,0,0,0,0,0,0,0
1.0,1.0,1.0,,Welcome to the RITC 2026 Liquidity Risk Case - practice server,Good Luck!,84,2026-02-01 11:53:59.886815,RITC,10.17,10.17,10.18,203800.0,190700.0,0,0,0,0,0,0,0,0
,,,,,,84,2026-02-01 11:53:59.886815,COMP,24.61,24.54,24.61,150000.0,139700.0,0,0,0,0,0,0,0,0
1.0,1.0,1.0,,Welcome to the RITC 2026 Liquidity Risk Case - practice server,Good Luck!,86,2026-02-01 11:54:00.931399,RITC,10.28,10.15,10.18,200400.0,190700.0,0,0,0,0,0,0,0,0
,,,,,,86,2026-02-01 11:54:00.931399,COMP,24.61,24.58,24.61,151100.0,139700.0,0,0,0,0,0,0,0,0
1.0,1.0,1.0,,Welcome to the RITC 2026 Liquidity Risk Case - practice server,Good Luck!,87,2026-02-01 11:54:01.955381,RITC,10.27,10.15,10.17,198800.0,191000.0,0,0,0,0,0,0,0,0
,,,,,,87,2026-02-01 11:54:01.955381,COMP,24.61,24.58,24.61,153400.0,140300.0,0,0,0,0,0,0,0,0
1.0,1.0,1.0,,Welcome to the RITC 2026 Liquidity Risk Case - practice server,Good Luck!,88,2026-02-01 11:54:02.986645,RITC,10.14,10.14,10.17,197900.0,191000.0,0,0,0,0,0,0,0,0
,,,,,,88,2026-02-01 11:54:02.986645,COMP,24.61,24.58,24.61,153000.0,140300.0,0,0,0,0,0,0,0,0
1.0,1.0,1.0,,Welcome to the RITC 2026 Liquidity Risk Case - practice server,Good Luck!,89,2026-02-01 11:54:04.026704,RITC,10.12,10.12,10.17,198400.0,189500.0,0,0,0,0,0,0,0,0
,,,,,,89,2026-02-01 11:54:04.026704,COMP,24.66,24.63,24.66,151100.0,139800.0,0,0,0,0,0,0,0,0
1.0,1.0,1.0,,Welcome to the RITC 2026 Liquidity Risk Case - practice server,Good Luck!,90,2026-02-01 11:54:05.046795,RITC,10.17,10.12,10.17,198400.0,189100.0,0,0,0,0,0,0,0,0
,,,,,,90,2026-02-01 11:54:05.046795,COMP,24.67,24.63,24.67,151100.0,139000.0,0,0,0,0,0,0,0,0
1.0,1.0,1.0,,Welcome to the RITC 2026 Liquidity Risk Case - practice server,Good Luck!,91,2026-02-01 11:54:06.066356,RITC,10.12,10.12,10.15,199500.0,188900.0,0,0,0,0,0,0,0,0
,,,,,,91,2026-02-01 11:54:06.066356,COMP,24.68,24.63,24.68,151100.0,139000.0,0,0,0,0,0,0,0,0
1.0,1.0,1.0,,Welcome to the RITC 2026 Liquidity Risk Case - practice server,Good Luck!,92,2026-02-01 11:54:07.096253,RITC,10.15,10.12,10.15,199500.0,187600.0,0,0,0,0,0,0,0,0
,,,,,,92,2026-02-01 11:54:07.096253,COMP,24.68,24.64,24.68,152300.0,139000.0,0,0,0,0,0,0,0,0
1.0,1.0,1.0,,Welcome to the RITC 2026 Liquidity Risk Case - practice server,Good Luck!,93,2026-02-01 11:54:08.141035,RITC,10.15,10.12,10.14,199500.0,189300.0,0,0,0,0,0,0,0,0
,,,,,,93,2026-02-01 11:54:08.141035,COMP,24.68,24.64,24.68,153200.0,139000.0,0,0,0,0,0,0,0,0
1.0,1.0,1.0,,Welcome to the RITC 2026 Liquidity Risk Case - practice server,Good Luck!,94,2026-02-01 11:54:09.169903,RITC,10.15,10.11,10.15,197600.0,187400.0,0,0,0,0,0,0,0,0
,,,,,,94,2026-02-01 11:54:09.169903,COMP,24.68,24.64,24.68,151100.0,139000.0,0,0,0,0,0,0,0,0
1.0,1.0,1.0,,Welcome to the RITC 2026 Liquidity Risk Case - practice server,Good Luck!,95,2026-02-01 11:54:10.193336,RITC,10.18,10.11,10.15,197600.0,188100.0,0,0,0,0,0,0,0,0
,,,,,,95,2026-02-01 11:54:10.193336,COMP,24.68,24.68,24.71,147300.0,139400.0,0,0,0,0,0,0,0,0
1.0,1.0,1.0,,Welcome to the RITC 2026 Liquidity Risk Case - practice server,Good Luck!,96,2026-02-01 11:54:11.226048,RITC,10.13,10.1,10.13,198200.0,190700.0,0,0,0,0,0,0,0,0
,,,,,,96,2026-02-01 11:54:11.226048,COMP,24.72,24.68,24.72,147300.0,139800.0,0,0,0,0,0,0,0,0
1.0,1.0,1.0,,Welcome to the RITC 2026 Liquidity Risk Case - practice server,Good Luck!,97,2026-02-01 11:54:12.259079,RITC,10.1,10.1,10.12,199400.0,191100.0,0,0,0,0,0,0,0,0
,,,,,,97,2026-02-01 11:54:12.259079,COMP,24.76,24.75,24.76,146400.0,139600.0,0,0,0,0,0,0,0,0
1.0,1.0,1.0,,Welcome to the RITC 2026 Liquidity Risk Case - practice server,Good Luck!,98,2026-02-01 11:54:13.298871,RITC,10.12,10.1,10.12,199400.0,193400.0,0,0,0,0,0,0,0,0
,,,,,,98,2026-02-01 11:54:13.298871,COMP,24.76,24.75,24.76,145600.0,139600.0,0,0,0,0,0,0,0,0
1.0,1.0,1.0,,Welcome to the RITC 2026 Liquidity Risk Case - practice server,Good Luck!,99,2026-02-01 11:54:14.341180,RITC,10.12,10.1,10.12,199400.0,196500.0,0,0,0,0,0,0,0,0
,,,,,,99,2026-02-01 11:54:14.341180,COMP,24.76,24.75,24.76,147200.0,139600.0,0,0,0,0,0,0,0,0
1.0,1.0,1.0,,Welcome to the RITC 2026 Liquidity Risk Case - practice server,Good Luck!,100,2026-02-01 11:54:15.371883,RITC,10.09,10.09,10.1,203000.0,199600.0,0,0,0,0,0,0,0,0
,,,,,,100,2026-02-01 11:54:15.371883,COMP,24.79,24.75,24.79,147200.0,137900.0,0,0,0,0,0,0,0,0
1.0,1.0,1.0,,Welcome to the RITC 2026 Liquidity Risk Case - practice server,Good Luck!,101,2026-02-01 11:54:16.407487,RITC,10.12,10.09,10.1,203000.0,196100.0,0,0,0,0,0,0,0,0
,,,,,,101,2026-02-01 11:54:16.407487,COMP,24.79,24.75,24.79,145700.0,137900.0,0,0,0,0,0,0,0,0
1.0,1.0,1.0,,Welcome to the RITC 2026 Liquidity Risk Case - practice server,Good Luck!,102,2026-02-01 11:54:17.439689,RITC,10.1,10.09,10.1,201700.0,197100.0,0,0,0,0,0,0,0,0
,,,,,,102,2026-02-01 11:54:17.439689,COMP,24.79,24.75,24.79,146100.0,138100.0,0,0,0,0,0,0,0,0
1.0,1.0,1.0,,Welcome to the RITC 2026 Liquidity Risk Case - practice server,Good Luck!,103,2026-02-01 11:54:18.458921,RITC,10.1,10.09,10.1,201700.0,199300.0,0,0,0,0,0,0,0,0
,,,,,,103,2026-02-01 11:54:18.458921,COMP,24.83,24.75,24.83,146400.0,139500.0,0,0,0,0,0,0,0,0
1.0,1.0,1.0,,Welcome to the RITC 2026 Liquidity Risk Case - practice server,Good Luck!,104,2026-02-01 11:54:19.496780,RITC,10.09,10.09,10.1,200700.0,197900.0,0,0,0,0,0,0,0,0
,,,,,,104,2026-02-01 11:54:19.496780,COMP,24.87,24.75,24.87,146400.0,139800.0,0,0,0,0,0,0,0,0
1.0,1.0,1.0,,Welcome to the RITC 2026 Liquidity Risk Case - practice server,Good Luck!,105,2026-02-01 11:54:20.527186,RITC,10.08,10.08,10.1,201500.0,200900.0,0,0,0,0,0,0,0,0
,,,,,,105,2026-02-01 11:54:20.527186,COMP,24.88,24.75,24.88,146400.0,141300.0,0,0,0,0,0,0,0,0
1.0,1.0,1.0,,Welcome to the RITC 2026 Liquidity Risk Case - practice server,Good Luck!,106,2026-02-01 11:54:21.566244,RITC,10.07,10.07,10.08,198400.0,202500.0,0,0,0,0,0,0,0,0
,,,,,,106,2026-02-01 11:54:21.566244,COMP,24.9,24.88,24.9,146700.0,140300.0,0,0,0,0,0,0,0,0
1.0,1.0,1.0,,Welcome to the RITC 2026 Liquidity Risk Case - practice server,Good Luck!,107,2026-02-01 11:54:22.595916,RITC,10.07,10.07,10.08,195900.0,205100.0,0,0,0,0,0,0,0,0
,,,,,,107,2026-02-01 11:54:22.595916,COMP,24.9,24.88,24.9,146700.0,139500.0,0,0,0,0,0,0,0,0
1.0,1.0,1.0,,Welcome to the RITC 2026 Liquidity Risk Case - practice server,Good Luck!,108,2026-02-01 11:54:23.641466,RITC,10.07,10.07,10.08,195900.0,204300.0,0,0,0,0,0,0,0,0
,,,,,,108,2026-02-01 11:54:23.641466,COMP,24.9,24.88,24.9,145000.0,139500.0,0,0,0,0,0,0,0,0
1.0,1.0,1.0,,Welcome to the RITC 2026 Liquidity Risk Case - practice server,Good Luck!,109,2026-02-01 11:54:24.678368,RITC,10.07,10.07,10.08,195900.0,201200.0,0,0,0,0,0,0,0,0
,,,,,,109,2026-02-01 11:54:24.678368,COMP,24.9,24.88,24.9,146700.0,139500.0,0,0,0,0,0,0,0,0
1.0,1.0,1.0,,Welcome to the RITC 2026 Liquidity Risk Case - practice server,Good Luck!,110,2026-02-01 11:54:25.708728,RITC,10.05,10.05,10.07,193000.0,203600.0,0,0,0,0,0,0,0,0
,,,,,,110,2026-02-01 11:54:25.708728,COMP,24.91,24.89,24.91,145300.0,139100.0,0,0,0,0,0,0,0,0
1.0,1.0,1.0,,Welcome to the RITC 2026 Liquidity Risk Case - practice server,Good Luck!,111,2026-02-01 11:54:26.730685,RITC,10.05,10.05,10.06,193000.0,204300.0,0,0,0,0,0,0,0,0
,,,,,,111,2026-02-01 11:54:26.730685,COMP,24.91,24.89,24.91,146200.0,139100.0,0,0,0,0,0,0,0,0
1.0,1.0,1.0,,Welcome to the RITC 2026 Liquidity Risk Case - practice server,Good Luck!,112,2026-02-01 11:54:27.761493,RITC,10.05,10.05,10.06,193000.0,203900.0,0,0,0,0,0,0,0,0
,,,,,,112,2026-02-01 11:54:27.761493,COMP,24.91,24.9,24.91,147700.0,139100.0,0,0,0,0,0,0,0,0
1.0,1.0,1.0,,Welcome to the RITC 2026 Liquidity Risk Case - practice server,Good Luck!,113,2026-02-01 11:54:28.791643,RITC,10.03,10.03,10.06,195200.0,203900.0,0,0,0,0,0,0,0,0
,,,,,,113,2026-02-01 11:54:28.791643,COMP,24.92,24.9,24.92,147700.0,139100.0,0,0,0,0,0,0,0,0
1.0,1.0,1.0,,Welcome to the RITC 2026 Liquidity Risk Case - practice server,Good Luck!,114,2026-02-01 11:54:29.818778,RITC,10.03,10.02,10.03,195900.0,203100.0,0,0,0,0,0,0,0,0
,,,,,,114,2026-02-01 11:54:29.818778,COMP,24.92,24.9,24.92,145400.0,139100.0,0,0,0,0,0,0,0,0
1.0,1.0,1.0,,Welcome to the RITC 2026 Liquidity Risk Case - practice server,Good Luck!,115,2026-02-01 11:54:30.841315,RITC,10.01,10.01,10.03,197900.0,202700.0,0,0,0,0,0,0,0,0
,,,,,,115,2026-02-01 11:54:30.841315,COMP,24.92,24.9,24.92,145400.0,139500.0,0,0,0,0,0,0,0,0
1.0,1.0,1.0,,Welcome to the RITC 2026 Liquidity Risk Case - practice server,Good Luck!,116,2026-02-01 11:54:31.858176,RITC,10.01,10.01,10.03,195300.0,201900.0,0,0,0,0,0,0,0,0
,,,,,,116,2026-02-01 11:54:31.858176,COMP,24.93,24.92,24.93,147000.0,140000.0,0,0,0,0,0,0,0,0
1.0,1.0,1.0,,Welcome to the RITC 2026 Liquidity Risk Case - practice server,Good Luck!,117,2026-02-01 11:54:32.892001,RITC,10.01,10.01,10.03,195300.0,200000.0,0,0,0,0,0,0,0,0
,,,,,,117,2026-02-01 11:54:32.892001,COMP,24.94,24.92,24.94,147000.0,141100.0,0,0,0,0,0,0,0,0
1.0,1.0,1.0,,Welcome to the RITC 2026 Liquidity Risk Case - practice server,Good Luck!,118,2026-02-01 11:54:33.926775,RITC,10.01,10.01,10.02,195300.0,204300.0,0,0,0,0,0,0,0,0
,,,,,,118,2026-02-01 11:54:33.926775,COMP,24.94,24.92,24.94,147000.0,139900.0,0,0,0,0,0,0,0,0
1.0,1.0,1.0,,Welcome to the RITC 2026 Liquidity Risk Case - practice server,Good Luck!,119,2026-02-01 11:54:34.957987,RITC,10.01,10.01,10.02,197200.0,204300.0,0,0,0,0,0,0,0,0
,,,,,,119,2026-02-01 11:54:34.957987,COMP,24.94,24.92,24.94,148400.0,139900.0,0,0,0,0,0,0,0,0
1.0,1.0,1.0,,Welcome to the RITC 2026 Liquidity Risk Case - practice server,Good Luck!,120,2026-02-01 11:54:35.991791,RITC,10.0,10.0,10.02,198000.0,203900.0,0,0,0,0,0,0,0,0
,,,,,,120,2026-02-01 11:54:35.991791,COMP,24.94,24.93,24.94,148100.0,139900.0,0,0,0,0,0,0,0,0
1.0,1.0,1.0,,Welcome to the RITC 2026 Liquidity Risk Case - practice server,Good Luck!,121,2026-02-01 11:54:37.014191,RITC,10.0,10.0,10.02,198000.0,204600.0,0,0,0,0,0,0,0,0
,,,,,,121,2026-02-01 11:54:37.014191,COMP,24.94,24.93,24.94,146200.0,139900.0,0,0,0,0,0,0,0,0
1.0,1.0,1.0,,Welcome to the RITC 2026 Liquidity Risk Case - practice server,Good Luck!,122,2026-02-01 11:54:38.048318,RITC,10.0,10.0,10.01,196800.0,203100.0,0,0,0,0,0,0,0,0
,,,,,,122,2026-02-01 11:54:38.048318,COMP,24.95,24.93,24.95,146200.0,141900.0,0,0,0,0,0,0,0,0
1.0,1.0,1.0,,Welcome to the RITC 2026 Liquidity Risk Case - practice server,Good Luck!,123,2026-02-01 11:54:39.071500,RITC,10.0,10.0,10.01,197000.0,203100.0,0,0,0,0,0,0,0,0
,,,,,,123,2026-02-01 11:54:39.071500,COMP,24.95,24.94,24.95,145700.0,141900.0,0,0,0,0,0,0,0,0
1.0,1.0,1.0,,Welcome to the RITC 2026 Liquidity Risk Case - practice server,Good Luck!,124,2026-02-01 11:54:40.092130,RITC,10.0,10.0,10.01,198000.0,202400.0,0,0,0,0,0,0,0,0
,,,,,,124,2026-02-01 11:54:40.092130,COMP,24.97,24.94,24.97,145700.0,140900.0,0,0,0,0,0,0,0,0
1.0,1.0,1.0,,Welcome to the RITC 2026 Liquidity Risk Case - practice server,Good Luck!,126,2026-02-01 11:54:41.191014,RITC,9.99,9.99,10.01,202700.0,202400.0,0,0,0,0,0,0,0,0
,,,,,,126,2026-02-01 11:54:41.191014,COMP,24.99,24.94,24.99,145700.0,141000.0,0,0,0,0,0,0,0,0
1.0,1.0,1.0,,Welcome to the RITC 2026 Liquidity Risk Case - practice server,Good Luck!,127,2026-02-01 11:54:42.213602,RITC,9.99,9.99,10.01,202700.0,205800.0,0,0,0,0,0,0,0,0
,,,,,,127,2026-02-01 11:54:42.213602,COMP,25.0,24.94,25.0,145000.0,141900.0,0,0,0,0,0,0,0,0
1.0,1.0,1.0,,Welcome to the RITC 2026 Liquidity Risk Case - practice server,Good Luck!,128,2026-02-01 11:54:43.236543,RITC,9.99,9.99,10.0,202700.0,206700.0,0,0,0,0,0,0,0,0
,,,,,,128,2026-02-01 11:54:43.236543,COMP,25.0,24.98,25.0,142400.0,141900.0,0,0,0,0,0,0,0,0
1.0,1.0,1.0,,Welcome to the RITC 2026 Liquidity Risk Case - practice server,Good Luck!,129,2026-02-01 11:54:44.276820,RITC,9.99,9.99,10.0,202700.0,207000.0,0,0,0,0,0,0,0,0
,,,,,,129,2026-02-01 11:54:44.276820,COMP,25.0,24.98,25.0,139400.0,141900.0,0,0,0,0,0,0,0,0
1.0,1.0,1.0,,Welcome to the RITC 2026 Liquidity Risk Case - practice server,Good Luck!,130,2026-02-01 11:54:45.306534,RITC,9.99,9.99,10.0,202700.0,204000.0,0,0,0,0,0,0,0,0
,,,,,,130,2026-02-01 11:54:45.306534,COMP,25.01,24.98,25.01,139400.0,142000.0,0,0,0,0,0,0,0,0
1.0,1.0,1.0,,Welcome to the RITC 2026 Liquidity Risk Case - practice server,Good Luck!,131,2026-02-01 11:54:46.335230,RITC,9.98,9.98,10.0,206100.0,201500.0,0,0,0,0,0,0,0,0
,,,,,,131,2026-02-01 11:54:46.335230,COMP,25.01,24.98,25.01,137200.0,142000.0,0,0,0,0,0,0,0,0
1.0,1.0,1.0,,Welcome to the RITC 2026 Liquidity Risk Case - practice server,Good Luck!,132,2026-02-01 11:54:47.363817,RITC,9.98,9.98,10.0,206100.0,198900.0,0,0,0,0,0,0,0,0
,,,,,,132,2026-02-01 11:54:47.363817,COMP,25.01,24.98,25.01,137200.0,140400.0,0,0,0,0,0,0,0,0
1.0,1.0,1.0,,Welcome to the RITC 2026 Liquidity Risk Case - practice server,Good Luck!,133,2026-02-01 11:54:48.389815,RITC,10.0,9.98,10.0,206100.0,198900.0,0,0,0,0,0,0,0,0
,,,,,,133,2026-02-01 11:54:48.389815,COMP,25.01,24.98,25.01,135800.0,140400.0,0,0,0,0,0,0,0,0
1.0,1.0,1.0,,Welcome to the RITC 2026 Liquidity Risk Case - practice server,Good Luck!,134,2026-02-01 11:54:49.417235,RITC,10.0,9.98,10.0,204300.0,199300.0,0,0,0,0,0,0,0,0
,,,,,,134,2026-02-01 11:54:49.417235,COMP,25.01,24.98,25.01,135800.0,140400.0,0,0,0,0,0,0,0,0
1.0,1.0,1.0,,Welcome to the RITC 2026 Liquidity Risk Case - practice server,Good Luck!,135,2026-02-01 11:54:50.441025,RITC,10.0,9.98,10.0,204300.0,200800.0,0,0,0,0,0,0,0,0
,,,,,,135,2026-02-01 11:54:50.441025,COMP,25.01,24.98,25.01,135400.0,140400.0,0,0,0,0,0,0,0,0
1.0,1.0,1.0,,Welcome to the RITC 2026 Liquidity Risk Case - practice server,Good Luck!,136,2026-02-01 11:54:51.459612,RITC,10.0,9.99,10.0,202200.0,200800.0,0,0,0,0,0,0,0,0
,,,,,,136,2026-02-01 11:54:51.459612,COMP,25.01,24.98,25.01,136700.0,140400.0,0,0,0,0,0,0,0,0
1.0,1.0,1.0,,Welcome to the RITC 2026 Liquidity Risk Case - practice server,Good Luck!,137,2026-02-01 11:54:52.486886,RITC,10.0,9.99,10.0,201200.0,200800.0,0,0,0,0,0,0,0,0
,,,,,,137,2026-02-01 11:54:52.486886,COMP,25.01,24.98,25.01,136700.0,140400.0,0,0,0,0,0,0,0,0
1.0,1.0,1.0,,Welcome to the RITC 2026 Liquidity Risk Case - practice server,Good Luck!,138,2026-02-01 11:54:53.511554,RITC,9.99,9.99,10.01,203700.0,202600.0,0,0,0,0,0,0,0,0
,,,,,,138,2026-02-01 11:54:53.511554,COMP,25.01,24.98,25.01,136700.0,138400.0,0,0,0,0,0,0,0,0
1.0,1.0,1.0,,Welcome to the RITC 2026 Liquidity Risk Case - practice server,Good Luck!,139,2026-02-01 11:54:54.536917,RITC,10.01,9.99,10.01,203700.0,205600.0,0,0,0,0,0,0,0,0
,,,,,,139,2026-02-01 11:54:54.536917,COMP,25.02,24.98,25.02,135400.0,138100.0,0,0,0,0,0,0,0,0
1.0,1.0,1.0,,Welcome to the RITC 2026 Liquidity Risk Case - practice server,Good Luck!,140,2026-02-01 11:54:55.566447,RITC,10.01,9.99,10.01,204100.0,205600.0,0,0,0,0,0,0,0,0
,,,,,,140,2026-02-01 11:54:55.566447,COMP,25.02,24.98,25.02,134800.0,138100.0,0,0,0,0,0,0,0,0
1.0,1.0,1.0,,Welcome to the RITC 2026 Liquidity Risk Case - practice server,Good Luck!,141,2026-02-01 11:54:56.596782,RITC,10.01,9.99,10.01,204100.0,203500.0,0,0,0,0,0,0,0,0
,,,,,,141,2026-02-01 11:54:56.596782,COMP,25.02,25.02,25.03,132700.0,138500.0,0,0,0,0,0,0,0,0
1.0,1.0,1.0,,Welcome to the RITC 2026 Liquidity Risk Case - practice server,Good Luck!,142,2026-02-01 11:54:57.616626,RITC,10.01,9.99,10.01,203200.0,204500.0,0,0,0,0,0,0,0,0
,,,,,,142,2026-02-01 11:54:57.616626,COMP,25.05,25.04,25.05,133500.0,140500.0,0,0,0,0,0,0,0,0
1.0,1.0,1.0,,Welcome to the RITC 2026 Liquidity Risk Case - practice server,Good Luck!,143,2026-02-01 11:54:58.636674,RITC,10.01,9.99,10.01,202900.0,204000.0,0,0,0,0,0,0,0,0
,,,,,,143,2026-02-01 11:54:58.636674,COMP,25.06,25.04,25.06,133500.0,140700.0,0,0,0,0,0,0,0,0
1.0,1.0,1.0,,Welcome to the RITC 2026 Liquidity Risk Case - practice server,Good Luck!,144,2026-02-01 11:54:59.666388,RITC,10.13,9.99,10.02,201000.0,203900.0,0,0,0,0,0,0,0,0
,,,,,,144,2026-02-01 11:54:59.666388,COMP,25.08,25.04,25.08,133500.0,140900.0,0,0,0,0,0,0,0,0
1.0,1.0,1.0,,Welcome to the RITC 2026 Liquidity Risk Case - practice server,Good Luck!,145,2026-02-01 11:55:00.686617,RITC,10.02,9.99,10.02,199800.0,203900.0,0,0,0,0,0,0,0,0
,,,,,,145,2026-02-01 11:55:00.686617,COMP,25.09,25.04,25.09,133500.0,138700.0,0,0,0,0,0,0,0,0
1.0,1.0,1.0,,Welcome to the RITC 2026 Liquidity Risk Case - practice server,Good Luck!,146,2026-02-01 11:55:01.720369,RITC,10.03,9.99,10.03,198900.0,203900.0,0,0,0,0,0,0,0,0
,,,,,,146,2026-02-01 11:55:01.720369,COMP,24.98,24.98,25.09,134800.0,138700.0,0,0,0,0,0,0,0,0
1.0,1.0,1.0,,Welcome to the RITC 2026 Liquidity Risk Case - practice server,Good Luck!,147,2026-02-01 11:55:02.749509,RITC,10.03,9.99,10.03,200000.0,203900.0,0,0,0,0,0,0,0,0
,,,,,,147,2026-02-01 11:55:02.749509,COMP,24.98,25.05,25.08,134400.0,139500.0,0,0,0,0,0,0,0,0
1.0,1.0,1.0,,Welcome to the RITC 2026 Liquidity Risk Case - practice server,Good Luck!,148,2026-02-01 11:55:03.771390,RITC,10.05,9.99,10.05,198100.0,202600.0,0,0,0,0,0,0,0,0
,,,,,,148,2026-02-01 11:55:03.771390,COMP,24.98,25.05,25.08,134400.0,139500.0,0,0,0,0,0,0,0,0
1.0,1.0,1.0,,Welcome to the RITC 2026 Liquidity Risk Case - practice server,Good Luck!,149,2026-02-01 11:55:04.796609,RITC,10.05,9.99,10.05,199700.0,202600.0,0,0,0,0,0,0,0,0
,,,,,,149,2026-02-01 11:55:04.796609,COMP,25.08,25.05,25.08,134400.0,140200.0,0,0,0,0,0,0,0,0
1.0,1.0,1.0,,Welcome to the RITC 2026 Liquidity Risk Case - practice server,Good Luck!,150,2026-02-01 11:55:05.816645,RITC,10.06,10.05,10.06,198800.0,204300.0,0,0,0,0,0,0,0,0
,,,,,,150,2026-02-01 11:55:05.816645,COMP,25.08,25.05,25.08,134400.0,139700.0,0,0,0,0,0,0,0,0
1.0,1.0,1.0,,Welcome to the RITC 2026 Liquidity Risk Case - practice server,Good Luck!,151,2026-02-01 11:55:06.840232,RITC,10.05,9.99,10.05,199700.0,201700.0,0,0,0,0,0,0,0,0
,,,,,,151,2026-02-01 11:55:06.840232,COMP,25.08,25.05,25.08,134400.0,139400.0,0,0,0,0,0,0,0,0
1.0,1.0,1.0,,Welcome to the RITC 2026 Liquidity Risk Case - practice server,Good Luck!,152,2026-02-01 11:55:07.880590,RITC,10.05,10.02,10.05,201300.0,201700.0,0,0,0,0,0,0,0,0
,,,,,,152,2026-02-01 11:55:07.880590,COMP,25.05,25.05,25.09,134400.0,140400.0,0,0,0,0,0,0,0,0
1.0,1.0,1.0,,Welcome to the RITC 2026 Liquidity Risk Case - practice server,Good Luck!,153,2026-02-01 11:55:08.906618,RITC,10.05,10.02,10.05,204500.0,201700.0,0,0,0,0,0,0,0,0
,,,,,,153,2026-02-01 11:55:08.906618,COMP,25.1,25.05,25.1,134400.0,140000.0,0,0,0,0,0,0,0,0
1.0,1.0,1.0,,Welcome to the RITC 2026 Liquidity Risk Case - practice server,Good Luck!,154,2026-02-01 11:55:09.926040,RITC,10.06,10.04,10.06,201700.0,203600.0,0,0,0,0,0,0,0,0
,,,,,,154,2026-02-01 11:55:09.926040,COMP,25.0,24.98,25.0,134800.0,140100.0,0,0,0,0,0,0,0,0
1.0,1.0,1.0,,Welcome to the RITC 2026 Liquidity Risk Case - practice server,Good Luck!,155,2026-02-01 11:55:10.956519,RITC,10.06,10.05,10.06,200000.0,203600.0,0,0,0,0,0,0,0,0
,,,,,,155,2026-02-01 11:55:10.956519,COMP,25.0,24.98,25.0,135100.0,140100.0,0,0,0,0,0,0,0,0
1.0,1.0,1.0,,Welcome to the RITC 2026 Liquidity Risk Case - practice server,Good Luck!,156,2026-02-01 11:55:11.976670,RITC,10.07,10.06,10.07,200900.0,204000.0,0,0,0,0,0,0,0,0
,,,,,,156,2026-02-01 11:55:11.976670,COMP,24.98,24.98,25.0,139500.0,140100.0,0,0,0,0,0,0,0,0
1.0,1.0,1.0,,Welcome to the RITC 2026 Liquidity Risk Case - practice server,Good Luck!,157,2026-02-01 11:55:12.992933,RITC,10.07,10.06,10.07,200900.0,204000.0,0,0,0,0,0,0,0,0
,,,,,,157,2026-02-01 11:55:12.992933,COMP,24.98,24.98,25.0,139500.0,139400.0,0,0,0,0,0,0,0,0
1.0,1.0,1.0,,Welcome to the RITC 2026 Liquidity Risk Case - practice server,Good Luck!,158,2026-02-01 11:55:14.016931,RITC,10.07,10.07,10.08,202000.0,201900.0,0,0,0,0,0,0,0,0
,,,,,,158,2026-02-01 11:55:14.016931,COMP,25.01,25.06,25.1,139300.0,140000.0,0,0,0,0,0,0,0,0
1.0,1.0,1.0,,Welcome to the RITC 2026 Liquidity Risk Case - practice server,Good Luck!,159,2026-02-01 11:55:15.044751,RITC,10.08,10.07,10.08,204900.0,202800.0,0,0,0,0,0,0,0,0
,,,,,,159,2026-02-01 11:55:15.044751,COMP,25.01,25.06,25.1,138600.0,140000.0,0,0,0,0,0,0,0,0
1.0,1.0,1.0,,Welcome to the RITC 2026 Liquidity Risk Case - practice server,Good Luck!,160,2026-02-01 11:55:16.076090,RITC,10.08,10.05,10.08,200600.0,201100.0,0,0,0,0,0,0,0,0
,,,,,,160,2026-02-01 11:55:16.076090,COMP,25.08,25.06,25.08,138600.0,140300.0,0,0,0,0,0,0,0,0
1.0,1.0,1.0,,Welcome to the RITC 2026 Liquidity Risk Case - practice server,Good Luck!,161,2026-02-01 11:55:17.110761,RITC,10.08,10.05,10.08,203200.0,200200.0,0,0,0,0,0,0,0,0
,,,,,,161,2026-02-01 11:55:17.110761,COMP,25.06,25.06,25.08,138600.0,140300.0,0,0,0,0,0,0,0,0
1.0,1.0,1.0,,Welcome to the RITC 2026 Liquidity Risk Case - practice server,Good Luck!,162,2026-02-01 11:55:18.128079,RITC,10.08,10.05,10.08,203200.0,200000.0,0,0,0,0,0,0,0,0
,,,,,,162,2026-02-01 11:55:18.128079,COMP,25.06,25.06,25.07,140700.0,140000.0,0,0,0,0,0,0,0,0
1.0,1.0,1.0,,Welcome to the RITC 2026 Liquidity Risk Case - practice server,Good Luck!,163,2026-02-01 11:55:19.142041,RITC,10.08,10.07,10.08,202000.0,200000.0,0,0,0,0,0,0,0,0
,,,,,,163,2026-02-01 11:55:19.142041,COMP,25.06,25.06,25.07,139800.0,140000.0,0,0,0,0,0,0,0,0
1.0,1.0,1.0,,Welcome to the RITC 2026 Liquidity Risk Case - practice server,Good Luck!,164,2026-02-01 11:55:20.180760,RITC,10.05,10.05,10.06,203200.0,196400.0,0,0,0,0,0,0,0,0
,,,,,,164,2026-02-01 11:55:20.180760,COMP,25.08,25.06,25.08,139800.0,138300.0,0,0,0,0,0,0,0,0
1.0,1.0,1.0,,Welcome to the RITC 2026 Liquidity Risk Case - practice server,Good Luck!,165,2026-02-01 11:55:21.196667,RITC,10.05,10.05,10.06,203200.0,197100.0,0,0,0,0,0,0,0,0
,,,,,,165,2026-02-01 11:55:21.196667,COMP,25.1,25.06,25.1,139800.0,139200.0,0,0,0,0,0,0,0,0
1.0,1.0,1.0,,Welcome to the RITC 2026 Liquidity Risk Case - practice server,Good Luck!,166,2026-02-01 11:55:22.232664,RITC,10.05,10.05,10.06,203200.0,197100.0,0,0,0,0,0,0,0,0
,,,,,,166,2026-02-01 11:55:22.232664,COMP,25.1,25.06,25.07,142100.0,140100.0,0,0,0,0,0,0,0,0
1.0,1.0,1.0,,Welcome to the RITC 2026 Liquidity Risk Case - practice server,Good Luck!,167,2026-02-01 11:55:23.252179,RITC,10.05,10.05,10.06,204200.0,197100.0,0,0,0,0,0,0,0,0
,,,,,,167,2026-02-01 11:55:23.252179,COMP,25.06,25.06,25.07,140000.0,140100.0,0,0,0,0,0,0,0,0
1.0,1.0,1.0,,Welcome to the RITC 2026 Liquidity Risk Case - practice server,Good Luck!,168,2026-02-01 11:55:24.277796,RITC,10.02,10.02,10.06,205700.0,197100.0,0,0,0,0,0,0,0,0
,,,,,,168,2026-02-01 11:55:24.277796,COMP,25.06,25.06,25.07,138600.0,139900.0,0,0,0,0,0,0,0,0
1.0,1.0,1.0,,Welcome to the RITC 2026 Liquidity Risk Case - practice server,Good Luck!,169,2026-02-01 11:55:25.295018,RITC,10.02,10.05,10.06,204300.0,197700.0,0,0,0,0,0,0,0,0
,,,,,,169,2026-02-01 11:55:25.295018,COMP,25.06,25.06,25.07,138600.0,141700.0,0,0,0,0,0,0,0,0
1.0,1.0,1.0,,Welcome to the RITC 2026 Liquidity Risk Case - practice server,Good Luck!,170,2026-02-01 11:55:26.332083,RITC,10.02,10.02,10.06,205700.0,197700.0,0,0,0,0,0,0,0,0
,,,,,,170,2026-02-01 11:55:26.332083,COMP,25.03,25.03,25.07,136400.0,141700.0,0,0,0,0,0,0,0,0
1.0,1.0,1.0,,Welcome to the RITC 2026 Liquidity Risk Case - practice server,Good Luck!,171,2026-02-01 11:55:27.360691,RITC,10.04,10.04,10.06,206000.0,197500.0,0,0,0,0,0,0,0,0
,,,,,,171,2026-02-01 11:55:27.360691,COMP,25.03,25.04,25.07,137500.0,141700.0,0,0,0,0,0,0,0,0
1.0,1.0,1.0,,Welcome to the RITC 2026 Liquidity Risk Case - practice server,Good Luck!,173,2026-02-01 11:55:28.390809,RITC,10.08,10.06,10.08,205800.0,194600.0,0,0,0,0,0,0,0,0
,,,,,,173,2026-02-01 11:55:28.390809,COMP,25.03,25.03,25.07,136400.0,140500.0,0,0,0,0,0,0,0,0
1.0,1.0,1.0,,Welcome to the RITC 2026 Liquidity Risk Case - practice server,Good Luck!,174,2026-02-01 11:55:29.419504,RITC,10.08,10.04,10.08,206000.0,196900.0,0,0,0,0,0,0,0,0
,,,,,,174,2026-02-01 11:55:29.419504,COMP,25.03,25.03,25.07,137900.0,140500.0,0,0,0,0,0,0,0,0
1.0,1.0,1.0,,Welcome to the RITC 2026 Liquidity Risk Case - practice server,Good Luck!,175,2026-02-01 11:55:30.451180,RITC,10.02,10.02,10.05,204600.0,194000.0,0,0,0,0,0,0,0,0
,,,,,,175,2026-02-01 11:55:30.451180,COMP,25.0,25.0,25.07,137000.0,139800.0,0,0,0,0,0,0,0,0
1.0,1.0,1.0,,Welcome to the RITC 2026 Liquidity Risk Case - practice server,Good Luck!,176,2026-02-01 11:55:31.484974,RITC,10.02,10.03,10.05,203900.0,194000.0,0,0,0,0,0,0,0,0
,,,,,,176,2026-02-01 11:55:31.484974,COMP,25.0,25.02,25.07,138200.0,139800.0,0,0,0,0,0,0,0,0
1.0,1.0,1.0,,Welcome to the RITC 2026 Liquidity Risk Case - practice server,Good Luck!,177,2026-02-01 11:55:32.506472,RITC,10.02,10.04,10.05,200700.0,194000.0,0,0,0,0,0,0,0,0
,,,,,,177,2026-02-01 11:55:32.506472,COMP,25.0,25.02,25.03,138200.0,139600.0,0,0,0,0,0,0,0,0
1.0,1.0,1.0,,Welcome to the RITC 2026 Liquidity Risk Case - practice server,Good Luck!,178,2026-02-01 11:55:33.525067,RITC,10.05,10.05,10.08,198600.0,196900.0,0,0,0,0,0,0,0,0
,,,,,,178,2026-02-01 11:55:33.525067,COMP,25.03,25.02,25.03,138200.0,139800.0,0,0,0,0,0,0,0,0
1.0,1.0,1.0,,Welcome to the RITC 2026 Liquidity Risk Case - practice server,Good Luck!,179,2026-02-01 11:55:34.556670,RITC,10.05,10.05,10.08,198600.0,193500.0,0,0,0,0,0,0,0,0
,,,,,,179,2026-02-01 11:55:34.556670,COMP,25.0,25.0,25.03,137000.0,139800.0,0,0,0,0,0,0,0,0
1.0,1.0,1.0,,Welcome to the RITC 2026 Liquidity Risk Case - practice server,Good Luck!,180,2026-02-01 11:55:35.591245,RITC,10.05,10.05,10.08,199900.0,192200.0,0,0,0,0,0,0,0,0
,,,,,,180,2026-02-01 11:55:35.591245,COMP,25.07,25.0,25.07,137000.0,140100.0,0,0,0,0,0,0,0,0
1.0,1.0,1.0,,Welcome to the RITC 2026 Liquidity Risk Case - practice server,Good Luck!,181,2026-02-01 11:55:36.618868,RITC,10.05,10.05,10.07,202200.0,193500.0,0,0,0,0,0,0,0,0
,,,,,,181,2026-02-01 11:55:36.618868,COMP,25.07,25.0,25.07,137000.0,140400.0,0,0,0,0,0,0,0,0
1.0,1.0,1.0,,Welcome to the RITC 2026 Liquidity Risk Case - practice server,Good Luck!,182,2026-02-01 11:55:37.650858,RITC,10.07,10.07,10.08,204200.0,192200.0,0,0,0,0,0,0,0,0
,,,,,,182,2026-02-01 11:55:37.650858,COMP,24.98,24.98,25.07,139500.0,140400.0,0,0,0,0,0,0,0,0
1.0,1.0,1.0,,Welcome to the RITC 2026 Liquidity Risk Case - practice server,Good Luck!,183,2026-02-01 11:55:38.678773,RITC,10.05,10.05,10.08,202900.0,192300.0,0,0,0,0,0,0,0,0
,,,,,,183,2026-02-01 11:55:38.678773,COMP,24.98,24.98,25.07,139500.0,140400.0,0,0,0,0,0,0,0,0
1.0,1.0,1.0,,Welcome to the RITC 2026 Liquidity Risk Case - practice server,Good Luck!,184,2026-02-01 11:55:39.711065,RITC,10.05,10.05,10.08,204700.0,195300.0,0,0,0,0,0,0,0,0
,,,,,,184,2026-02-01 11:55:39.711065,COMP,24.98,24.98,25.01,139500.0,142000.0,0,0,0,0,0,0,0,0
1.0,1.0,1.0,,Welcome to the RITC 2026 Liquidity Risk Case - practice server,Good Luck!,185,2026-02-01 11:55:40.742292,RITC,10.08,10.05,10.08,204700.0,193400.0,0,0,0,0,0,0,0,0
,,,,,,185,2026-02-01 11:55:40.742292,COMP,25.01,24.98,25.01,139500.0,142000.0,0,0,0,0,0,0,0,0
1.0,1.0,1.0,,Welcome to the RITC 2026 Liquidity Risk Case - practice server,Good Luck!,186,2026-02-01 11:55:41.761071,RITC,10.05,10.05,10.08,204700.0,193400.0,0,0,0,0,0,0,0,0
,,,,,,186,2026-02-01 11:55:41.761071,COMP,25.01,24.98,25.01,137900.0,143000.0,0,0,0,0,0,0,0,0
1.0,1.0,1.0,,Welcome to the RITC 2026 Liquidity Risk Case - practice server,Good Luck!,187,2026-02-01 11:55:42.776615,RITC,10.05,10.05,10.06,204700.0,192300.0,0,0,0,0,0,0,0,0
,,,,,,187,2026-02-01 11:55:42.776615,COMP,24.97,24.97,25.01,135300.0,143000.0,0,0,0,0,0,0,0,0
1.0,1.0,1.0,,Welcome to the RITC 2026 Liquidity Risk Case - practice server,Good Luck!,188,2026-02-01 11:55:43.815576,RITC,10.04,10.04,10.06,202500.0,190400.0,0,0,0,0,0,0,0,0
,,,,,,188,2026-02-01 11:55:43.815576,COMP,24.97,24.97,25.01,135300.0,141900.0,0,0,0,0,0,0,0,0
1.0,1.0,1.0,,Welcome to the RITC 2026 Liquidity Risk Case - practice server,Good Luck!,189,2026-02-01 11:55:44.849455,RITC,10.06,10.05,10.06,203100.0,190400.0,0,0,0,0,0,0,0,0
,,,,,,189,2026-02-01 11:55:44.849455,COMP,25.03,24.97,25.03,135300.0,142300.0,0,0,0,0,0,0,0,0
1.0,1.0,1.0,,Welcome to the RITC 2026 Liquidity Risk Case - practice server,Good Luck!,190,2026-02-01 11:55:45.873089,RITC,10.07,10.05,10.07,203100.0,191200.0,0,0,0,0,0,0,0,0
,,,,,,190,2026-02-01 11:55:45.873089,COMP,25.05,24.97,25.05,135300.0,142100.0,0,0,0,0,0,0,0,0
1.0,1.0,1.0,,Welcome to the RITC 2026 Liquidity Risk Case - practice server,Good Luck!,191,2026-02-01 11:55:46.890509,RITC,10.07,10.05,10.06,203100.0,192800.0,0,0,0,0,0,0,0,0
,,,,,,191,2026-02-01 11:55:46.890509,COMP,25.05,24.97,25.05,134800.0,142100.0,0,0,0,0,0,0,0,0
1.0,1.0,1.0,,Welcome to the RITC 2026 Liquidity Risk Case - practice server,Good Luck!,192,2026-02-01 11:55:47.916428,RITC,10.07,10.05,10.06,203100.0,193200.0,0,0,0,0,0,0,0,0
,,,,,,192,2026-02-01 11:55:47.916428,COMP,25.05,24.97,24.99,134800.0,144000.0,0,0,0,0,0,0,0,0
1.0,1.0,1.0,,Welcome to the RITC 2026 Liquidity Risk Case - practice server,Good Luck!,193,2026-02-01 11:55:48.960127,RITC,10.05,10.05,10.06,203100.0,190400.0,0,0,0,0,0,0,0,0
,,,,,,193,2026-02-01 11:55:48.960127,COMP,25.05,24.97,24.98,134800.0,143700.0,0,0,0,0,0,0,0,0
1.0,1.0,1.0,,Welcome to the RITC 2026 Liquidity Risk Case - practice server,Good Luck!,194,2026-02-01 11:55:49.990705,RITC,10.04,10.04,10.05,201700.0,188600.0,0,0,0,0,0,0,0,0
,,,,,,194,2026-02-01 11:55:49.990705,COMP,24.96,24.96,24.99,135800.0,144000.0,0,0,0,0,0,0,0,0
1.0,1.0,1.0,,Welcome to the RITC 2026 Liquidity Risk Case - practice server,Good Luck!,195,2026-02-01 11:55:51.016256,RITC,10.03,10.03,10.05,201400.0,188600.0,0,0,0,0,0,0,0,0
,,,,,,195,2026-02-01 11:55:51.016256,COMP,24.96,24.96,24.99,135800.0,144000.0,0,0,0,0,0,0,0,0
1.0,1.0,1.0,,Welcome to the RITC 2026 Liquidity Risk Case - practice server,Good Luck!,196,2026-02-01 11:55:52.036372,RITC,10.03,10.03,10.05,201400.0,188400.0,0,0,0,0,0,0,0,0
,,,,,,196,2026-02-01 11:55:52.036372,COMP,24.96,24.97,24.99,134700.0,143400.0,0,0,0,0,0,0,0,0
1.0,1.0,1.0,,Welcome to the RITC 2026 Liquidity Risk Case - practice server,Good Luck!,197,2026-02-01 11:55:53.056425,RITC,10.02,10.02,10.05,203200.0,188400.0,0,0,0,0,0,0,0,0
,,,,,,197,2026-02-01 11:55:53.056425,COMP,24.96,24.97,24.99,134700.0,143000.0,0,0,0,0,0,0,0,0
1.0,1.0,1.0,,Welcome to the RITC 2026 Liquidity Risk Case - practice server,Good Luck!,198,2026-02-01 11:55:54.066798,RITC,10.02,10.02,10.05,203200.0,190900.0,0,0,0,0,0,0,0,0
,,,,,,198,2026-02-01 11:55:54.066798,COMP,24.96,24.96,24.99,135800.0,143000.0,0,0,0,0,0,0,0,0
1.0,1.0,1.0,,Welcome to the RITC 2026 Liquidity Risk Case - practice server,Good Luck!,199,2026-02-01 11:55:55.086759,RITC,10.01,10.01,10.05,202000.0,189100.0,0,0,0,0,0,0,0,0
,,,,,,199,2026-02-01 11:55:55.086759,COMP,25.01,24.96,25.01,135800.0,142000.0,0,0,0,0,0,0,0,0
1.0,1.0,1.0,,Welcome to the RITC 2026 Liquidity Risk Case - practice server,Good Luck!,200,2026-02-01 11:55:56.111191,RITC,10.01,10.01,10.04,202000.0,188500.0,0,0,0,0,0,0,0,0
,,,,,,200,2026-02-01 11:55:56.111191,COMP,24.96,24.96,25.01,135800.0,142000.0,0,0,0,0,0,0,0,0
1.0,1.0,1.0,,Welcome to the RITC 2026 Liquidity Risk Case - practice server,Good Luck!,201,2026-02-01 11:55:57.135879,RITC,10.01,10.01,10.04,200300.0,187600.0,0,0,0,0,0,0,0,0
,,,,,,201,2026-02-01 11:55:57.135879,COMP,24.96,24.96,25.01,137700.0,142000.0,0,0,0,0,0,0,0,0
1.0,1.0,1.0,,Welcome to the RITC 2026 Liquidity Risk Case - practice server,Good Luck!,202,2026-02-01 11:55:58.152437,RITC,10.04,10.01,10.04,200300.0,187600.0,0,0,0,0,0,0,0,0
,,,,,,202,2026-02-01 11:55:58.152437,COMP,24.96,24.96,25.01,136500.0,142000.0,0,0,0,0,0,0,0,0
1.0,1.0,1.0,,Welcome to the RITC 2026 Liquidity Risk Case - practice server,Good Luck!,203,2026-02-01 11:55:59.178974,RITC,10.04,10.01,10.03,200300.0,187300.0,0,0,0,0,0,0,0,0
,,,,,,203,2026-02-01 11:55:59.178974,COMP,24.94,24.94,25.01,138900.0,142000.0,0,0,0,0,0,0,0,0
1.0,1.0,1.0,,Welcome to the RITC 2026 Liquidity Risk Case - practice server,Good Luck!,204,2026-02-01 11:56:00.196510,RITC,10.0,9.99,10.0,201100.0,187500.0,0,0,0,0,0,0,0,0
,,,,,,204,2026-02-01 11:56:00.196510,COMP,25.01,24.94,25.03,138900.0,142600.0,0,0,0,0,0,0,0,0
1.0,1.0,1.0,,Welcome to the RITC 2026 Liquidity Risk Case - practice server,Good Luck!,205,2026-02-01 11:56:01.229455,RITC,10.02,9.99,10.02,201100.0,187800.0,0,0,0,0,0,0,0,0
,,,,,,205,2026-02-01 11:56:01.229455,COMP,25.01,24.94,24.97,139400.0,143900.0,0,0,0,0,0,0,0,0
1.0,1.0,1.0,,Welcome to the RITC 2026 Liquidity Risk Case - practice server,Good Luck!,206,2026-02-01 11:56:02.266673,RITC,9.99,9.99,10.01,201500.0,185200.0,0,0,0,0,0,0,0,0
,,,,,,206,2026-02-01 11:56:02.266673,COMP,25.01,24.94,24.97,138200.0,143900.0,0,0,0,0,0,0,0,0
1.0,1.0,1.0,,Welcome to the RITC 2026 Liquidity Risk Case - practice server,Good Luck!,207,2026-02-01 11:56:03.299971,RITC,9.99,9.99,10.01,202700.0,185000.0,0,0,0,0,0,0,0,0
,,,,,,207,2026-02-01 11:56:03.299971,COMP,24.94,24.94,24.96,138000.0,143900.0,0,0,0,0,0,0,0,0
1.0,1.0,1.0,,Welcome to the RITC 2026 Liquidity Risk Case - practice server,Good Luck!,208,2026-02-01 11:56:04.316781,RITC,9.99,9.99,10.01,202700.0,185000.0,0,0,0,0,0,0,0,0
,,,,,,208,2026-02-01 11:56:04.316781,COMP,24.96,24.94,24.96,138000.0,143900.0,0,0,0,0,0,0,0,0
1.0,1.0,1.0,,Welcome to the RITC 2026 Liquidity Risk Case - practice server,Good Luck!,209,2026-02-01 11:56:05.337007,RITC,10.01,9.99,10.01,202700.0,185400.0,0,0,0,0,0,0,0,0
,,,,,,209,2026-02-01 11:56:05.337007,COMP,24.96,24.94,24.96,139200.0,143900.0,0,0,0,0,0,0,0,0
1.0,1.0,1.0,,Welcome to the RITC 2026 Liquidity Risk Case - practice server,Good Luck!,210,2026-02-01 11:56:06.356329,RITC,10.01,10.0,10.01,201900.0,185400.0,0,0,0,0,0,0,0,0
,,,,,,210,2026-02-01 11:56:06.356329,COMP,24.97,24.97,25.03,138900.0,142600.0,0,0,0,0,0,0,0,0
1.0,1.0,1.0,,Welcome to the RITC 2026 Liquidity Risk Case - practice server,Good Luck!,211,2026-02-01 11:56:07.391511,RITC,10.02,10.0,10.02,201900.0,188900.0,0,0,0,0,0,0,0,0
,,,,,,211,2026-02-01 11:56:07.391511,COMP,25.05,24.97,25.05,138900.0,142100.0,0,0,0,0,0,0,0,0
1.0,1.0,1.0,,Welcome to the RITC 2026 Liquidity Risk Case - practice server,Good Luck!,212,2026-02-01 11:56:08.416567,RITC,10.0,10.0,10.03,201900.0,188400.0,0,0,0,0,0,0,0,0
,,,,,,212,2026-02-01 11:56:08.416567,COMP,25.05,25.06,25.07,138200.0,141900.0,0,0,0,0,0,0,0,0
1.0,1.0,1.0,,Welcome to the RITC 2026 Liquidity Risk Case - practice server,Good Luck!,213,2026-02-01 11:56:09.456746,RITC,9.99,9.99,10.03,202900.0,188400.0,0,0,0,0,0,0,0,0
,,,,,,213,2026-02-01 11:56:09.456746,COMP,25.05,25.06,25.07,138200.0,141900.0,0,0,0,0,0,0,0,0
1.0,1.0,1.0,,Welcome to the RITC 2026 Liquidity Risk Case - practice server,Good Luck!,214,2026-02-01 11:56:10.497695,RITC,10.03,9.99,10.03,204400.0,188400.0,0,0,0,0,0,0,0,0
,,,,,,214,2026-02-01 11:56:10.497695,COMP,25.06,24.97,25.03,138900.0,142700.0,0,0,0,0,0,0,0,0
1.0,1.0,1.0,,Welcome to the RITC 2026 Liquidity Risk Case - practice server,Good Luck!,215,2026-02-01 11:56:11.526640,RITC,10.03,9.99,10.03,204400.0,185600.0,0,0,0,0,0,0,0,0
,,,,,,215,2026-02-01 11:56:11.526640,COMP,25.07,25.01,25.07,138600.0,141900.0,0,0,0,0,0,0,0,0
1.0,1.0,1.0,,Welcome to the RITC 2026 Liquidity Risk Case - practice server,Good Luck!,216,2026-02-01 11:56:12.557866,RITC,10.03,10.01,10.03,204300.0,186300.0,0,0,0,0,0,0,0,0
,,,,,,216,2026-02-01 11:56:12.557866,COMP,25.03,25.05,25.07,140900.0,141900.0,0,0,0,0,0,0,0,0
1.0,1.0,1.0,,Welcome to the RITC 2026 Liquidity Risk Case - practice server,Good Luck!,217,2026-02-01 11:56:13.586290,RITC,10.03,10.01,10.02,204300.0,186800.0,0,0,0,0,0,0,0,0
,,,,,,217,2026-02-01 11:56:13.586290,COMP,25.07,25.05,25.07,140900.0,140400.0,0,0,0,0,0,0,0,0
1.0,1.0,1.0,,Welcome to the RITC 2026 Liquidity Risk Case - practice server,Good Luck!,218,2026-02-01 11:56:14.614303,RITC,10.01,9.99,10.02,204400.0,187400.0,0,0,0,0,0,0,0,0
,,,,,,218,2026-02-01 11:56:14.614303,COMP,25.07,25.05,25.07,140900.0,140400.0,0,0,0,0,0,0,0,0
1.0,1.0,1.0,,Welcome to the RITC 2026 Liquidity Risk Case - practice server,Good Luck!,219,2026-02-01 11:56:15.627843,RITC,10.02,10.02,10.03,205400.0,183400.0,0,0,0,0,0,0,0,0
,,,,,,219,2026-02-01 11:56:15.627843,COMP,25.07,25.05,25.07,140400.0,140400.0,0,0,0,0,0,0,0,0
1.0,1.0,1.0,,Welcome to the RITC 2026 Liquidity Risk Case - practice server,Good Luck!,221,2026-02-01 11:56:16.646595,RITC,10.03,10.02,10.03,206600.0,183400.0,0,0,0,0,0,0,0,0
,,,,,,221,2026-02-01 11:56:16.646595,COMP,25.07,25.05,25.07,140400.0,138500.0,0,0,0,0,0,0,0,0
1.0,1.0,1.0,,Welcome to the RITC 2026 Liquidity Risk Case - practice server,Good Luck!,222,2026-02-01 11:56:17.666851,RITC,10.03,10.0,10.03,207200.0,183400.0,0,0,0,0,0,0,0,0
,,,,,,222,2026-02-01 11:56:17.666851,COMP,25.07,25.05,25.07,141600.0,138500.0,0,0,0,0,0,0,0,0
1.0,1.0,1.0,,Welcome to the RITC 2026 Liquidity Risk Case - practice server,Good Luck!,223,2026-02-01 11:56:18.694979,RITC,10.04,10.03,10.04,208800.0,185800.0,0,0,0,0,0,0,0,0
,,,,,,223,2026-02-01 11:56:18.694979,COMP,25.07,25.05,25.07,141600.0,137900.0,0,0,0,0,0,0,0,0
1.0,1.0,1.0,,Welcome to the RITC 2026 Liquidity Risk Case - practice server,Good Luck!,224,2026-02-01 11:56:19.720899,RITC,10.03,10.01,10.02,206200.0,185900.0,0,0,0,0,0,0,0,0
,,,,,,224,2026-02-01 11:56:19.720899,COMP,25.04,25.01,25.04,139800.0,138000.0,0,0,0,0,0,0,0,0
1.0,1.0,1.0,,Welcome to the RITC 2026 Liquidity Risk Case - practice server,Good Luck!,225,2026-02-01 11:56:20.752863,RITC,10.04,10.0,10.04,207200.0,187400.0,0,0,0,0,0,0,0,0
,,,,,,225,2026-02-01 11:56:20.752863,COMP,25.01,25.01,25.04,139800.0,138000.0,0,0,0,0,0,0,0,0
1.0,1.0,1.0,,Welcome to the RITC 2026 Liquidity Risk Case - practice server,Good Luck!,226,2026-02-01 11:56:21.766925,RITC,10.04,10.01,10.04,208900.0,187400.0,0,0,0,0,0,0,0,0
,,,,,,226,2026-02-01 11:56:21.766925,COMP,25.01,25.01,25.02,139800.0,139800.0,0,0,0,0,0,0,0,0
1.0,1.0,1.0,,Welcome to the RITC 2026 Liquidity Risk Case - practice server,Good Luck!,227,2026-02-01 11:56:22.786837,RITC,10.01,10.01,10.04,208900.0,187400.0,0,0,0,0,0,0,0,0
,,,,,,227,2026-02-01 11:56:22.786837,COMP,25.01,25.01,25.02,140700.0,139800.0,0,0,0,0,0,0,0,0
1.0,1.0,1.0,,Welcome to the RITC 2026 Liquidity Risk Case - practice server,Good Luck!,228,2026-02-01 11:56:23.797223,RITC,10.01,10.01,10.02,208700.0,185700.0,0,0,0,0,0,0,0,0
,,,,,,228,2026-02-01 11:56:23.797223,COMP,25.01,25.01,25.02,139300.0,139800.0,0,0,0,0,0,0,0,0
1.0,1.0,1.0,,Welcome to the RITC 2026 Liquidity Risk Case - practice server,Good Luck!,229,2026-02-01 11:56:24.826452,RITC,10.04,10.03,10.04,208200.0,187400.0,0,0,0,0,0,0,0,0
,,,,,,229,2026-02-01 11:56:24.826452,COMP,25.01,25.01,25.02,137400.0,139800.0,0,0,0,0,0,0,0,0
1.0,1.0,1.0,,Welcome to the RITC 2026 Liquidity Risk Case - practice server,Good Luck!,230,2026-02-01 11:56:25.861518,RITC,10.04,10.03,10.04,208200.0,186900.0,0,0,0,0,0,0,0,0
,,,,,,230,2026-02-01 11:56:25.861518,COMP,25.04,25.05,25.07,137400.0,137900.0,0,0,0,0,0,0,0,0
1.0,1.0,1.0,,Welcome to the RITC 2026 Liquidity Risk Case - practice server,Good Luck!,231,2026-02-01 11:56:26.886593,RITC,10.04,10.03,10.04,209000.0,186900.0,0,0,0,0,0,0,0,0
,,,,,,231,2026-02-01 11:56:26.886593,COMP,25.05,25.01,25.02,137400.0,139000.0,0,0,0,0,0,0,0,0
1.0,1.0,1.0,,Welcome to the RITC 2026 Liquidity Risk Case - practice server,Good Luck!,232,2026-02-01 11:56:27.906561,RITC,10.05,10.03,10.05,205700.0,189700.0,0,0,0,0,0,0,0,0
,,,,,,232,2026-02-01 11:56:27.906561,COMP,24.94,24.94,25.02,138000.0,139000.0,0,0,0,0,0,0,0,0
1.0,1.0,1.0,,Welcome to the RITC 2026 Liquidity Risk Case - practice server,Good Luck!,233,2026-02-01 11:56:28.938342,RITC,10.05,10.04,10.05,206000.0,189300.0,0,0,0,0,0,0,0,0
,,,,,,233,2026-02-01 11:56:28.938342,COMP,25.02,24.94,25.02,138000.0,139000.0,0,0,0,0,0,0,0,0
1.0,1.0,1.0,,Welcome to the RITC 2026 Liquidity Risk Case - practice server,Good Luck!,234,2026-02-01 11:56:29.961293,RITC,10.04,10.04,10.05,206700.0,189300.0,0,0,0,0,0,0,0,0
,,,,,,234,2026-02-01 11:56:29.961293,COMP,24.98,24.94,24.98,138000.0,140700.0,0,0,0,0,0,0,0,0
1.0,1.0,1.0,,Welcome to the RITC 2026 Liquidity Risk Case - practice server,Good Luck!,235,2026-02-01 11:56:30.983455,RITC,10.03,10.02,10.03,209200.0,191700.0,0,0,0,0,0,0,0,0
,,,,,,235,2026-02-01 11:56:30.983455,COMP,25.02,25.02,25.07,138200.0,137900.0,0,0,0,0,0,0,0,0
1.0,1.0,1.0,,Welcome to the RITC 2026 Liquidity Risk Case - practice server,Good Luck!,236,2026-02-01 11:56:32.001671,RITC,10.03,10.02,10.03,209800.0,191700.0,0,0,0,0,0,0,0,0
,,,,,,236,2026-02-01 11:56:32.001671,COMP,25.02,24.94,25.01,138000.0,137300.0,0,0,0,0,0,0,0,0
1.0,1.0,1.0,,Welcome to the RITC 2026 Liquidity Risk Case - practice server,Good Luck!,237,2026-02-01 11:56:33.026812,RITC,10.05,10.03,10.05,207400.0,190800.0,0,0,0,0,0,0,0,0
,,,,,,237,2026-02-01 11:56:33.026812,COMP,24.94,24.94,25.01,137800.0,137300.0,0,0,0,0,0,0,0,0
1.0,1.0,1.0,,Welcome to the RITC 2026 Liquidity Risk Case - practice server,Good Luck!,238,2026-02-01 11:56:34.036716,RITC,10.06,10.04,10.06,205500.0,192000.0,0,0,0,0,0,0,0,0
,,,,,,238,2026-02-01 11:56:34.036716,COMP,24.94,24.94,25.01,140000.0,137300.0,0,0,0,0,0,0,0,0
1.0,1.0,1.0,,Welcome to the RITC 2026 Liquidity Risk Case - practice server,Good Luck!,239,2026-02-01 11:56:35.048126,RITC,10.06,10.04,10.06,205500.0,191100.0,0,0,0,0,0,0,0,0
,,,,,,239,2026-02-01 11:56:35.048126,COMP,24.94,24.94,25.01,139500.0,139700.0,0,0,0,0,0,0,0,0
1.0,1.0,1.0,,Welcome to the RITC 2026 Liquidity Risk Case - practice server,Good Luck!,240,2026-02-01 11:56:36.081446,RITC,10.06,10.05,10.06,207300.0,192400.0,0,0,0,0,0,0,0,0
,,,,,,240,2026-02-01 11:56:36.081446,COMP,24.94,24.94,25.01,139500.0,141300.0,0,0,0,0,0,0,0,0
1.0,1.0,1.0,,Welcome to the RITC 2026 Liquidity Risk Case - practice server,Good Luck!,241,2026-02-01 11:56:37.108729,RITC,10.04,10.03,10.04,207400.0,193200.0,0,0,0,0,0,0,0,0
,,,,,,241,2026-02-01 11:56:37.108729,COMP,24.94,24.94,24.96,139900.0,142100.0,0,0,0,0,0,0,0,0
1.0,1.0,1.0,,Welcome to the RITC 2026 Liquidity Risk Case - practice server,Good Luck!,242,2026-02-01 11:56:38.137008,RITC,10.06,10.02,10.06,209800.0,194000.0,0,0,0,0,0,0,0,0
,,,,,,242,2026-02-01 11:56:38.137008,COMP,24.94,24.94,24.95,139900.0,142000.0,0,0,0,0,0,0,0,0
1.0,1.0,1.0,,Welcome to the RITC 2026 Liquidity Risk Case - practice server,Good Luck!,243,2026-02-01 11:56:39.159113,RITC,10.05,10.02,10.03,209800.0,194800.0,0,0,0,0,0,0,0,0
,,,,,,243,2026-02-01 11:56:39.159113,COMP,24.93,24.93,24.95,139600.0,140800.0,0,0,0,0,0,0,0,0
1.0,1.0,1.0,,Welcome to the RITC 2026 Liquidity Risk Case - practice server,Good Luck!,244,2026-02-01 11:56:40.181470,RITC,10.02,10.02,10.03,209100.0,194800.0,0,0,0,0,0,0,0,0
,,,,,,244,2026-02-01 11:56:40.181470,COMP,24.93,24.93,24.95,139600.0,140800.0,0,0,0,0,0,0,0,0
1.0,1.0,1.0,,Welcome to the RITC 2026 Liquidity Risk Case - practice server,Good Luck!,245,2026-02-01 11:56:41.210896,RITC,10.01,10.01,10.03,208700.0,194800.0,0,0,0,0,0,0,0,0
,,,,,,245,2026-02-01 11:56:41.210896,COMP,24.93,24.93,24.95,139600.0,141600.0,0,0,0,0,0,0,0,0
1.0,1.0,1.0,,Welcome to the RITC 2026 Liquidity Risk Case - practice server,Good Luck!,246,2026-02-01 11:56:42.242537,RITC,10.01,10.01,10.03,208700.0,194800.0,0,0,0,0,0,0,0,0
,,,,,,246,2026-02-01 11:56:42.242537,COMP,24.93,24.93,24.95,139600.0,141700.0,0,0,0,0,0,0,0,0
1.0,1.0,1.0,,Welcome to the RITC 2026 Liquidity Risk Case - practice server,Good Luck!,247,2026-02-01 11:56:43.261511,RITC,10.03,10.01,10.03,210400.0,194800.0,0,0,0,0,0,0,0,0
,,,,,,247,2026-02-01 11:56:43.261511,COMP,24.93,24.93,24.95,139600.0,140200.0,0,0,0,0,0,0,0,0
1.0,1.0,1.0,,Welcome to the RITC 2026 Liquidity Risk Case - practice server,Good Luck!,248,2026-02-01 11:56:44.276372,RITC,10.06,10.01,10.06,210400.0,191800.0,0,0,0,0,0,0,0,0
,,,,,,248,2026-02-01 11:56:44.276372,COMP,24.93,24.93,24.94,139600.0,140600.0,0,0,0,0,0,0,0,0
1.0,1.0,1.0,,Welcome to the RITC 2026 Liquidity Risk Case - practice server,Good Luck!,249,2026-02-01 11:56:45.296704,RITC,10.01,10.01,10.02,210400.0,190500.0,0,0,0,0,0,0,0,0
,,,,,,249,2026-02-01 11:56:45.296704,COMP,24.93,24.93,24.94,139000.0,139500.0,0,0,0,0,0,0,0,0
1.0,1.0,1.0,,Welcome to the RITC 2026 Liquidity Risk Case - practice server,Good Luck!,250,2026-02-01 11:56:46.326779,RITC,10.01,10.01,10.02,197900.0,1000.0,190500.0,0,0,0,0,0,0,0,0
,,,,,,250,2026-02-01 11:56:46.326779,COMP,24.93,24.93,24.94,139900.0,,139500.0,0,0,0,0,0,0,0,0
1.0,1.0,1.0,,Welcome to the RITC 2026 Liquidity Risk Case - practice server,Good Luck!,251,2026-02-01 11:56:47.366433,RITC,10.01,10.01,10.02,197500.0,1000.0,190500.0,0,0,0,0,0,0,0,0
,,,,,,251,2026-02-01 11:56:47.366433,COMP,24.93,24.93,24.94,139900.0,,139100.0,0,0,0,0,0,0,0,0
1.0,1.0,1.0,,Welcome to the RITC 2026 Liquidity Risk Case - practice server,Good Luck!,252,2026-02-01 11:56:48.406736,RITC,10.02,10.02,10.06,2000.0,185600.0,191800.0,0,0,0,0,0,0,0,0
,,,,,,252,2026-02-01 11:56:48.406736,COMP,24.94,24.93,24.94,,139900.0,138900.0,0,0,0,0,0,0,0,0
1.0,1.0,1.0,,Welcome to the RITC 2026 Liquidity Risk Case - practice server,Good Luck!,253,2026-02-01 11:56:49.440736,RITC,10.02,10.02,10.03,2000.0,184900.0,192000.0,0,0,0,0,0,0,0,0
,,,,,,253,2026-02-01 11:56:49.440736,COMP,24.93,24.93,24.94,,139700.0,138900.0,0,0,0,0,0,0,0,0
1.0,1.0,1.0,,Welcome to the RITC 2026 Liquidity Risk Case - practice server,Good Luck!,254,2026-02-01 11:56:50.469905,RITC,10.02,10.02,10.03,2000.0,184900.0,191400.0,0,0,0,0,0,0,0,0
,,,,,,254,2026-02-01 11:56:50.469905,COMP,24.93,24.93,24.94,,137800.0,138900.0,0,0,0,0,0,0,0,0
1.0,1.0,1.0,,Welcome to the RITC 2026 Liquidity Risk Case - practice server,Good Luck!,255,2026-02-01 11:56:51.486447,RITC,10.03,10.02,10.03,2000.0,188200.0,191400.0,0,0,0,0,0,0,0,0
,,,,,,255,2026-02-01 11:56:51.486447,COMP,24.95,24.93,24.95,,137800.0,138400.0,0,0,0,0,0,0,0,0
1.0,1.0,1.0,,Welcome to the RITC 2026 Liquidity Risk Case - practice server,Good Luck!,256,2026-02-01 11:56:52.502159,RITC,10.06,10.02,10.06,2000.0,189700.0,193600.0,0,0,0,0,0,0,0,0
,,,,,,256,2026-02-01 11:56:52.502159,COMP,24.92,24.92,24.95,,137000.0,139900.0,0,0,0,0,0,0,0,0
1.0,1.0,1.0,,Welcome to the RITC 2026 Liquidity Risk Case - practice server,Good Luck!,257,2026-02-01 11:56:53.529286,RITC,10.06,10.05,10.06,189600.0,2000.0,193600.0,0,0,0,0,0,0,0,0
,,,,,,257,2026-02-01 11:56:53.529286,COMP,24.92,24.92,24.95,136900.0,,139900.0,0,0,0,0,0,0,0,0
1.0,1.0,1.0,,Welcome to the RITC 2026 Liquidity Risk Case - practice server,Good Luck!,258,2026-02-01 11:56:54.542679,RITC,10.06,10.05,10.06,186900.0,2000.0,193600.0,0,0,0,0,0,0,0,0
,,,,,,258,2026-02-01 11:56:54.542679,COMP,24.92,24.92,24.95,137200.0,,139900.0,0,0,0,0,0,0,0,0
1.0,1.0,1.0,,Welcome to the RITC 2026 Liquidity Risk Case - practice server,Good Luck!,259,2026-02-01 11:56:55.571757,RITC,10.06,10.06,10.07,187400.0,2000.0,192500.0,0,0,0,0,0,0,0,0
,,,,,,259,2026-02-01 11:56:55.571757,COMP,24.92,24.92,24.95,137200.0,,138100.0,0,0,0,0,0,0,0,0
1.0,1.0,1.0,,Welcome to the RITC 2026 Liquidity Risk Case - practice server,Good Luck!,260,2026-02-01 11:56:56.593197,RITC,10.07,10.06,10.07,187400.0,2000.0,195700.0,0,0,0,0,0,0,0,0
,,,,,,260,2026-02-01 11:56:56.593197,COMP,24.9,24.9,24.92,137600.0,,140800.0,0,0,0,0,0,0,0,0
1.0,1.0,1.0,,Welcome to the RITC 2026 Liquidity Risk Case - practice server,Good Luck!,261,2026-02-01 11:56:57.611530,RITC,10.05,10.05,10.07,186900.0,2000.0,194100.0,0,0,0,0,0,0,0,0
,,,,,,261,2026-02-01 11:56:57.611530,COMP,24.9,24.9,24.92,138600.0,,140800.0,0,0,0,0,0,0,0,0
1.0,1.0,1.0,,Welcome to the RITC 2026 Liquidity Risk Case - practice server,Good Luck!,262,2026-02-01 11:56:58.643735,RITC,10.05,10.05,10.07,184200.0,2000.0,192400.0,0,0,0,0,0,0,0,0
,,,,,,262,2026-02-01 11:56:58.643735,COMP,24.9,24.89,24.9,138500.0,,141100.0,0,0,0,0,0,0,0,0
1.0,1.0,1.0,,Welcome to the RITC 2026 Liquidity Risk Case - practice server,Good Luck!,263,2026-02-01 11:56:59.661140,RITC,10.05,10.05,10.07,186300.0,2000.0,191800.0,0,0,0,0,0,0,0,0
,,,,,,263,2026-02-01 11:56:59.661140,COMP,24.89,24.89,24.9,140800.0,,141200.0,0,0,0,0,0,0,0,0
1.0,1.0,1.0,,Welcome to the RITC 2026 Liquidity Risk Case - practice server,Good Luck!,264,2026-02-01 11:57:00.680392,RITC,10.05,10.05,10.07,186300.0,2000.0,190500.0,0,0,0,0,0,0,0,0
,,,,,,264,2026-02-01 11:57:00.680392,COMP,24.89,24.89,24.9,142400.0,,140000.0,0,0,0,0,0,0,0,0
1.0,1.0,1.0,,Welcome to the RITC 2026 Liquidity Risk Case - practice server,Good Luck!,265,2026-02-01 11:57:01.704527,RITC,10.05,10.05,10.07,186300.0,2000.0,190100.0,0,0,0,0,0,0,0,0
,,,,,,265,2026-02-01 11:57:01.704527,COMP,24.89,24.89,24.9,142400.0,,140000.0,0,0,0,0,0,0,0,0
1.0,1.0,1.0,,Welcome to the RITC 2026 Liquidity Risk Case - practice server,Good Luck!,266,2026-02-01 11:57:02.732483,RITC,10.05,10.05,10.06,186300.0,2000.0,190300.0,0,0,0,0,0,0,0,0
,,,,,,266,2026-02-01 11:57:02.732483,COMP,24.89,24.89,24.9,143400.0,,140500.0,0,0,0,0,0,0,0,0
1.0,1.0,1.0,,Welcome to the RITC 2026 Liquidity Risk Case - practice server,Good Luck!,267,2026-02-01 11:57:03.752614,RITC,10.05,10.04,10.05,189800.0,2000.0,189100.0,0,0,0,0,0,0,0,0
,,,,,,267,2026-02-01 11:57:03.752614,COMP,24.89,24.89,24.9,143200.0,,140500.0,0,0,0,0,0,0,0,0
1.0,1.0,1.0,,Welcome to the RITC 2026 Liquidity Risk Case - practice server,Good Luck!,268,2026-02-01 11:57:04.778454,RITC,10.04,10.04,10.05,189800.0,2000.0,186200.0,0,0,0,0,0,0,0,0
,,,,,,268,2026-02-01 11:57:04.778454,COMP,24.88,24.88,24.9,142600.0,,140500.0,0,0,0,0,0,0,0,0
1.0,1.0,1.0,,Welcome to the RITC 2026 Liquidity Risk Case - practice server,Good Luck!,269,2026-02-01 11:57:05.810478,RITC,10.03,10.03,10.05,189400.0,2000.0,185100.0,0,0,0,0,0,0,0,0
,,,,,,269,2026-02-01 11:57:05.810478,COMP,24.88,24.88,24.9,142600.0,,139200.0,0,0,0,0,0,0,0,0
1.0,1.0,1.0,,Welcome to the RITC 2026 Liquidity Risk Case - practice server,Good Luck!,270,2026-02-01 11:57:06.826394,RITC,10.03,10.02,10.03,2000.0,189700.0,184000.0,0,0,0,0,0,0,0,0
,,,,,,270,2026-02-01 11:57:06.826394,COMP,25.05,24.88,24.89,,142600.0,138200.0,0,0,0,0,0,0,0,0
1.0,1.0,1.0,,Welcome to the RITC 2026 Liquidity Risk Case - practice server,Good Luck!,271,2026-02-01 11:57:07.854337,RITC,10.02,10.02,10.03,198400.0,1000.0,186300.0,0,0,0,0,0,0,0,0
,,,,,,271,2026-02-01 11:57:07.854337,COMP,24.89,24.88,24.89,142600.0,,141000.0,0,0,0,0,0,0,0,0
1.0,1.0,1.0,,Welcome to the RITC 2026 Liquidity Risk Case - practice server,Good Luck!,273,2026-02-01 11:57:08.877842,RITC,10.02,10.02,10.03,198400.0,1000.0,185600.0,0,0,0,0,0,0,0,0
,,,,,,273,2026-02-01 11:57:08.877842,COMP,24.9,24.88,24.9,142800.0,,140800.0,0,0,0,0,0,0,0,0
1.0,1.0,1.0,,Welcome to the RITC 2026 Liquidity Risk Case - practice server,Good Luck!,274,2026-02-01 11:57:09.893595,RITC,10.02,10.02,10.03,199300.0,1000.0,186400.0,0,0,0,0,0,0,0,0
,,,,,,274,2026-02-01 11:57:09.893595,COMP,24.9,24.88,24.89,142100.0,,141200.0,0,0,0,0,0,0,0,0
1.0,1.0,1.0,,Welcome to the RITC 2026 Liquidity Risk Case - practice server,Good Luck!,275,2026-02-01 11:57:10.918790,RITC,10.02,10.02,10.03,197900.0,1000.0,186400.0,0,0,0,0,0,0,0,0
,,,,,,275,2026-02-01 11:57:10.918790,COMP,24.88,24.88,24.89,143700.0,,141200.0,0,0,0,0,0,0,0,0
1.0,1.0,1.0,,Welcome to the RITC 2026 Liquidity Risk Case - practice server,Good Luck!,276,2026-02-01 11:57:11.936703,RITC,10.02,10.02,10.03,200000.0,1000.0,186900.0,0,0,0,0,0,0,0,0
,,,,,,276,2026-02-01 11:57:11.936703,COMP,24.9,24.88,24.9,143700.0,,142100.0,0,0,0,0,0,0,0,0
1.0,1.0,1.0,,Welcome to the RITC 2026 Liquidity Risk Case - practice server,Good Luck!,277,2026-02-01 11:57:12.965615,RITC,10.03,10.02,10.03,200000.0,1000.0,185300.0,0,0,0,0,0,0,0,0
,,,,,,277,2026-02-01 11:57:12.965615,COMP,24.91,24.87,24.91,143700.0,,142100.0,0,0,0,0,0,0,0,0
1.0,1.0,1.0,,Welcome to the RITC 2026 Liquidity Risk Case - practice server,Good Luck!,278,2026-02-01 11:57:13.986740,RITC,10.04,10.02,10.04,200000.0,1000.0,183500.0,0,0,0,0,0,0,0,0
,,,,,,278,2026-02-01 11:57:13.986740,COMP,24.91,24.87,24.91,144100.0,,142100.0,0,0,0,0,0,0,0,0
1.0,1.0,1.0,,Welcome to the RITC 2026 Liquidity Risk Case - practice server,Good Luck!,279,2026-02-01 11:57:15.006685,RITC,10.06,10.02,10.06,200400.0,1000.0,183800.0,0,0,0,0,0,0,0,0
,,,,,,279,2026-02-01 11:57:15.006685,COMP,24.86,24.86,24.89,145000.0,,142600.0,0,0,0,0,0,0,0,0
1.0,1.0,1.0,,Welcome to the RITC 2026 Liquidity Risk Case - practice server,Good Luck!,280,2026-02-01 11:57:16.026670,RITC,10.02,10.02,10.03,197300.0,1000.0,182200.0,0,0,0,0,0,0,0,0
,,,,,,280,2026-02-01 11:57:16.026670,COMP,24.92,24.86,24.92,145000.0,,141800.0,0,0,0,0,0,0,0,0
1.0,1.0,1.0,,Welcome to the RITC 2026 Liquidity Risk Case - practice server,Good Luck!,281,2026-02-01 11:57:17.048476,RITC,10.06,10.02,10.06,197300.0,1000.0,183100.0,0,0,0,0,0,0,0,0
,,,,,,281,2026-02-01 11:57:17.048476,COMP,24.92,24.86,24.92,144100.0,,141700.0,0,0,0,0,0,0,0,0
1.0,1.0,1.0,,Welcome to the RITC 2026 Liquidity Risk Case - practice server,Good Luck!,282,2026-02-01 11:57:18.077160,RITC,10.06,10.02,10.03,197300.0,1000.0,181100.0,0,0,0,0,0,0,0,0
,,,,,,282,2026-02-01 11:57:18.077160,COMP,24.85,24.85,24.92,145800.0,,141700.0,0,0,0,0,0,0,0,0
1.0,1.0,1.0,,Welcome to the RITC 2026 Liquidity Risk Case - practice server,Good Luck!,283,2026-02-01 11:57:19.108955,RITC,10.01,10.01,10.03,203900.0,181100.0,0,0,0,0,0,0,0,0,0
,,,,,,283,2026-02-01 11:57:19.108955,COMP,24.85,24.85,24.88,145800.0,141600.0,0,0,0,0,0,0,0,0,0
1.0,1.0,1.0,,Welcome to the RITC 2026 Liquidity Risk Case - practice server,Good Luck!,284,2026-02-01 11:57:20.136806,RITC,10.03,10.02,10.03,204200.0,181100.0,0,0,0,0,0,0,0,0,0
,,,,,,284,2026-02-01 11:57:20.136806,COMP,24.87,24.87,24.88,145000.0,141600.0,0,0,0,0,0,0,0,0,0
1.0,1.0,1.0,,Welcome to the RITC 2026 Liquidity Risk Case - practice server,Good Luck!,285,2026-02-01 11:57:21.166958,RITC,10.03,10.02,10.03,204200.0,183000.0,0,0,0,0,0,0,0,0,0
,,,,,,285,2026-02-01 11:57:21.166958,COMP,24.87,24.87,24.88,145000.0,142300.0,0,0,0,0,0,0,0,0,0
1.0,1.0,1.0,,Welcome to the RITC 2026 Liquidity Risk Case - practice server,Good Luck!,286,2026-02-01 11:57:22.181474,RITC,10.01,10.01,10.03,203900.0,183200.0,0,0,0,0,0,0,0,0,0
,,,,,,286,2026-02-01 11:57:22.181474,COMP,24.85,24.85,24.88,146900.0,142300.0,0,0,0,0,0,0,0,0,0
1.0,1.0,1.0,,Welcome to the RITC 2026 Liquidity Risk Case - practice server,Good Luck!,287,2026-02-01 11:57:23.204947,RITC,10.01,10.01,10.02,201900.0,184900.0,0,0,0,0,0,0,0,0,0
,,,,,,287,2026-02-01 11:57:23.204947,COMP,24.88,24.85,24.88,146900.0,141400.0,0,0,0,0,0,0,0,0,0
1.0,1.0,1.0,,Welcome to the RITC 2026 Liquidity Risk Case - practice server,Good Luck!,288,2026-02-01 11:57:24.228421,RITC,10.02,10.01,10.02,201900.0,184400.0,0,0,0,0,0,0,0,0,0
,,,,,,288,2026-02-01 11:57:24.228421,COMP,24.84,24.84,24.88,145900.0,141400.0,0,0,0,0,0,0,0,0,0
1.0,1.0,1.0,,Welcome to the RITC 2026 Liquidity Risk Case - practice server,Good Luck!,289,2026-02-01 11:57:25.245808,RITC,10.01,10.01,10.03,202600.0,184500.0,0,0,0,0,0,0,0,0,0
,,,,,,289,2026-02-01 11:57:25.245808,COMP,24.84,24.84,24.88,145900.0,142700.0,0,0,0,0,0,0,0,0,0
1.0,1.0,1.0,,Welcome to the RITC 2026 Liquidity Risk Case - practice server,Good Luck!,290,2026-02-01 11:57:26.276328,RITC,10.03,10.01,10.03,202600.0,184100.0,0,0,0,0,0,0,0,0,0
,,,,,,290,2026-02-01 11:57:26.276328,COMP,24.84,24.84,24.88,145900.0,142900.0,0,0,0,0,0,0,0,0,0
1.0,1.0,1.0,,Welcome to the RITC 2026 Liquidity Risk Case - practice server,Good Luck!,291,2026-02-01 11:57:27.294410,RITC,10.03,10.01,10.03,202600.0,183400.0,0,0,0,0,0,0,0,0,0
,,,,,,291,2026-02-01 11:57:27.294410,COMP,24.84,24.84,24.85,145900.0,142400.0,0,0,0,0,0,0,0,0,0
1.0,1.0,1.0,,Welcome to the RITC 2026 Liquidity Risk Case - practice server,Good Luck!,292,2026-02-01 11:57:28.323873,RITC,10.03,10.01,10.03,202600.0,186900.0,0,0,0,0,0,0,0,0,0
,,,,,,292,2026-02-01 11:57:28.323873,COMP,24.84,24.84,24.85,145900.0,141700.0,0,0,0,0,0,0,0,0,0
1.0,1.0,1.0,,Welcome to the RITC 2026 Liquidity Risk Case - practice server,Good Luck!,293,2026-02-01 11:57:29.343122,RITC,10.03,10.01,10.03,202600.0,186900.0,0,0,0,0,0,0,0,0,0
,,,,,,293,2026-02-01 11:57:29.343122,COMP,24.82,24.82,24.85,146900.0,141700.0,0,0,0,0,0,0,0,0,0
1.0,1.0,1.0,,Welcome to the RITC 2026 Liquidity Risk Case - practice server,Good Luck!,294,2026-02-01 11:57:30.359616,RITC,10.03,10.01,10.03,202600.0,185300.0,0,0,0,0,0,0,0,0,0
,,,,,,294,2026-02-01 11:57:30.359616,COMP,24.82,24.82,24.85,146900.0,141700.0,0,0,0,0,0,0,0,0,0
1.0,1.0,1.0,,Welcome to the RITC 2026 Liquidity Risk Case - practice server,Good Luck!,295,2026-02-01 11:57:31.394126,RITC,10.04,10.03,10.04,199600.0,182400.0,0,0,0,0,0,0,0,0,0
,,,,,,295,2026-02-01 11:57:31.394126,COMP,24.81,24.81,24.82,146000.0,142800.0,0,0,0,0,0,0,0,0,0
1.0,1.0,1.0,,Welcome to the RITC 2026 Liquidity Risk Case - practice server,Good Luck!,296,2026-02-01 11:57:32.429104,RITC,10.04,10.03,10.04,201100.0,182400.0,0,0,0,0,0,0,0,0,0
,,,,,,296,2026-02-01 11:57:32.429104,COMP,24.81,24.75,24.81,145000.0,143700.0,0,0,0,0,0,0,0,0,0
1.0,1.0,1.0,,Welcome to the RITC 2026 Liquidity Risk Case - practice server,Good Luck!,297,2026-02-01 11:57:33.444680,RITC,10.05,10.03,10.05,201100.0,183800.0,0,0,0,0,0,0,0,0,0
,,,,,,297,2026-02-01 11:57:33.444680,COMP,24.75,24.75,24.81,145800.0,143700.0,0,0,0,0,0,0,0,0,0
1.0,1.0,1.0,,Welcome to the RITC 2026 Liquidity Risk Case - practice server,Good Luck!,298,2026-02-01 11:57:34.471861,RITC,10.01,10.01,10.02,201800.0,182300.0,0,0,0,0,0,0,0,0,0
,,,,,,298,2026-02-01 11:57:34.471861,COMP,24.75,24.75,24.79,143900.0,145200.0,0,0,0,0,0,0,0,0,0
1.0,1.0,1.0,,Welcome to the RITC 2026 Liquidity Risk Case - practice server,Good Luck!,299,2026-02-01 11:57:35.514112,RITC,10.01,10.01,10.02,201800.0,184300.0,0,0,0,0,0,0,0,0,0
,,,,,,299,2026-02-01 11:57:35.514112,COMP,24.79,24.74,24.79,143900.0,145200.0,0,0,0,0,0,0,0,0,0
1.0,1.0,1.0,,Welcome to the RITC 2026 Liquidity Risk Case - practice server,Good Luck!,300,2026-02-01 11:57:36.529851,RITC,10.01,10.01,10.02,194200.0,1000.0,186700.0,0,0,0,0,0,0,0,0
,,,,,,300,2026-02-01 11:57:36.529851,COMP,24.79,24.74,24.77,143900.0,,144900.0,0,0,0,0,0,0,0,0
1.0,1.0,1.0,,Welcome to the RITC 2026 Liquidity Risk Case - practice server,Good Luck!,301,2026-02-01 11:57:37.546722,RITC,10.01,10.01,10.02,193800.0,1000.0,186700.0,0,0,0,0,0,0,0,0
,,,,,,301,2026-02-01 11:57:37.546722,COMP,24.79,24.74,24.77,143900.0,,142400.0,0,0,0,0,0,0,0,0
1.0,1.0,1.0,,Welcome to the RITC 2026 Liquidity Risk Case - practice server,Good Luck!,302,2026-02-01 11:57:38.567117,RITC,10.02,10.01,10.02,192900.0,1000.0,186700.0,0,0,0,0,0,0,0,0
,,,,,,302,2026-02-01 11:57:38.567117,COMP,24.72,24.72,24.79,143600.0,,144300.0,0,0,0,0,0,0,0,0
1.0,1.0,1.0,,Welcome to the RITC 2026 Liquidity Risk Case - practice server,Good Luck!,303,2026-02-01 11:57:39.594921,RITC,10.01,10.01,10.02,182300.0,2000.0,187000.0,0,0,0,0,0,0,0,0
,,,,,,303,2026-02-01 11:57:39.594921,COMP,24.72,24.72,24.79,144800.0,,144300.0,0,0,0,0,0,0,0,0
1.0,1.0,1.0,,Welcome to the RITC 2026 Liquidity Risk Case - practice server,Good Luck!,304,2026-02-01 11:57:40.615486,RITC,10.01,10.01,10.02,183400.0,2000.0,185300.0,0,0,0,0,0,0,0,0
,,,,,,304,2026-02-01 11:57:40.615486,COMP,24.72,24.72,24.79,142900.0,,144300.0,0,0,0,0,0,0,0,0
1.0,1.0,1.0,,Welcome to the RITC 2026 Liquidity Risk Case - practice server,Good Luck!,305,2026-02-01 11:57:41.646535,RITC,10.01,10.01,10.02,182500.0,2000.0,185300.0,0,0,0,0,0,0,0,0
,,,,,,305,2026-02-01 11:57:41.646535,COMP,24.72,24.72,24.79,142900.0,,144300.0,0,0,0,0,0,0,0,0
1.0,1.0,1.0,,Welcome to the RITC 2026 Liquidity Risk Case - practice server,Good Luck!,306,2026-02-01 11:57:42.662216,RITC,10.03,10.01,10.03,182500.0,2000.0,185800.0,0,0,0,0,0,0,0,0
,,,,,,306,2026-02-01 11:57:42.662216,COMP,24.71,24.71,24.72,144400.0,,141900.0,0,0,0,0,0,0,0,0
1.0,1.0,1.0,,Welcome to the RITC 2026 Liquidity Risk Case - practice server,Good Luck!,307,2026-02-01 11:57:43.691536,RITC,10.01,10.0,10.01,197900.0,1000.0,185000.0,0,0,0,0,0,0,0,0
,,,,,,307,2026-02-01 11:57:43.691536,COMP,24.71,24.71,24.72,144400.0,,144200.0,0,0,0,0,0,0,0,0
1.0,1.0,1.0,,Welcome to the RITC 2026 Liquidity Risk Case - practice server,Good Luck!,308,2026-02-01 11:57:44.711685,RITC,10.0,10.0,10.01,199200.0,1000.0,185000.0,0,0,0,0,0,0,0,0
,,,,,,308,2026-02-01 11:57:44.711685,COMP,24.68,24.68,24.72,145100.0,,145200.0,0,0,0,0,0,0,0,0
1.0,1.0,1.0,,Welcome to the RITC 2026 Liquidity Risk Case - practice server,Good Luck!,309,2026-02-01 11:57:45.727030,RITC,10.03,10.0,10.03,209400.0,185800.0,0,0,0,0,0,0,0,0,0
,,,,,,309,2026-02-01 11:57:45.727030,COMP,24.73,24.68,24.73,145100.0,146700.0,0,0,0,0,0,0,0,0,0
1.0,1.0,1.0,,Welcome to the RITC 2026 Liquidity Risk Case - practice server,Good Luck!,310,2026-02-01 11:57:46.747130,RITC,10.0,9.99,10.0,210100.0,185300.0,0,0,0,0,0,0,0,0,0
,,,,,,310,2026-02-01 11:57:46.747130,COMP,24.73,24.73,24.74,146100.0,144100.0,0,0,0,0,0,0,0,0,0
1.0,1.0,1.0,,Welcome to the RITC 2026 Liquidity Risk Case - practice server,Good Luck!,311,2026-02-01 11:57:47.779539,RITC,10.0,9.99,10.0,208100.0,185300.0,0,0,0,0,0,0,0,0,0
,,,,,,311,2026-02-01 11:57:47.779539,COMP,24.74,24.73,24.74,146100.0,144100.0,0,0,0,0,0,0,0,0,0
1.0,1.0,1.0,,Welcome to the RITC 2026 Liquidity Risk Case - practice server,Good Luck!,312,2026-02-01 11:57:48.807447,RITC,10.0,10.02,10.03,209900.0,185800.0,0,0,0,0,0,0,0,0,0
,,,,,,312,2026-02-01 11:57:48.807447,COMP,24.74,24.76,24.78,143900.0,144200.0,0,0,0,0,0,0,0,0,0
1.0,1.0,1.0,,Welcome to the RITC 2026 Liquidity Risk Case - practice server,Good Luck!,313,2026-02-01 11:57:49.828887,RITC,10.0,10.02,10.03,209900.0,184000.0,0,0,0,0,0,0,0,0,0
,,,,,,313,2026-02-01 11:57:49.828887,COMP,24.74,24.76,24.78,144100.0,144200.0,0,0,0,0,0,0,0,0,0
1.0,1.0,1.0,,Welcome to the RITC 2026 Liquidity Risk Case - practice server,Good Luck!,314,2026-02-01 11:57:50.845453,RITC,10.02,10.0,10.02,209900.0,184000.0,0,0,0,0,0,0,0,0,0
,,,,,,314,2026-02-01 11:57:50.845453,COMP,24.76,24.73,24.76,146300.0,145100.0,0,0,0,0,0,0,0,0,0
1.0,1.0,1.0,,Welcome to the RITC 2026 Liquidity Risk Case - practice server,Good Luck!,315,2026-02-01 11:57:51.859875,RITC,10.0,10.0,10.02,209900.0,184000.0,0,0,0,0,0,0,0,0,0
,,,,,,315,2026-02-01 11:57:51.859875,COMP,24.76,24.73,24.76,144000.0,145100.0,0,0,0,0,0,0,0,0,0
1.0,1.0,1.0,,Welcome to the RITC 2026 Liquidity Risk Case - practice server,Good Luck!,316,2026-02-01 11:57:52.896674,RITC,9.99,10.0,10.02,206500.0,184000.0,0,0,0,0,0,0,0,0,0
,,,,,,316,2026-02-01 11:57:52.896674,COMP,24.78,24.73,24.78,144000.0,144200.0,0,0,0,0,0,0,0,0,0
1.0,1.0,1.0,,Welcome to the RITC 2026 Liquidity Risk Case - practice server,Good Luck!,317,2026-02-01 11:57:53.935237,RITC,10.03,10.0,10.01,206500.0,183500.0,0,0,0,0,0,0,0,0,0
,,,,,,317,2026-02-01 11:57:53.935237,COMP,24.79,24.74,24.79,142100.0,143700.0,0,0,0,0,0,0,0,0,0
1.0,1.0,1.0,,Welcome to the RITC 2026 Liquidity Risk Case - practice server,Good Luck!,318,2026-02-01 11:57:54.962342,RITC,10.0,9.99,10.0,207900.0,185900.0,0,0,0,0,0,0,0,0,0
,,,,,,318,2026-02-01 11:57:54.962342,COMP,24.79,24.76,24.79,144000.0,143600.0,0,0,0,0,0,0,0,0,0
1.0,1.0,1.0,,Welcome to the RITC 2026 Liquidity Risk Case - practice server,Good Luck!,319,2026-02-01 11:57:55.988469,RITC,10.0,9.99,10.0,207700.0,185900.0,0,0,0,0,0,0,0,0,0
,,,,,,319,2026-02-01 11:57:55.988469,COMP,24.79,24.76,24.79,144100.0,143600.0,0,0,0,0,0,0,0,0,0
1.0,1.0,1.0,,Welcome to the RITC 2026 Liquidity Risk Case - practice server,Good Luck!,320,2026-02-01 11:57:57.011542,RITC,10.03,9.99,10.03,211100.0,185300.0,0,0,0,0,0,0,0,0,0
,,,,,,320,2026-02-01 11:57:57.011542,COMP,24.76,24.77,24.79,144000.0,143600.0,0,0,0,0,0,0,0,0,0
1.0,1.0,1.0,,Welcome to the RITC 2026 Liquidity Risk Case - practice server,Good Luck!,321,2026-02-01 11:57:58.032066,RITC,10.03,10.01,10.03,213000.0,184700.0,0,0,0,0,0,0,0,0,0
,,,,,,321,2026-02-01 11:57:58.032066,COMP,24.82,24.77,24.82,144000.0,142800.0,0,0,0,0,0,0,0,0,0
1.0,1.0,1.0,,Welcome to the RITC 2026 Liquidity Risk Case - practice server,Good Luck!,322,2026-02-01 11:57:59.062059,RITC,10.03,10.01,10.04,211600.0,183300.0,0,0,0,0,0,0,0,0,0
,,,,,,322,2026-02-01 11:57:59.062059,COMP,24.82,24.82,24.85,144000.0,142500.0,0,0,0,0,0,0,0,0,0
1.0,1.0,1.0,,Welcome to the RITC 2026 Liquidity Risk Case - practice server,Good Luck!,324,2026-02-01 11:58:00.089880,RITC,10.04,10.04,10.05,210500.0,182600.0,0,0,0,0,0,0,0,0,0
,,,,,,324,2026-02-01 11:58:00.089880,COMP,24.77,24.77,24.85,144000.0,142500.0,0,0,0,0,0,0,0,0,0
1.0,1.0,1.0,,Welcome to the RITC 2026 Liquidity Risk Case - practice server,Good Luck!,325,2026-02-01 11:58:01.113300,RITC,10.05,10.04,10.05,210500.0,183400.0,0,0,0,0,0,0,0,0,0
,,,,,,325,2026-02-01 11:58:01.113300,COMP,24.77,24.84,24.85,142000.0,142800.0,0,0,0,0,0,0,0,0,0
1.0,1.0,1.0,,Welcome to the RITC 2026 Liquidity Risk Case - practice server,Good Luck!,326,2026-02-01 11:58:02.150554,RITC,10.06,10.06,10.07,208900.0,186900.0,0,0,0,0,0,0,0,0,0
,,,,,,326,2026-02-01 11:58:02.150554,COMP,24.84,24.84,24.85,142000.0,143200.0,0,0,0,0,0,0,0,0,0
1.0,1.0,1.0,,Welcome to the RITC 2026 Liquidity Risk Case - practice server,Good Luck!,327,2026-02-01 11:58:03.177241,RITC,10.07,10.06,10.07,208900.0,190500.0,0,0,0,0,0,0,0,0,0
,,,,,,327,2026-02-01 11:58:03.177241,COMP,24.74,24.74,24.85,143200.0,143200.0,0,0,0,0,0,0,0,0,0
1.0,1.0,1.0,,Welcome to the RITC 2026 Liquidity Risk Case - practice server,Good Luck!,328,2026-02-01 11:58:04.248105,RITC,10.07,10.06,10.07,207100.0,190500.0,0,0,0,0,0,0,0,0,0
,,,,,,328,2026-02-01 11:58:04.248105,COMP,24.74,24.81,24.85,143000.0,143200.0,0,0,0,0,0,0,0,0,0
1.0,1.0,1.0,,Welcome to the RITC 2026 Liquidity Risk Case - practice server,Good Luck!,329,2026-02-01 11:58:05.279544,RITC,10.07,10.06,10.07,206400.0,190500.0,0,0,0,0,0,0,0,0,0
,,,,,,329,2026-02-01 11:58:05.279544,COMP,24.74,24.81,24.82,143000.0,143700.0,0,0,0,0,0,0,0,0,0
1.0,1.0,1.0,,Welcome to the RITC 2026 Liquidity Risk Case - practice server,Good Luck!,330,2026-02-01 11:58:06.306914,RITC,10.07,10.06,10.07,204600.0,190500.0,0,0,0,0,0,0,0,0,0
,,,,,,330,2026-02-01 11:58:06.306914,COMP,24.74,24.81,24.82,143000.0,143700.0,0,0,0,0,0,0,0,0,0
1.0,1.0,1.0,,Welcome to the RITC 2026 Liquidity Risk Case - practice server,Good Luck!,331,2026-02-01 11:58:07.332673,RITC,10.06,10.06,10.07,195200.0,1000.0,190500.0,0,0,0,0,0,0,0,0
,,,,,,331,2026-02-01 11:58:07.332673,COMP,24.82,24.81,24.82,142500.0,,143700.0,0,0,0,0,0,0,0,0
1.0,1.0,1.0,,Welcome to the RITC 2026 Liquidity Risk Case - practice server,Good Luck!,332,2026-02-01 11:58:08.359119,RITC,10.07,10.06,10.07,188600.0,2000.0,191400.0,0,0,0,0,0,0,0,0
,,,,,,332,2026-02-01 11:58:08.359119,COMP,24.82,24.81,24.82,143500.0,,143700.0,0,0,0,0,0,0,0,0
1.0,1.0,1.0,,Welcome to the RITC 2026 Liquidity Risk Case - practice server,Good Luck!,333,2026-02-01 11:58:09.377827,RITC,10.07,10.07,10.08,190000.0,2000.0,193300.0,0,0,0,0,0,0,0,0
,,,,,,333,2026-02-01 11:58:09.377827,COMP,24.85,24.81,24.85,143500.0,,143200.0,0,0,0,0,0,0,0,0
1.0,1.0,1.0,,Welcome to the RITC 2026 Liquidity Risk Case - practice server,Good Luck!,334,2026-02-01 11:58:10.390357,RITC,10.07,10.07,10.08,180100.0,3000.0,193300.0,0,0,0,0,0,0,0,0
,,,,,,334,2026-02-01 11:58:10.390357,COMP,24.86,24.81,24.86,143500.0,,145400.0,0,0,0,0,0,0,0,0
1.0,1.0,1.0,,Welcome to the RITC 2026 Liquidity Risk Case - practice server,Good Luck!,335,2026-02-01 11:58:11.420889,RITC,10.07,10.07,10.08,180200.0,3000.0,193300.0,0,0,0,0,0,0,0,0
,,,,,,335,2026-02-01 11:58:11.420889,COMP,24.86,24.81,24.86,143500.0,,145400.0,0,0,0,0,0,0,0,0
1.0,1.0,1.0,,Welcome to the RITC 2026 Liquidity Risk Case - practice server,Good Luck!,336,2026-02-01 11:58:12.436560,RITC,10.08,10.07,10.08,181700.0,3000.0,197500.0,0,0,0,0,0,0,0,0
,,,,,,336,2026-02-01 11:58:12.436560,COMP,24.86,24.85,24.86,143300.0,,145400.0,0,0,0,0,0,0,0,0
1.0,1.0,1.0,,Welcome to the RITC 2026 Liquidity Risk Case - practice server,Good Luck!,337,2026-02-01 11:58:13.457899,RITC,10.08,10.07,10.08,169800.0,4000.0,200400.0,0,0,0,0,0,0,0,0
,,,,,,337,2026-02-01 11:58:13.457899,COMP,24.85,24.85,24.86,143300.0,,145400.0,0,0,0,0,0,0,0,0
1.0,1.0,1.0,,Welcome to the RITC 2026 Liquidity Risk Case - practice server,Good Luck!,338,2026-02-01 11:58:14.476796,RITC,10.08,10.07,10.08,157200.0,5000.0,200400.0,0,0,0,0,0,0,0,0
,,,,,,338,2026-02-01 11:58:14.476796,COMP,24.85,24.85,24.86,140300.0,,145400.0,0,0,0,0,0,0,0,0
1.0,1.0,1.0,,Welcome to the RITC 2026 Liquidity Risk Case - practice server,Good Luck!,339,2026-02-01 11:58:15.493869,RITC,10.08,10.07,10.08,156900.0,5000.0,201600.0,0,0,0,0,0,0,0,0
,,,,,,339,2026-02-01 11:58:15.493869,COMP,24.86,24.85,24.86,140300.0,,144000.0,0,0,0,0,0,0,0,0
1.0,1.0,1.0,,Welcome to the RITC 2026 Liquidity Risk Case - practice server,Good Luck!,340,2026-02-01 11:58:16.528682,RITC,10.08,10.07,10.08,156300.0,5000.0,202300.0,0,0,0,0,0,0,0,0
,,,,,,340,2026-02-01 11:58:16.528682,COMP,24.86,24.85,24.86,138300.0,,144000.0,0,0,0,0,0,0,0,0
1.0,1.0,1.0,,Welcome to the RITC 2026 Liquidity Risk Case - practice server,Good Luck!,341,2026-02-01 11:58:17.545986,RITC,10.08,10.07,10.08,154700.0,5000.0,203200.0,0,0,0,0,0,0,0,0
,,,,,,341,2026-02-01 11:58:17.545986,COMP,24.87,24.85,24.87,138300.0,,144000.0,0,0,0,0,0,0,0,0
1.0,1.0,1.0,,Welcome to the RITC 2026 Liquidity Risk Case - practice server,Good Luck!,342,2026-02-01 11:58:18.561142,RITC,10.08,10.07,10.08,154700.0,5000.0,206000.0,0,0,0,0,0,0,0,0
,,,,,,342,2026-02-01 11:58:18.561142,COMP,24.83,24.83,24.86,139400.0,,144900.0,0,0,0,0,0,0,0,0
1.0,1.0,1.0,,Welcome to the RITC 2026 Liquidity Risk Case - practice server,Good Luck!,343,2026-02-01 11:58:19.584772,RITC,10.08,10.07,10.08,161500.0,4000.0,204700.0,0,0,0,0,0,0,0,0
,,,,,,343,2026-02-01 11:58:19.584772,COMP,24.83,24.83,24.86,139400.0,,144900.0,0,0,0,0,0,0,0,0
1.0,1.0,1.0,,Welcome to the RITC 2026 Liquidity Risk Case - practice server,Good Luck!,344,2026-02-01 11:58:20.611362,RITC,10.08,10.07,10.08,171900.0,3000.0,204700.0,0,0,0,0,0,0,0,0
,,,,,,344,2026-02-01 11:58:20.611362,COMP,24.83,24.81,24.82,140900.0,,145100.0,0,0,0,0,0,0,0,0
1.0,1.0,1.0,,Welcome to the RITC 2026 Liquidity Risk Case - practice server,Good Luck!,345,2026-02-01 11:58:21.638360,RITC,10.08,10.07,10.08,171900.0,3000.0,206300.0,0,0,0,0,0,0,0,0
,,,,,,345,2026-02-01 11:58:21.638360,COMP,24.83,24.81,24.82,140900.0,,143400.0,0,0,0,0,0,0,0,0
1.0,1.0,1.0,,Welcome to the RITC 2026 Liquidity Risk Case - practice server,Good Luck!,346,2026-02-01 11:58:22.661521,RITC,10.09,10.07,10.09,171900.0,3000.0,206200.0,0,0,0,0,0,0,0,0
,,,,,,346,2026-02-01 11:58:22.661521,COMP,24.86,24.81,24.86,140600.0,,145000.0,0,0,0,0,0,0,0,0
1.0,1.0,1.0,,Welcome to the RITC 2026 Liquidity Risk Case - practice server,Good Luck!,347,2026-02-01 11:58:23.678645,RITC,10.09,10.08,10.09,181400.0,2000.0,204700.0,0,0,0,0,0,0,0,0
,,,,,,347,2026-02-01 11:58:23.678645,COMP,24.81,24.81,24.86,141700.0,,145000.0,0,0,0,0,0,0,0,0
1.0,1.0,1.0,,Welcome to the RITC 2026 Liquidity Risk Case - practice server,Good Luck!,348,2026-02-01 11:58:24.695069,RITC,10.09,10.08,10.09,203000.0,204700.0,0,0,0,0,0,0,0,0,0
,,,,,,348,2026-02-01 11:58:24.695069,COMP,24.86,24.81,24.86,141700.0,144200.0,0,0,0,0,0,0,0,0,0
1.0,1.0,1.0,,Welcome to the RITC 2026 Liquidity Risk Case - practice server,Good Luck!,349,2026-02-01 11:58:25.712339,RITC,10.09,10.08,10.09,202900.0,206200.0,0,0,0,0,0,0,0,0,0
,,,,,,349,2026-02-01 11:58:25.712339,COMP,24.86,24.81,24.85,139500.0,143700.0,0,0,0,0,0,0,0,0,0
1.0,1.0,1.0,,Welcome to the RITC 2026 Liquidity Risk Case - practice server,Good Luck!,350,2026-02-01 11:58:26.729396,RITC,10.09,10.08,10.09,202600.0,204000.0,0,0,0,0,0,0,0,0,0
,,,,,,350,2026-02-01 11:58:26.729396,COMP,24.86,24.81,24.85,139500.0,143100.0,0,0,0,0,0,0,0,0,0
1.0,1.0,1.0,,Welcome to the RITC 2026 Liquidity Risk Case - practice server,Good Luck!,351,2026-02-01 11:58:27.754666,RITC,10.09,10.08,10.09,203600.0,203200.0,0,0,0,0,0,0,0,0,0
,,,,,,351,2026-02-01 11:58:27.754666,COMP,24.8,24.8,24.82,141200.0,142700.0,0,0,0,0,0,0,0,0,0
1.0,1.0,1.0,,Welcome to the RITC 2026 Liquidity Risk Case - practice server,Good Luck!,352,2026-02-01 11:58:28.781567,RITC,10.1,10.08,10.1,202700.0,202700.0,0,0,0,0,0,0,0,0,0
,,,,,,352,2026-02-01 11:58:28.781567,COMP,24.8,24.8,24.82,141200.0,145200.0,0,0,0,0,0,0,0,0,0
1.0,1.0,1.0,,Welcome to the RITC 2026 Liquidity Risk Case - practice server,Good Luck!,353,2026-02-01 11:58:29.808197,RITC,10.1,10.08,10.1,203600.0,201400.0,0,0,0,0,0,0,0,0,0
,,,,,,353,2026-02-01 11:58:29.808197,COMP,24.8,24.8,24.82,141700.0,145500.0,0,0,0,0,0,0,0,0,0
1.0,1.0,1.0,,Welcome to the RITC 2026 Liquidity Risk Case - practice server,Good Luck!,354,2026-02-01 11:58:30.835748,RITC,10.1,10.08,10.1,202100.0,199600.0,0,0,0,0,0,0,0,0,0
,,,,,,354,2026-02-01 11:58:30.835748,COMP,24.8,24.8,24.82,141700.0,145500.0,0,0,0,0,0,0,0,0,0
1.0,1.0,1.0,,Welcome to the RITC 2026 Liquidity Risk Case - practice server,Good Luck!,355,2026-02-01 11:58:31.862881,RITC,10.1,10.08,10.1,203900.0,199600.0,0,0,0,0,0,0,0,0,0
,,,,,,355,2026-02-01 11:58:31.862881,COMP,24.82,24.8,24.82,141700.0,145500.0,0,0,0,0,0,0,0,0,0
1.0,1.0,1.0,,Welcome to the RITC 2026 Liquidity Risk Case - practice server,Good Luck!,356,2026-02-01 11:58:32.895182,RITC,10.11,10.1,10.11,203200.0,200600.0,0,0,0,0,0,0,0,0,0
,,,,,,356,2026-02-01 11:58:32.895182,COMP,24.8,24.81,24.82,142600.0,145500.0,0,0,0,0,0,0,0,0,0
1.0,1.0,1.0,,Welcome to the RITC 2026 Liquidity Risk Case - practice server,Good Luck!,357,2026-02-01 11:58:33.925017,RITC,10.08,10.08,10.11,203900.0,202000.0,0,0,0,0,0,0,0,0,0
,,,,,,357,2026-02-01 11:58:33.925017,COMP,24.82,24.81,24.82,142600.0,145000.0,0,0,0,0,0,0,0,0,0
1.0,1.0,1.0,,Welcome to the RITC 2026 Liquidity Risk Case - practice server,Good Luck!,358,2026-02-01 11:58:34.964710,RITC,10.08,10.1,10.11,199400.0,202000.0,0,0,0,0,0,0,0,0,0
,,,,,,358,2026-02-01 11:58:34.964710,COMP,24.82,24.82,24.85,141600.0,142500.0,0,0,0,0,0,0,0,0,0
1.0,1.0,1.0,,Welcome to the RITC 2026 Liquidity Risk Case - practice server,Good Luck!,359,2026-02-01 11:58:35.990662,RITC,10.11,10.1,10.11,200300.0,201500.0,0,0,0,0,0,0,0,0,0
,,,,,,359,2026-02-01 11:58:35.990662,COMP,24.85,24.85,24.86,143900.0,143600.0,0,0,0,0,0,0,0,0,0
1.0,1.0,1.0,,Welcome to the RITC 2026 Liquidity Risk Case - practice server,Good Luck!,360,2026-02-01 11:58:37.018693,RITC,10.11,10.1,10.11,200300.0,201500.0,0,0,0,0,0,0,0,0,0
,,,,,,360,2026-02-01 11:58:37.018693,COMP,24.86,24.86,24.87,144200.0,142800.0,0,0,0,0,0,0,0,0,0
1.0,1.0,1.0,,Welcome to the RITC 2026 Liquidity Risk Case - practice server,Good Luck!,361,2026-02-01 11:58:38.046129,RITC,10.11,10.1,10.11,200300.0,201500.0,0,0,0,0,0,0,0,0,0
,,,,,,361,2026-02-01 11:58:38.046129,COMP,24.87,24.86,24.87,143600.0,142300.0,0,0,0,0,0,0,0,0,0
1.0,1.0,1.0,,Welcome to the RITC 2026 Liquidity Risk Case - practice server,Good Luck!,362,2026-02-01 11:58:39.079819,RITC,10.11,10.1,10.11,200300.0,201100.0,0,0,0,0,0,0,0,0,0
,,,,,,362,2026-02-01 11:58:39.079819,COMP,24.87,24.86,24.87,143700.0,142300.0,0,0,0,0,0,0,0,0,0
1.0,1.0,1.0,,Welcome to the RITC 2026 Liquidity Risk Case - practice server,Good Luck!,363,2026-02-01 11:58:40.100293,RITC,10.1,10.1,10.11,198000.0,201100.0,0,0,0,0,0,0,0,0,0
,,,,,,363,2026-02-01 11:58:40.100293,COMP,24.88,24.86,24.88,144500.0,142000.0,0,0,0,0,0,0,0,0,0
1.0,1.0,1.0,,Welcome to the RITC 2026 Liquidity Risk Case - practice server,Good Luck!,364,2026-02-01 11:58:41.130299,RITC,10.1,10.1,10.11,196700.0,201100.0,0,0,0,0,0,0,0,0,0
,,,,,,364,2026-02-01 11:58:41.130299,COMP,24.88,24.86,24.88,144500.0,142000.0,0,0,0,0,0,0,0,0,0
1.0,1.0,1.0,,Welcome to the RITC 2026 Liquidity Risk Case - practice server,Good Luck!,365,2026-02-01 11:58:42.146435,RITC,10.1,10.1,10.11,201600.0,201100.0,0,0,0,0,0,0,0,0,0
,,,,,,365,2026-02-01 11:58:42.146435,COMP,24.88,24.86,24.88,143800.0,142400.0,0,0,0,0,0,0,0,0,0
1.0,1.0,1.0,,Welcome to the RITC 2026 Liquidity Risk Case - practice server,Good Luck!,366,2026-02-01 11:58:43.175743,RITC,10.1,10.1,10.11,201000.0,201100.0,0,0,0,0,0,0,0,0,0
,,,,,,366,2026-02-01 11:58:43.175743,COMP,24.88,24.87,24.88,143900.0,142400.0,0,0,0,0,0,0,0,0,0
1.0,1.0,1.0,,Welcome to the RITC 2026 Liquidity Risk Case - practice server,Good Luck!,367,2026-02-01 11:58:44.201261,RITC,10.12,10.1,10.12,201000.0,197300.0,0,0,0,0,0,0,0,0,0
,,,,,,367,2026-02-01 11:58:44.201261,COMP,24.88,24.87,24.88,143300.0,142400.0,0,0,0,0,0,0,0,0,0
1.0,1.0,1.0,,Welcome to the RITC 2026 Liquidity Risk Case - practice server,Good Luck!,368,2026-02-01 11:58:45.230624,RITC,10.12,10.1,10.12,201000.0,199000.0,0,0,0,0,0,0,0,0,0
,,,,,,368,2026-02-01 11:58:45.230624,COMP,24.88,24.87,24.88,143300.0,140100.0,0,0,0,0,0,0,0,0,0
1.0,1.0,1.0,,Welcome to the RITC 2026 Liquidity Risk Case - practice server,Good Luck!,369,2026-02-01 11:58:46.255294,RITC,10.12,10.11,10.12,199900.0,199000.0,0,0,0,0,0,0,0,0,0
,,,,,,369,2026-02-01 11:58:46.255294,COMP,24.89,24.87,24.89,142200.0,140400.0,0,0,0,0,0,0,0,0,0
1.0,1.0,1.0,,Welcome to the RITC 2026 Liquidity Risk Case - practice server,Good Luck!,370,2026-02-01 11:58:47.277121,RITC,10.12,10.11,10.12,199900.0,197800.0,0,0,0,0,0,0,0,0,0
,,,,,,370,2026-02-01 11:58:47.277121,COMP,24.89,24.87,24.89,142200.0,140400.0,0,0,0,0,0,0,0,0,0
1.0,1.0,1.0,,Welcome to the RITC 2026 Liquidity Risk Case - practice server,Good Luck!,371,2026-02-01 11:58:48.300196,RITC,10.13,10.11,10.13,199900.0,197400.0,0,0,0,0,0,0,0,0,0
,,,,,,371,2026-02-01 11:58:48.300196,COMP,24.89,24.88,24.89,140800.0,140400.0,0,0,0,0,0,0,0,0,0
1.0,1.0,1.0,,Welcome to the RITC 2026 Liquidity Risk Case - practice server,Good Luck!,372,2026-02-01 11:58:49.330504,RITC,10.1,10.12,10.13,2000.0,189900.0,197400.0,0,0,0,0,0,0,0,0
,,,,,,372,2026-02-01 11:58:49.330504,COMP,24.89,24.88,24.89,,139000.0,140400.0,0,0,0,0,0,0,0,0
1.0,1.0,1.0,,Welcome to the RITC 2026 Liquidity Risk Case - practice server,Good Luck!,373,2026-02-01 11:58:50.352398,RITC,10.13,10.12,10.13,9000.0,172300.0,194500.0,0,0,0,0,0,0,0,0
,,,,,,373,2026-02-01 11:58:50.352398,COMP,24.89,24.88,24.89,,138900.0,140400.0,0,0,0,0,0,0,0,0
1.0,1.0,1.0,,Welcome to the RITC 2026 Liquidity Risk Case - practice server,Good Luck!,374,2026-02-01 11:58:51.381763,RITC,10.12,10.11,10.12,7000.0,181500.0,194500.0,0,0,0,0,0,0,0,0
,,,,,,374,2026-02-01 11:58:51.381763,COMP,24.88,24.88,24.9,,138900.0,141600.0,0,0,0,0,0,0,0,0
1.0,1.0,1.0,,Welcome to the RITC 2026 Liquidity Risk Case - practice server,Good Luck!,376,2026-02-01 11:58:52.411364,RITC,10.13,10.11,10.13,7000.0,181500.0,196400.0,0,0,0,0,0,0,0,0
,,,,,,376,2026-02-01 11:58:52.411364,COMP,24.88,24.88,24.9,,138600.0,141600.0,0,0,0,0,0,0,0,0
1.0,1.0,1.0,,Welcome to the RITC 2026 Liquidity Risk Case - practice server,Good Luck!,377,2026-02-01 11:58:53.430058,RITC,10.13,10.11,10.13,7000.0,181500.0,194700.0,0,0,0,0,0,0,0,0
,,,,,,377,2026-02-01 11:58:53.430058,COMP,24.9,24.88,24.9,,138600.0,142400.0,0,0,0,0,0,0,0,0
1.0,1.0,1.0,,Welcome to the RITC 2026 Liquidity Risk Case - practice server,Good Luck!,378,2026-02-01 11:58:54.452504,RITC,10.11,10.1,10.11,189900.0,5000.0,197300.0,0,0,0,0,0,0,0,0
,,,,,,378,2026-02-01 11:58:54.452504,COMP,24.87,24.87,24.9,139700.0,,142400.0,0,0,0,0,0,0,0,0
1.0,1.0,1.0,,Welcome to the RITC 2026 Liquidity Risk Case - practice server,Good Luck!,379,2026-02-01 11:58:55.495343,RITC,10.11,10.1,10.13,172300.0,9000.0,195700.0,0,0,0,0,0,0,0,0
,,,,,,379,2026-02-01 11:58:55.495343,COMP,24.87,24.87,24.9,139900.0,,142400.0,0,0,0,0,0,0,0,0
1.0,1.0,1.0,,Welcome to the RITC 2026 Liquidity Risk Case - practice server,Good Luck!,380,2026-02-01 11:58:56.529722,RITC,10.13,10.1,10.13,172300.0,9000.0,195400.0,0,0,0,0,0,0,0,0
