news_id,period,tick,ticker,headline,body,tick,timestamp,ticker,last_price,bid_price,ask_price,BUY_ANON,SELL_ANON
2.0,1.0,1.0,Week 1,Delta limit and penalty,The delta limit for this sub-heat is 10000 and the penalty percentage is 3%,3,2026-02-01 02:40:02.855780,RTM,49.63,49.62,49.64,100000000.0,100000000.0
1.0,1.0,1.0,Week 1,Risk free rate and current annualized volatility of RTM,The current risk free rate is 0%. RTM is an ETF that mimics one of the major indices in the simulated world and its current annualized realized volatility is 20%. This simulation consists of 20 trading days that are each 15 ticks in length.,3,2026-02-01 02:40:02.855780,RTM1C45,4.76,4.75,4.77,1000000.0,1000000.0
,,,,,,3,2026-02-01 02:40:02.855780,RTM1P45,0.13,0.12,0.14,1000000.0,1000000.0
,,,,,,3,2026-02-01 02:40:02.855780,RTM1C46,3.89,3.88,3.9,1000000.0,1000000.0
,,,,,,3,2026-02-01 02:40:02.855780,RTM1P46,0.26,0.25,0.27,1000000.0,1000000.0
,,,,,,3,2026-02-01 02:40:02.855780,RTM1C47,3.14,3.13,3.15,1000000.0,1000000.0
,,,,,,3,2026-02-01 02:40:02.855780,RTM1P47,0.51,0.5,0.52,1000000.0,1000000.0
,,,,,,3,2026-02-01 02:40:02.855780,RTM1C48,2.39,2.38,2.4,1000000.0,1000000.0
,,,,,,3,2026-02-01 02:40:02.855780,RTM1P48,0.76,0.75,0.77,1000000.0,1000000.0
,,,,,,3,2026-02-01 02:40:02.855780,RTM1C49,1.79,1.78,1.8,1000000.0,1000000.0
,,,,,,3,2026-02-01 02:40:02.855780,RTM1P49,1.16,1.15,1.17,1000000.0,1000000.0
,,,,,,3,2026-02-01 02:40:02.855780,RTM1C50,1.32,1.31,1.33,1000000.0,1000000.0
,,,,,,3,2026-02-01 02:40:02.855780,RTM1P50,1.69,1.68,1.7,1000000.0,1000000.0
,,,,,,3,2026-02-01 02:40:02.855780,RTM1C51,0.85,0.84,0.86,1000000.0,1000000.0
,,,,,,3,2026-02-01 02:40:02.855780,RTM1P51,2.22,2.21,2.23,1000000.0,1000000.0
,,,,,,3,2026-02-01 02:40:02.855780,RTM1C52,0.68,0.67,0.69,1000000.0,1000000.0
,,,,,,3,2026-02-01 02:40:02.855780,RTM1P52,3.06,3.05,3.07,1000000.0,1000000.0
,,,,,,3,2026-02-01 02:40:02.855780,RTM1C53,0.41,0.4,0.42,1000000.0,1000000.0
,,,,,,3,2026-02-01 02:40:02.855780,RTM1P53,3.78,3.77,3.79,1000000.0,1000000.0
,,,,,,3,2026-02-01 02:40:02.855780,RTM1C54,0.25,0.24,0.26,1000000.0,1000000.0
,,,,,,3,2026-02-01 02:40:02.855780,RTM1P54,4.62,4.61,4.63,1000000.0,1000000.0
2.0,1.0,1.0,Week 1,Delta limit and penalty,The delta limit for this sub-heat is 10000 and the penalty percentage is 3%,4,2026-02-01 02:40:03.900662,RTM,49.95,49.94,49.96,100000000.0,100000000.0
1.0,1.0,1.0,Week 1,Risk free rate and current annualized volatility of RTM,The current risk free rate is 0%. RTM is an ETF that mimics one of the major indices in the simulated world and its current annualized realized volatility is 20%. This simulation consists of 20 trading days that are each 15 ticks in length.,4,2026-02-01 02:40:03.900662,RTM1C45,5.06,5.05,5.07,1000000.0,1000000.0
,,,,,,4,2026-02-01 02:40:03.900662,RTM1P45,0.11,0.1,0.12,1000000.0,1000000.0
,,,,,,4,2026-02-01 02:40:03.900662,RTM1C46,4.17,4.16,4.18,1000000.0,1000000.0
,,,,,,4,2026-02-01 02:40:03.900662,RTM1P46,0.22,0.21,0.23,1000000.0,1000000.0
,,,,,,4,2026-02-01 02:40:03.900662,RTM1C47,3.42,3.41,3.43,1000000.0,1000000.0
,,,,,,4,2026-02-01 02:40:03.900662,RTM1P47,0.48,0.47,0.49,1000000.0,1000000.0
,,,,,,4,2026-02-01 02:40:03.900662,RTM1C48,2.53,2.52,2.54,1000000.0,1000000.0
,,,,,,4,2026-02-01 02:40:03.900662,RTM1P48,0.59,0.58,0.6,1000000.0,1000000.0
,,,,,,4,2026-02-01 02:40:03.900662,RTM1C49,1.91,1.9,1.92,1000000.0,1000000.0
,,,,,,4,2026-02-01 02:40:03.900662,RTM1P49,0.96,0.95,0.97,1000000.0,1000000.0
,,,,,,4,2026-02-01 02:40:03.900662,RTM1C50,1.49,1.48,1.5,1000000.0,1000000.0
,,,,,,4,2026-02-01 02:40:03.900662,RTM1P50,1.54,1.53,1.55,1000000.0,1000000.0
,,,,,,4,2026-02-01 02:40:03.900662,RTM1C51,0.98,0.97,0.99,1000000.0,1000000.0
,,,,,,4,2026-02-01 02:40:03.900662,RTM1P51,2.03,2.02,2.04,1000000.0,1000000.0
,,,,,,4,2026-02-01 02:40:03.900662,RTM1C52,0.74,0.73,0.75,1000000.0,1000000.0
,,,,,,4,2026-02-01 02:40:03.900662,RTM1P52,2.8,2.79,2.81,1000000.0,1000000.0
,,,,,,4,2026-02-01 02:40:03.900662,RTM1C53,0.43,0.42,0.44,1000000.0,1000000.0
,,,,,,4,2026-02-01 02:40:03.900662,RTM1P53,3.48,3.47,3.49,1000000.0,1000000.0
,,,,,,4,2026-02-01 02:40:03.900662,RTM1C54,0.23,0.22,0.24,1000000.0,1000000.0
,,,,,,4,2026-02-01 02:40:03.900662,RTM1P54,4.29,4.28,4.3,1000000.0,1000000.0
2.0,1.0,1.0,Week 1,Delta limit and penalty,The delta limit for this sub-heat is 10000 and the penalty percentage is 3%,5,2026-02-01 02:40:04.943543,RTM,49.85,49.84,49.86,100000000.0,100000000.0
1.0,1.0,1.0,Week 1,Risk free rate and current annualized volatility of RTM,The current risk free rate is 0%. RTM is an ETF that mimics one of the major indices in the simulated world and its current annualized realized volatility is 20%. This simulation consists of 20 trading days that are each 15 ticks in length.,5,2026-02-01 02:40:04.943543,RTM1C45,4.99,4.98,5.0,1000000.0,1000000.0
,,,,,,5,2026-02-01 02:40:04.943543,RTM1P45,0.15,0.14,0.16,1000000.0,1000000.0
,,,,,,5,2026-02-01 02:40:04.943543,RTM1C46,4.09,4.08,4.1,1000000.0,1000000.0
,,,,,,5,2026-02-01 02:40:04.943543,RTM1P46,0.25,0.24,0.26,1000000.0,1000000.0
,,,,,,5,2026-02-01 02:40:04.943543,RTM1C47,3.31,3.3,3.32,1000000.0,1000000.0
,,,,,,5,2026-02-01 02:40:04.943543,RTM1P47,0.47,0.46,0.48,1000000.0,1000000.0
,,,,,,5,2026-02-01 02:40:04.943543,RTM1C48,2.48,2.47,2.49,1000000.0,1000000.0
,,,,,,5,2026-02-01 02:40:04.943543,RTM1P48,0.64,0.63,0.65,1000000.0,1000000.0
,,,,,,5,2026-02-01 02:40:04.943543,RTM1C49,1.89,1.88,1.9,1000000.0,1000000.0
,,,,,,5,2026-02-01 02:40:04.943543,RTM1P49,1.05,1.04,1.06,1000000.0,1000000.0
,,,,,,5,2026-02-01 02:40:04.943543,RTM1C50,1.3,1.29,1.31,1000000.0,1000000.0
,,,,,,5,2026-02-01 02:40:04.943543,RTM1P50,1.45,1.44,1.46,1000000.0,1000000.0
,,,,,,5,2026-02-01 02:40:04.943543,RTM1C51,0.96,0.95,0.97,1000000.0,1000000.0
,,,,,,5,2026-02-01 02:40:04.943543,RTM1P51,2.12,2.11,2.13,1000000.0,1000000.0
,,,,,,5,2026-02-01 02:40:04.943543,RTM1C52,0.69,0.68,0.7,1000000.0,1000000.0
,,,,,,5,2026-02-01 02:40:04.943543,RTM1P52,2.84,2.83,2.85,1000000.0,1000000.0
,,,,,,5,2026-02-01 02:40:04.943543,RTM1C53,0.46,0.45,0.47,1000000.0,1000000.0
,,,,,,5,2026-02-01 02:40:04.943543,RTM1P53,3.61,3.6,3.62,1000000.0,1000000.0
,,,,,,5,2026-02-01 02:40:04.943543,RTM1C54,0.28,0.27,0.29,1000000.0,1000000.0
,,,,,,5,2026-02-01 02:40:04.943543,RTM1P54,4.44,4.43,4.45,1000000.0,1000000.0
2.0,1.0,1.0,Week 1,Delta limit and penalty,The delta limit for this sub-heat is 10000 and the penalty percentage is 3%,6,2026-02-01 02:40:05.994233,RTM,49.95,49.94,49.96,100000000.0,100000000.0
1.0,1.0,1.0,Week 1,Risk free rate and current annualized volatility of RTM,The current risk free rate is 0%. RTM is an ETF that mimics one of the major indices in the simulated world and its current annualized realized volatility is 20%. This simulation consists of 20 trading days that are each 15 ticks in length.,6,2026-02-01 02:40:05.994233,RTM1C45,5.1,5.09,5.11,1000000.0,1000000.0
,,,,,,6,2026-02-01 02:40:05.994233,RTM1P45,0.15,0.14,0.16,1000000.0,1000000.0
,,,,,,6,2026-02-01 02:40:05.994233,RTM1C46,4.18,4.17,4.19,1000000.0,1000000.0
,,,,,,6,2026-02-01 02:40:05.994233,RTM1P46,0.23,0.22,0.24,1000000.0,1000000.0
,,,,,,6,2026-02-01 02:40:05.994233,RTM1C47,3.41,3.4,3.42,1000000.0,1000000.0
,,,,,,6,2026-02-01 02:40:05.994233,RTM1P47,0.46,0.45,0.47,1000000.0,1000000.0
,,,,,,6,2026-02-01 02:40:05.994233,RTM1C48,2.69,2.68,2.7,1000000.0,1000000.0
,,,,,,6,2026-02-01 02:40:05.994233,RTM1P48,0.74,0.73,0.75,1000000.0,1000000.0
,,,,,,6,2026-02-01 02:40:05.994233,RTM1C49,1.91,1.9,1.92,1000000.0,1000000.0
,,,,,,6,2026-02-01 02:40:05.994233,RTM1P49,0.96,0.95,0.97,1000000.0,1000000.0
,,,,,,6,2026-02-01 02:40:05.994233,RTM1C50,1.4,1.39,1.41,1000000.0,1000000.0
,,,,,,6,2026-02-01 02:40:05.994233,RTM1P50,1.46,1.45,1.47,1000000.0,1000000.0
,,,,,,6,2026-02-01 02:40:05.994233,RTM1C51,1.09,1.08,1.1,1000000.0,1000000.0
,,,,,,6,2026-02-01 02:40:05.994233,RTM1P51,2.14,2.13,2.15,1000000.0,1000000.0
,,,,,,6,2026-02-01 02:40:05.994233,RTM1C52,0.64,0.63,0.65,1000000.0,1000000.0
,,,,,,6,2026-02-01 02:40:05.994233,RTM1P52,2.69,2.68,2.7,1000000.0,1000000.0
,,,,,,6,2026-02-01 02:40:05.994233,RTM1C53,0.46,0.45,0.47,1000000.0,1000000.0
,,,,,,6,2026-02-01 02:40:05.994233,RTM1P53,3.51,3.5,3.52,1000000.0,1000000.0
,,,,,,6,2026-02-01 02:40:05.994233,RTM1C54,0.29,0.28,0.3,1000000.0,1000000.0
,,,,,,6,2026-02-01 02:40:05.994233,RTM1P54,4.34,4.33,4.35,1000000.0,1000000.0
2.0,1.0,1.0,Week 1,Delta limit and penalty,The delta limit for this sub-heat is 10000 and the penalty percentage is 3%,7,2026-02-01 02:40:07.043820,RTM,49.87,49.86,49.88,100000000.0,100000000.0
1.0,1.0,1.0,Week 1,Risk free rate and current annualized volatility of RTM,The current risk free rate is 0%. RTM is an ETF that mimics one of the major indices in the simulated world and its current annualized realized volatility is 20%. This simulation consists of 20 trading days that are each 15 ticks in length.,7,2026-02-01 02:40:07.043820,RTM1C45,5.02,5.01,5.03,1000000.0,1000000.0
,,,,,,7,2026-02-01 02:40:07.043820,RTM1P45,0.15,0.14,0.16,1000000.0,1000000.0
,,,,,,7,2026-02-01 02:40:07.043820,RTM1C46,4.14,4.13,4.15,1000000.0,1000000.0
,,,,,,7,2026-02-01 02:40:07.043820,RTM1P46,0.27,0.26,0.28,1000000.0,1000000.0
,,,,,,7,2026-02-01 02:40:07.043820,RTM1C47,3.22,3.21,3.23,1000000.0,1000000.0
,,,,,,7,2026-02-01 02:40:07.043820,RTM1P47,0.34,0.33,0.35,1000000.0,1000000.0
,,,,,,7,2026-02-01 02:40:07.043820,RTM1C48,2.49,2.48,2.5,1000000.0,1000000.0
,,,,,,7,2026-02-01 02:40:07.043820,RTM1P48,0.62,0.61,0.63,1000000.0,1000000.0
,,,,,,7,2026-02-01 02:40:07.043820,RTM1C49,1.88,1.87,1.89,1000000.0,1000000.0
,,,,,,7,2026-02-01 02:40:07.043820,RTM1P49,1.0,0.99,1.01,1000000.0,1000000.0
,,,,,,7,2026-02-01 02:40:07.043820,RTM1C50,1.29,1.28,1.3,1000000.0,1000000.0
,,,,,,7,2026-02-01 02:40:07.043820,RTM1P50,1.42,1.41,1.43,1000000.0,1000000.0
,,,,,,7,2026-02-01 02:40:07.043820,RTM1C51,1.03,1.02,1.04,1000000.0,1000000.0
,,,,,,7,2026-02-01 02:40:07.043820,RTM1P51,2.16,2.15,2.17,1000000.0,1000000.0
,,,,,,7,2026-02-01 02:40:07.043820,RTM1C52,0.71,0.7,0.72,1000000.0,1000000.0
,,,,,,7,2026-02-01 02:40:07.043820,RTM1P52,2.84,2.83,2.85,1000000.0,1000000.0
,,,,,,7,2026-02-01 02:40:07.043820,RTM1C53,0.37,0.36,0.38,1000000.0,1000000.0
,,,,,,7,2026-02-01 02:40:07.043820,RTM1P53,3.5,3.49,3.51,1000000.0,1000000.0
,,,,,,7,2026-02-01 02:40:07.043820,RTM1C54,0.24,0.23,0.25,1000000.0,1000000.0
,,,,,,7,2026-02-01 02:40:07.043820,RTM1P54,4.37,4.36,4.38,1000000.0,1000000.0
2.0,1.0,1.0,Week 1,Delta limit and penalty,The delta limit for this sub-heat is 10000 and the penalty percentage is 3%,8,2026-02-01 02:40:08.097477,RTM,49.84,49.83,49.85,100000000.0,100000000.0
1.0,1.0,1.0,Week 1,Risk free rate and current annualized volatility of RTM,The current risk free rate is 0%. RTM is an ETF that mimics one of the major indices in the simulated world and its current annualized realized volatility is 20%. This simulation consists of 20 trading days that are each 15 ticks in length.,8,2026-02-01 02:40:08.097477,RTM1C45,4.99,4.98,5.0,1000000.0,1000000.0
,,,,,,8,2026-02-01 02:40:08.097477,RTM1P45,0.15,0.14,0.16,1000000.0,1000000.0
,,,,,,8,2026-02-01 02:40:08.097477,RTM1C46,4.1,4.09,4.11,1000000.0,1000000.0
,,,,,,8,2026-02-01 02:40:08.097477,RTM1P46,0.27,0.26,0.28,1000000.0,1000000.0
,,,,,,8,2026-02-01 02:40:08.097477,RTM1C47,3.25,3.24,3.26,1000000.0,1000000.0
,,,,,,8,2026-02-01 02:40:08.097477,RTM1P47,0.41,0.4,0.42,1000000.0,1000000.0
,,,,,,8,2026-02-01 02:40:08.097477,RTM1C48,2.44,2.43,2.45,1000000.0,1000000.0
,,,,,,8,2026-02-01 02:40:08.097477,RTM1P48,0.6,0.59,0.61,1000000.0,1000000.0
,,,,,,8,2026-02-01 02:40:08.097477,RTM1C49,1.93,1.92,1.94,1000000.0,1000000.0
,,,,,,8,2026-02-01 02:40:08.097477,RTM1P49,1.1,1.09,1.11,1000000.0,1000000.0
,,,,,,8,2026-02-01 02:40:08.097477,RTM1C50,1.38,1.38,1.4,1000000.0,1000000.0
,,,,,,8,2026-02-01 02:40:08.097477,RTM1P50,1.55,1.55,1.57,1000000.0,1000000.0
,,,,,,8,2026-02-01 02:40:08.097477,RTM1C51,1.01,1.0,1.02,1000000.0,1000000.0
,,,,,,8,2026-02-01 02:40:08.097477,RTM1P51,2.17,2.16,2.18,1000000.0,1000000.0
,,,,,,8,2026-02-01 02:40:08.097477,RTM1C52,0.59,0.58,0.6,1000000.0,1000000.0
,,,,,,8,2026-02-01 02:40:08.097477,RTM1P52,2.75,2.74,2.76,1000000.0,1000000.0
,,,,,,8,2026-02-01 02:40:08.097477,RTM1C53,0.37,0.36,0.38,1000000.0,1000000.0
,,,,,,8,2026-02-01 02:40:08.097477,RTM1P53,3.53,3.52,3.54,1000000.0,1000000.0
,,,,,,8,2026-02-01 02:40:08.097477,RTM1C54,0.21,0.2,0.22,1000000.0,1000000.0
,,,,,,8,2026-02-01 02:40:08.097477,RTM1P54,4.37,4.36,4.38,1000000.0,1000000.0
2.0,1.0,1.0,Week 1,Delta limit and penalty,The delta limit for this sub-heat is 10000 and the penalty percentage is 3%,9,2026-02-01 02:40:09.143625,RTM,49.83,49.82,49.84,100000000.0,100000000.0
1.0,1.0,1.0,Week 1,Risk free rate and current annualized volatility of RTM,The current risk free rate is 0%. RTM is an ETF that mimics one of the major indices in the simulated world and its current annualized realized volatility is 20%. This simulation consists of 20 trading days that are each 15 ticks in length.,9,2026-02-01 02:40:09.143625,RTM1C45,4.98,4.97,4.99,1000000.0,1000000.0
,,,,,,9,2026-02-01 02:40:09.143625,RTM1P45,0.15,0.14,0.16,1000000.0,1000000.0
,,,,,,9,2026-02-01 02:40:09.143625,RTM1C46,4.09,4.08,4.1,1000000.0,1000000.0
,,,,,,9,2026-02-01 02:40:09.143625,RTM1P46,0.25,0.24,0.26,1000000.0,1000000.0
,,,,,,9,2026-02-01 02:40:09.143625,RTM1C47,3.23,3.22,3.24,1000000.0,1000000.0
,,,,,,9,2026-02-01 02:40:09.143625,RTM1P47,0.4,0.39,0.41,1000000.0,1000000.0
,,,,,,9,2026-02-01 02:40:09.143625,RTM1C48,2.44,2.43,2.45,1000000.0,1000000.0
,,,,,,9,2026-02-01 02:40:09.143625,RTM1P48,0.61,0.6,0.62,1000000.0,1000000.0
,,,,,,9,2026-02-01 02:40:09.143625,RTM1C49,1.81,1.8,1.82,1000000.0,1000000.0
,,,,,,9,2026-02-01 02:40:09.143625,RTM1P49,0.98,0.97,0.99,1000000.0,1000000.0
,,,,,,9,2026-02-01 02:40:09.143625,RTM1C50,1.27,1.26,1.28,1000000.0,1000000.0
,,,,,,9,2026-02-01 02:40:09.143625,RTM1P50,1.43,1.42,1.44,1000000.0,1000000.0
,,,,,,9,2026-02-01 02:40:09.143625,RTM1C51,0.96,0.95,0.97,1000000.0,1000000.0
,,,,,,9,2026-02-01 02:40:09.143625,RTM1P51,2.13,2.12,2.14,1000000.0,1000000.0
,,,,,,9,2026-02-01 02:40:09.143625,RTM1C52,0.57,0.56,0.58,1000000.0,1000000.0
,,,,,,9,2026-02-01 02:40:09.143625,RTM1P52,2.74,2.73,2.75,1000000.0,1000000.0
,,,,,,9,2026-02-01 02:40:09.143625,RTM1C53,0.42,0.41,0.43,1000000.0,1000000.0
,,,,,,9,2026-02-01 02:40:09.143625,RTM1P53,3.59,3.58,3.6,1000000.0,1000000.0
,,,,,,9,2026-02-01 02:40:09.143625,RTM1C54,0.23,0.22,0.24,1000000.0,1000000.0
,,,,,,9,2026-02-01 02:40:09.143625,RTM1P54,4.4,4.39,4.41,1000000.0,1000000.0
2.0,1.0,1.0,Week 1,Delta limit and penalty,The delta limit for this sub-heat is 10000 and the penalty percentage is 3%,10,2026-02-01 02:40:10.197512,RTM,49.77,49.76,49.78,100000000.0,100000000.0
1.0,1.0,1.0,Week 1,Risk free rate and current annualized volatility of RTM,The current risk free rate is 0%. RTM is an ETF that mimics one of the major indices in the simulated world and its current annualized realized volatility is 20%. This simulation consists of 20 trading days that are each 15 ticks in length.,10,2026-02-01 02:40:10.197512,RTM1C45,4.92,4.91,4.93,1000000.0,1000000.0
,,,,,,10,2026-02-01 02:40:10.197512,RTM1P45,0.14,0.13,0.15,1000000.0,1000000.0
,,,,,,10,2026-02-01 02:40:10.197512,RTM1C46,3.98,3.97,3.99,1000000.0,1000000.0
,,,,,,10,2026-02-01 02:40:10.197512,RTM1P46,0.2,0.19,0.21,1000000.0,1000000.0
,,,,,,10,2026-02-01 02:40:10.197512,RTM1C47,3.18,3.17,3.19,1000000.0,1000000.0
,,,,,,10,2026-02-01 02:40:10.197512,RTM1P47,0.4,0.39,0.41,1000000.0,1000000.0
,,,,,,10,2026-02-01 02:40:10.197512,RTM1C48,2.52,2.51,2.53,1000000.0,1000000.0
,,,,,,10,2026-02-01 02:40:10.197512,RTM1P48,0.74,0.73,0.75,1000000.0,1000000.0
,,,,,,10,2026-02-01 02:40:10.197512,RTM1C49,1.9,1.89,1.91,1000000.0,1000000.0
,,,,,,10,2026-02-01 02:40:10.197512,RTM1P49,1.12,1.11,1.13,1000000.0,1000000.0
,,,,,,10,2026-02-01 02:40:10.197512,RTM1C50,1.37,1.36,1.38,1000000.0,1000000.0
,,,,,,10,2026-02-01 02:40:10.197512,RTM1P50,1.6,1.59,1.61,1000000.0,1000000.0
,,,,,,10,2026-02-01 02:40:10.197512,RTM1C51,0.97,0.96,0.98,1000000.0,1000000.0
,,,,,,10,2026-02-01 02:40:10.197512,RTM1P51,2.19,2.18,2.2,1000000.0,1000000.0
,,,,,,10,2026-02-01 02:40:10.197512,RTM1C52,0.55,0.54,0.56,1000000.0,1000000.0
,,,,,,10,2026-02-01 02:40:10.197512,RTM1P52,2.77,2.76,2.78,1000000.0,1000000.0
,,,,,,10,2026-02-01 02:40:10.197512,RTM1C53,0.39,0.38,0.4,1000000.0,1000000.0
,,,,,,10,2026-02-01 02:40:10.197512,RTM1P53,3.62,3.61,3.63,1000000.0,1000000.0
,,,,,,10,2026-02-01 02:40:10.197512,RTM1C54,0.19,0.18,0.2,1000000.0,1000000.0
,,,,,,10,2026-02-01 02:40:10.197512,RTM1P54,4.42,4.41,4.43,1000000.0,1000000.0
2.0,1.0,1.0,Week 1,Delta limit and penalty,The delta limit for this sub-heat is 10000 and the penalty percentage is 3%,11,2026-02-01 02:40:11.242438,RTM,50.07,50.06,50.08,100000000.0,100000000.0
1.0,1.0,1.0,Week 1,Risk free rate and current annualized volatility of RTM,The current risk free rate is 0%. RTM is an ETF that mimics one of the major indices in the simulated world and its current annualized realized volatility is 20%. This simulation consists of 20 trading days that are each 15 ticks in length.,11,2026-02-01 02:40:11.242438,RTM1C45,5.14,5.13,5.15,1000000.0,1000000.0
,,,,,,11,2026-02-01 02:40:11.242438,RTM1P45,0.07,0.06,0.08,1000000.0,1000000.0
,,,,,,11,2026-02-01 02:40:11.242438,RTM1C46,4.29,4.28,4.3,1000000.0,1000000.0
,,,,,,11,2026-02-01 02:40:11.242438,RTM1P46,0.22,0.21,0.23,1000000.0,1000000.0
,,,,,,11,2026-02-01 02:40:11.242438,RTM1C47,3.36,3.35,3.37,1000000.0,1000000.0
,,,,,,11,2026-02-01 02:40:11.242438,RTM1P47,0.29,0.28,0.3,1000000.0,1000000.0
,,,,,,11,2026-02-01 02:40:11.242438,RTM1C48,2.6,2.59,2.61,1000000.0,1000000.0
,,,,,,11,2026-02-01 02:40:11.242438,RTM1P48,0.54,0.53,0.55,1000000.0,1000000.0
,,,,,,11,2026-02-01 02:40:11.242438,RTM1C49,1.97,1.96,1.98,1000000.0,1000000.0
,,,,,,11,2026-02-01 02:40:11.242438,RTM1P49,0.9,0.89,0.91,1000000.0,1000000.0
,,,,,,11,2026-02-01 02:40:11.242438,RTM1C50,1.48,1.47,1.49,1000000.0,1000000.0
,,,,,,11,2026-02-01 02:40:11.242438,RTM1P50,1.41,1.4,1.42,1000000.0,1000000.0
,,,,,,11,2026-02-01 02:40:11.242438,RTM1C51,1.1,1.09,1.11,1000000.0,1000000.0
,,,,,,11,2026-02-01 02:40:11.242438,RTM1P51,2.03,2.02,2.04,1000000.0,1000000.0
,,,,,,11,2026-02-01 02:40:11.242438,RTM1C52,0.61,0.6,0.62,1000000.0,1000000.0
,,,,,,11,2026-02-01 02:40:11.242438,RTM1P52,2.54,2.53,2.55,1000000.0,1000000.0
,,,,,,11,2026-02-01 02:40:11.242438,RTM1C53,0.43,0.42,0.44,1000000.0,1000000.0
,,,,,,11,2026-02-01 02:40:11.242438,RTM1P53,3.36,3.35,3.37,1000000.0,1000000.0
,,,,,,11,2026-02-01 02:40:11.242438,RTM1C54,0.3,0.29,0.31,1000000.0,1000000.0
,,,,,,11,2026-02-01 02:40:11.242438,RTM1P54,4.24,4.23,4.25,1000000.0,1000000.0
2.0,1.0,1.0,Week 1,Delta limit and penalty,The delta limit for this sub-heat is 10000 and the penalty percentage is 3%,13,2026-02-01 02:40:12.315056,RTM,50.12,50.11,50.13,100000000.0,100000000.0
1.0,1.0,1.0,Week 1,Risk free rate and current annualized volatility of RTM,The current risk free rate is 0%. RTM is an ETF that mimics one of the major indices in the simulated world and its current annualized realized volatility is 20%. This simulation consists of 20 trading days that are each 15 ticks in length.,13,2026-02-01 02:40:12.315056,RTM1C45,5.21,5.2,5.22,1000000.0,1000000.0
,,,,,,13,2026-02-01 02:40:12.315056,RTM1P45,0.08,0.07,0.09,1000000.0,1000000.0
,,,,,,13,2026-02-01 02:40:12.315056,RTM1C46,4.32,4.31,4.33,1000000.0,1000000.0
,,,,,,13,2026-02-01 02:40:12.315056,RTM1P46,0.2,0.19,0.21,1000000.0,1000000.0
,,,,,,13,2026-02-01 02:40:12.315056,RTM1C47,3.44,3.43,3.45,1000000.0,1000000.0
,,,,,,13,2026-02-01 02:40:12.315056,RTM1P47,0.31,0.3,0.32,1000000.0,1000000.0
,,,,,,13,2026-02-01 02:40:12.315056,RTM1C48,2.7,2.69,2.71,1000000.0,1000000.0
,,,,,,13,2026-02-01 02:40:12.315056,RTM1P48,0.58,0.57,0.59,1000000.0,1000000.0
,,,,,,13,2026-02-01 02:40:12.315056,RTM1C49,2.04,2.03,2.05,1000000.0,1000000.0
,,,,,,13,2026-02-01 02:40:12.315056,RTM1P49,0.91,0.9,0.92,1000000.0,1000000.0
,,,,,,13,2026-02-01 02:40:12.315056,RTM1C50,1.38,1.37,1.39,1000000.0,1000000.0
,,,,,,13,2026-02-01 02:40:12.315056,RTM1P50,1.26,1.25,1.27,1000000.0,1000000.0
,,,,,,13,2026-02-01 02:40:12.315056,RTM1C51,0.97,0.96,0.98,1000000.0,1000000.0
,,,,,,13,2026-02-01 02:40:12.315056,RTM1P51,1.84,1.83,1.85,1000000.0,1000000.0
,,,,,,13,2026-02-01 02:40:12.315056,RTM1C52,0.72,0.71,0.73,1000000.0,1000000.0
,,,,,,13,2026-02-01 02:40:12.315056,RTM1P52,2.6,2.59,2.61,1000000.0,1000000.0
,,,,,,13,2026-02-01 02:40:12.315056,RTM1C53,0.44,0.43,0.45,1000000.0,1000000.0
,,,,,,13,2026-02-01 02:40:12.315056,RTM1P53,3.32,3.31,3.33,1000000.0,1000000.0
,,,,,,13,2026-02-01 02:40:12.315056,RTM1C54,0.31,0.3,0.32,1000000.0,1000000.0
,,,,,,13,2026-02-01 02:40:12.315056,RTM1P54,4.19,4.18,4.2,1000000.0,1000000.0
2.0,1.0,1.0,Week 1,Delta limit and penalty,The delta limit for this sub-heat is 10000 and the penalty percentage is 3%,14,2026-02-01 02:40:13.366500,RTM,50.09,50.08,50.1,100000000.0,100000000.0
1.0,1.0,1.0,Week 1,Risk free rate and current annualized volatility of RTM,The current risk free rate is 0%. RTM is an ETF that mimics one of the major indices in the simulated world and its current annualized realized volatility is 20%. This simulation consists of 20 trading days that are each 15 ticks in length.,14,2026-02-01 02:40:13.366500,RTM1C45,5.2,5.19,5.21,1000000.0,1000000.0
,,,,,,14,2026-02-01 02:40:13.366500,RTM1P45,0.11,0.1,0.12,1000000.0,1000000.0
,,,,,,14,2026-02-01 02:40:13.366500,RTM1C46,4.23,4.22,4.24,1000000.0,1000000.0
,,,,,,14,2026-02-01 02:40:13.366500,RTM1P46,0.14,0.13,0.15,1000000.0,1000000.0
,,,,,,14,2026-02-01 02:40:13.366500,RTM1C47,3.41,3.4,3.42,1000000.0,1000000.0
,,,,,,14,2026-02-01 02:40:13.366500,RTM1P47,0.32,0.31,0.33,1000000.0,1000000.0
,,,,,,14,2026-02-01 02:40:13.366500,RTM1C48,2.63,2.62,2.64,1000000.0,1000000.0
,,,,,,14,2026-02-01 02:40:13.366500,RTM1P48,0.54,0.53,0.55,1000000.0,1000000.0
,,,,,,14,2026-02-01 02:40:13.366500,RTM1C49,1.92,1.91,1.93,1000000.0,1000000.0
,,,,,,14,2026-02-01 02:40:13.366500,RTM1P49,0.83,0.82,0.84,1000000.0,1000000.0
,,,,,,14,2026-02-01 02:40:13.366500,RTM1C50,1.51,1.5,1.52,1000000.0,1000000.0
,,,,,,14,2026-02-01 02:40:13.366500,RTM1P50,1.42,1.41,1.43,1000000.0,1000000.0
,,,,,,14,2026-02-01 02:40:13.366500,RTM1C51,0.93,0.92,0.94,1000000.0,1000000.0
,,,,,,14,2026-02-01 02:40:13.366500,RTM1P51,1.84,1.83,1.85,1000000.0,1000000.0
,,,,,,14,2026-02-01 02:40:13.366500,RTM1C52,0.61,0.6,0.62,1000000.0,1000000.0
,,,,,,14,2026-02-01 02:40:13.366500,RTM1P52,2.52,2.51,2.53,1000000.0,1000000.0
,,,,,,14,2026-02-01 02:40:13.366500,RTM1C53,0.41,0.4,0.42,1000000.0,1000000.0
,,,,,,14,2026-02-01 02:40:13.366500,RTM1P53,3.32,3.31,3.33,1000000.0,1000000.0
,,,,,,14,2026-02-01 02:40:13.366500,RTM1C54,0.23,0.22,0.24,1000000.0,1000000.0
,,,,,,14,2026-02-01 02:40:13.366500,RTM1P54,4.15,4.14,4.16,1000000.0,1000000.0
2.0,1.0,1.0,Week 1,Delta limit and penalty,The delta limit for this sub-heat is 10000 and the penalty percentage is 3%,15,2026-02-01 02:40:14.423860,RTM,50.12,50.11,50.13,100000000.0,100000000.0
1.0,1.0,1.0,Week 1,Risk free rate and current annualized volatility of RTM,The current risk free rate is 0%. RTM is an ETF that mimics one of the major indices in the simulated world and its current annualized realized volatility is 20%. This simulation consists of 20 trading days that are each 15 ticks in length.,15,2026-02-01 02:40:14.423860,RTM1C45,5.21,5.2,5.22,1000000.0,1000000.0
,,,,,,15,2026-02-01 02:40:14.423860,RTM1P45,0.09,0.08,0.1,1000000.0,1000000.0
,,,,,,15,2026-02-01 02:40:14.423860,RTM1C46,4.31,4.3,4.32,1000000.0,1000000.0
,,,,,,15,2026-02-01 02:40:14.423860,RTM1P46,0.18,0.17,0.19,1000000.0,1000000.0
,,,,,,15,2026-02-01 02:40:14.423860,RTM1C47,3.41,3.4,3.42,1000000.0,1000000.0
,,,,,,15,2026-02-01 02:40:14.423860,RTM1P47,0.29,0.28,0.3,1000000.0,1000000.0
,,,,,,15,2026-02-01 02:40:14.423860,RTM1C48,2.73,2.72,2.74,1000000.0,1000000.0
,,,,,,15,2026-02-01 02:40:14.423860,RTM1P48,0.61,0.6,0.62,1000000.0,1000000.0
,,,,,,15,2026-02-01 02:40:14.423860,RTM1C49,1.99,1.98,2.0,1000000.0,1000000.0
,,,,,,15,2026-02-01 02:40:14.423860,RTM1P49,0.86,0.85,0.87,1000000.0,1000000.0
,,,,,,15,2026-02-01 02:40:14.423860,RTM1C50,1.49,1.48,1.5,1000000.0,1000000.0
,,,,,,15,2026-02-01 02:40:14.423860,RTM1P50,1.36,1.36,1.38,1000000.0,1000000.0
,,,,,,15,2026-02-01 02:40:14.423860,RTM1C51,1.07,1.06,1.08,1000000.0,1000000.0
,,,,,,15,2026-02-01 02:40:14.423860,RTM1P51,1.95,1.94,1.96,1000000.0,1000000.0
,,,,,,15,2026-02-01 02:40:14.423860,RTM1C52,0.61,0.6,0.62,1000000.0,1000000.0
,,,,,,15,2026-02-01 02:40:14.423860,RTM1P52,2.48,2.47,2.49,1000000.0,1000000.0
,,,,,,15,2026-02-01 02:40:14.423860,RTM1C53,0.48,0.47,0.49,1000000.0,1000000.0
,,,,,,15,2026-02-01 02:40:14.423860,RTM1P53,3.35,3.34,3.36,1000000.0,1000000.0
,,,,,,15,2026-02-01 02:40:14.423860,RTM1C54,0.23,0.22,0.24,1000000.0,1000000.0
,,,,,,15,2026-02-01 02:40:14.423860,RTM1P54,4.1,4.09,4.11,1000000.0,1000000.0
2.0,1.0,1.0,Week 1,Delta limit and penalty,The delta limit for this sub-heat is 10000 and the penalty percentage is 3%,16,2026-02-01 02:40:15.473595,RTM,50.57,50.56,50.58,100000000.0,100000000.0
1.0,1.0,1.0,Week 1,Risk free rate and current annualized volatility of RTM,The current risk free rate is 0%. RTM is an ETF that mimics one of the major indices in the simulated world and its current annualized realized volatility is 20%. This simulation consists of 20 trading days that are each 15 ticks in length.,16,2026-02-01 02:40:15.473595,RTM1C45,5.63,5.62,5.64,1000000.0,1000000.0
,,,,,,16,2026-02-01 02:40:15.473595,RTM1P45,0.06,0.05,0.07,1000000.0,1000000.0
,,,,,,16,2026-02-01 02:40:15.473595,RTM1C46,4.72,4.71,4.73,1000000.0,1000000.0
,,,,,,16,2026-02-01 02:40:15.473595,RTM1P46,0.15,0.14,0.16,1000000.0,1000000.0
,,,,,,16,2026-02-01 02:40:15.473595,RTM1C47,3.84,3.83,3.85,1000000.0,1000000.0
,,,,,,16,2026-02-01 02:40:15.473595,RTM1P47,0.26,0.25,0.27,1000000.0,1000000.0
,,,,,,16,2026-02-01 02:40:15.473595,RTM1C48,2.99,2.98,3.0,1000000.0,1000000.0
,,,,,,16,2026-02-01 02:40:15.473595,RTM1P48,0.42,0.41,0.43,1000000.0,1000000.0
,,,,,,16,2026-02-01 02:40:15.473595,RTM1C49,2.28,2.27,2.29,1000000.0,1000000.0
,,,,,,16,2026-02-01 02:40:15.473595,RTM1P49,0.71,0.7,0.72,1000000.0,1000000.0
,,,,,,16,2026-02-01 02:40:15.473595,RTM1C50,1.76,1.75,1.77,1000000.0,1000000.0
,,,,,,16,2026-02-01 02:40:15.473595,RTM1P50,1.18,1.17,1.19,1000000.0,1000000.0
,,,,,,16,2026-02-01 02:40:15.473595,RTM1C51,1.18,1.17,1.19,1000000.0,1000000.0
,,,,,,16,2026-02-01 02:40:15.473595,RTM1P51,1.6,1.59,1.61,1000000.0,1000000.0
,,,,,,16,2026-02-01 02:40:15.473595,RTM1C52,0.83,0.82,0.84,1000000.0,1000000.0
,,,,,,16,2026-02-01 02:40:15.473595,RTM1P52,2.26,2.25,2.27,1000000.0,1000000.0
,,,,,,16,2026-02-01 02:40:15.473595,RTM1C53,0.51,0.5,0.52,1000000.0,1000000.0
,,,,,,16,2026-02-01 02:40:15.473595,RTM1P53,2.93,2.92,2.94,1000000.0,1000000.0
,,,,,,16,2026-02-01 02:40:15.473595,RTM1C54,0.38,0.37,0.39,1000000.0,1000000.0
,,,,,,16,2026-02-01 02:40:15.473595,RTM1P54,3.8,3.79,3.81,1000000.0,1000000.0
2.0,1.0,1.0,Week 1,Delta limit and penalty,The delta limit for this sub-heat is 10000 and the penalty percentage is 3%,17,2026-02-01 02:40:16.513590,RTM,50.56,50.55,50.57,100000000.0,100000000.0
1.0,1.0,1.0,Week 1,Risk free rate and current annualized volatility of RTM,The current risk free rate is 0%. RTM is an ETF that mimics one of the major indices in the simulated world and its current annualized realized volatility is 20%. This simulation consists of 20 trading days that are each 15 ticks in length.,17,2026-02-01 02:40:16.513590,RTM1C45,5.63,5.62,5.64,1000000.0,1000000.0
,,,,,,17,2026-02-01 02:40:16.513590,RTM1P45,0.07,0.06,0.08,1000000.0,1000000.0
,,,,,,17,2026-02-01 02:40:16.513590,RTM1C46,4.72,4.71,4.73,1000000.0,1000000.0
,,,,,,17,2026-02-01 02:40:16.513590,RTM1P46,0.16,0.15,0.17,1000000.0,1000000.0
,,,,,,17,2026-02-01 02:40:16.513590,RTM1C47,3.81,3.8,3.82,1000000.0,1000000.0
,,,,,,17,2026-02-01 02:40:16.513590,RTM1P47,0.26,0.25,0.27,1000000.0,1000000.0
,,,,,,17,2026-02-01 02:40:16.513590,RTM1C48,2.95,2.94,2.96,1000000.0,1000000.0
,,,,,,17,2026-02-01 02:40:16.513590,RTM1P48,0.39,0.38,0.4,1000000.0,1000000.0
,,,,,,17,2026-02-01 02:40:16.513590,RTM1C49,2.32,2.31,2.33,1000000.0,1000000.0
,,,,,,17,2026-02-01 02:40:16.513590,RTM1P49,0.77,0.76,0.78,1000000.0,1000000.0
,,,,,,17,2026-02-01 02:40:16.513590,RTM1C50,1.75,1.74,1.76,1000000.0,1000000.0
,,,,,,17,2026-02-01 02:40:16.513590,RTM1P50,1.19,1.18,1.2,1000000.0,1000000.0
,,,,,,17,2026-02-01 02:40:16.513590,RTM1C51,1.17,1.16,1.18,1000000.0,1000000.0
,,,,,,17,2026-02-01 02:40:16.513590,RTM1P51,1.61,1.6,1.62,1000000.0,1000000.0
,,,,,,17,2026-02-01 02:40:16.513590,RTM1C52,0.87,0.86,0.88,1000000.0,1000000.0
,,,,,,17,2026-02-01 02:40:16.513590,RTM1P52,2.31,2.3,2.32,1000000.0,1000000.0
,,,,,,17,2026-02-01 02:40:16.513590,RTM1C53,0.46,0.45,0.47,1000000.0,1000000.0
,,,,,,17,2026-02-01 02:40:16.513590,RTM1P53,2.9,2.89,2.91,1000000.0,1000000.0
,,,,,,17,2026-02-01 02:40:16.513590,RTM1C54,0.33,0.32,0.34,1000000.0,1000000.0
,,,,,,17,2026-02-01 02:40:16.513590,RTM1P54,3.77,3.76,3.78,1000000.0,1000000.0
2.0,1.0,1.0,Week 1,Delta limit and penalty,The delta limit for this sub-heat is 10000 and the penalty percentage is 3%,18,2026-02-01 02:40:17.570429,RTM,50.98,50.97,50.99,100000000.0,100000000.0
1.0,1.0,1.0,Week 1,Risk free rate and current annualized volatility of RTM,The current risk free rate is 0%. RTM is an ETF that mimics one of the major indices in the simulated world and its current annualized realized volatility is 20%. This simulation consists of 20 trading days that are each 15 ticks in length.,18,2026-02-01 02:40:17.570429,RTM1C45,6.02,6.01,6.03,1000000.0,1000000.0
,,,,,,18,2026-02-01 02:40:17.570429,RTM1P45,0.03,0.02,0.04,1000000.0,1000000.0
,,,,,,18,2026-02-01 02:40:17.570429,RTM1C46,5.06,5.05,5.07,1000000.0,1000000.0
,,,,,,18,2026-02-01 02:40:17.570429,RTM1P46,0.08,0.07,0.09,1000000.0,1000000.0
,,,,,,18,2026-02-01 02:40:17.570429,RTM1C47,4.15,4.14,4.16,1000000.0,1000000.0
,,,,,,18,2026-02-01 02:40:17.570429,RTM1P47,0.16,0.15,0.17,1000000.0,1000000.0
,,,,,,18,2026-02-01 02:40:17.570429,RTM1C48,3.36,3.35,3.37,1000000.0,1000000.0
,,,,,,18,2026-02-01 02:40:17.570429,RTM1P48,0.38,0.37,0.39,1000000.0,1000000.0
,,,,,,18,2026-02-01 02:40:17.570429,RTM1C49,2.64,2.63,2.65,1000000.0,1000000.0
,,,,,,18,2026-02-01 02:40:17.570429,RTM1P49,0.65,0.64,0.66,1000000.0,1000000.0
,,,,,,18,2026-02-01 02:40:17.570429,RTM1C50,1.91,1.9,1.92,1000000.0,1000000.0
,,,,,,18,2026-02-01 02:40:17.570429,RTM1P50,0.93,0.92,0.94,1000000.0,1000000.0
,,,,,,18,2026-02-01 02:40:17.570429,RTM1C51,1.36,1.35,1.37,1000000.0,1000000.0
,,,,,,18,2026-02-01 02:40:17.570429,RTM1P51,1.38,1.37,1.39,1000000.0,1000000.0
,,,,,,18,2026-02-01 02:40:17.570429,RTM1C52,0.96,0.95,0.97,1000000.0,1000000.0
,,,,,,18,2026-02-01 02:40:17.570429,RTM1P52,1.98,1.97,1.99,1000000.0,1000000.0
,,,,,,18,2026-02-01 02:40:17.570429,RTM1C53,0.67,0.66,0.68,1000000.0,1000000.0
,,,,,,18,2026-02-01 02:40:17.570429,RTM1P53,2.69,2.68,2.7,1000000.0,1000000.0
,,,,,,18,2026-02-01 02:40:17.570429,RTM1C54,0.41,0.4,0.42,1000000.0,1000000.0
,,,,,,18,2026-02-01 02:40:17.570429,RTM1P54,3.43,3.42,3.44,1000000.0,1000000.0
2.0,1.0,1.0,Week 1,Delta limit and penalty,The delta limit for this sub-heat is 10000 and the penalty percentage is 3%,19,2026-02-01 02:40:18.620505,RTM,51.03,51.02,51.04,100000000.0,100000000.0
1.0,1.0,1.0,Week 1,Risk free rate and current annualized volatility of RTM,The current risk free rate is 0%. RTM is an ETF that mimics one of the major indices in the simulated world and its current annualized realized volatility is 20%. This simulation consists of 20 trading days that are each 15 ticks in length.,19,2026-02-01 02:40:18.620505,RTM1C45,6.09,6.08,6.1,1000000.0,1000000.0
,,,,,,19,2026-02-01 02:40:18.620505,RTM1P45,0.05,0.04,0.06,1000000.0,1000000.0
,,,,,,19,2026-02-01 02:40:18.620505,RTM1C46,5.12,5.11,5.13,1000000.0,1000000.0
,,,,,,19,2026-02-01 02:40:18.620505,RTM1P46,0.09,0.08,0.1,1000000.0,1000000.0
,,,,,,19,2026-02-01 02:40:18.620505,RTM1C47,4.22,4.21,4.23,1000000.0,1000000.0
,,,,,,19,2026-02-01 02:40:18.620505,RTM1P47,0.19,0.18,0.2,1000000.0,1000000.0
,,,,,,19,2026-02-01 02:40:18.620505,RTM1C48,3.36,3.35,3.37,1000000.0,1000000.0
,,,,,,19,2026-02-01 02:40:18.620505,RTM1P48,0.33,0.32,0.34,1000000.0,1000000.0
,,,,,,19,2026-02-01 02:40:18.620505,RTM1C49,2.59,2.58,2.6,1000000.0,1000000.0
,,,,,,19,2026-02-01 02:40:18.620505,RTM1P49,0.56,0.55,0.57,1000000.0,1000000.0
,,,,,,19,2026-02-01 02:40:18.620505,RTM1C50,1.95,1.94,1.96,1000000.0,1000000.0
,,,,,,19,2026-02-01 02:40:18.620505,RTM1P50,0.92,0.91,0.93,1000000.0,1000000.0
,,,,,,19,2026-02-01 02:40:18.620505,RTM1C51,1.45,1.44,1.46,1000000.0,1000000.0
,,,,,,19,2026-02-01 02:40:18.620505,RTM1P51,1.42,1.41,1.43,1000000.0,1000000.0
,,,,,,19,2026-02-01 02:40:18.620505,RTM1C52,0.93,0.92,0.94,1000000.0,1000000.0
,,,,,,19,2026-02-01 02:40:18.620505,RTM1P52,1.9,1.89,1.91,1000000.0,1000000.0
,,,,,,19,2026-02-01 02:40:18.620505,RTM1C53,0.62,0.61,0.63,1000000.0,1000000.0
,,,,,,19,2026-02-01 02:40:18.620505,RTM1P53,2.59,2.58,2.6,1000000.0,1000000.0
,,,,,,19,2026-02-01 02:40:18.620505,RTM1C54,0.43,0.42,0.44,1000000.0,1000000.0
,,,,,,19,2026-02-01 02:40:18.620505,RTM1P54,3.4,3.39,3.41,1000000.0,1000000.0
2.0,1.0,1.0,Week 1,Delta limit and penalty,The delta limit for this sub-heat is 10000 and the penalty percentage is 3%,20,2026-02-01 02:40:19.682398,RTM,50.86,50.85,50.87,100000000.0,100000000.0
1.0,1.0,1.0,Week 1,Risk free rate and current annualized volatility of RTM,The current risk free rate is 0%. RTM is an ETF that mimics one of the major indices in the simulated world and its current annualized realized volatility is 20%. This simulation consists of 20 trading days that are each 15 ticks in length.,20,2026-02-01 02:40:19.682398,RTM1C45,5.9,5.89,5.91,1000000.0,1000000.0
,,,,,,20,2026-02-01 02:40:19.682398,RTM1P45,0.04,0.03,0.05,1000000.0,1000000.0
,,,,,,20,2026-02-01 02:40:19.682398,RTM1C46,4.98,4.97,4.99,1000000.0,1000000.0
,,,,,,20,2026-02-01 02:40:19.682398,RTM1P46,0.12,0.11,0.13,1000000.0,1000000.0
,,,,,,20,2026-02-01 02:40:19.682398,RTM1C47,4.06,4.05,4.07,1000000.0,1000000.0
,,,,,,20,2026-02-01 02:40:19.682398,RTM1P47,0.2,0.19,0.21,1000000.0,1000000.0
,,,,,,20,2026-02-01 02:40:19.682398,RTM1C48,3.18,3.17,3.19,1000000.0,1000000.0
,,,,,,20,2026-02-01 02:40:19.682398,RTM1P48,0.31,0.3,0.32,1000000.0,1000000.0
,,,,,,20,2026-02-01 02:40:19.682398,RTM1C49,2.46,2.45,2.47,1000000.0,1000000.0
,,,,,,20,2026-02-01 02:40:19.682398,RTM1P49,0.6,0.59,0.61,1000000.0,1000000.0
,,,,,,20,2026-02-01 02:40:19.682398,RTM1C50,1.84,1.83,1.85,1000000.0,1000000.0
,,,,,,20,2026-02-01 02:40:19.682398,RTM1P50,0.98,0.97,0.99,1000000.0,1000000.0
,,,,,,20,2026-02-01 02:40:19.682398,RTM1C51,1.23,1.22,1.24,1000000.0,1000000.0
,,,,,,20,2026-02-01 02:40:19.682398,RTM1P51,1.37,1.36,1.38,1000000.0,1000000.0
,,,,,,20,2026-02-01 02:40:19.682398,RTM1C52,0.95,0.94,0.96,1000000.0,1000000.0
,,,,,,20,2026-02-01 02:40:19.682398,RTM1P52,2.09,2.08,2.1,1000000.0,1000000.0
,,,,,,20,2026-02-01 02:40:19.682398,RTM1C53,0.55,0.54,0.56,1000000.0,1000000.0
,,,,,,20,2026-02-01 02:40:19.682398,RTM1P53,2.69,2.68,2.7,1000000.0,1000000.0
,,,,,,20,2026-02-01 02:40:19.682398,RTM1C54,0.31,0.3,0.32,1000000.0,1000000.0
,,,,,,20,2026-02-01 02:40:19.682398,RTM1P54,3.45,3.44,3.46,1000000.0,1000000.0
2.0,1.0,1.0,Week 1,Delta limit and penalty,The delta limit for this sub-heat is 10000 and the penalty percentage is 3%,21,2026-02-01 02:40:20.740440,RTM,51.15,51.14,51.16,100000000.0,100000000.0
1.0,1.0,1.0,Week 1,Risk free rate and current annualized volatility of RTM,The current risk free rate is 0%. RTM is an ETF that mimics one of the major indices in the simulated world and its current annualized realized volatility is 20%. This simulation consists of 20 trading days that are each 15 ticks in length.,21,2026-02-01 02:40:20.740440,RTM1C45,6.18,6.17,6.19,1000000.0,1000000.0
,,,,,,21,2026-02-01 02:40:20.740440,RTM1P45,0.03,0.02,0.04,1000000.0,1000000.0
,,,,,,21,2026-02-01 02:40:20.740440,RTM1C46,5.21,5.2,5.22,1000000.0,1000000.0
,,,,,,21,2026-02-01 02:40:20.740440,RTM1P46,0.06,0.05,0.07,1000000.0,1000000.0
,,,,,,21,2026-02-01 02:40:20.740440,RTM1C47,4.28,4.27,4.29,1000000.0,1000000.0
,,,,,,21,2026-02-01 02:40:20.740440,RTM1P47,0.13,0.12,0.14,1000000.0,1000000.0
,,,,,,21,2026-02-01 02:40:20.740440,RTM1C48,3.43,3.42,3.44,1000000.0,1000000.0
,,,,,,21,2026-02-01 02:40:20.740440,RTM1P48,0.28,0.27,0.29,1000000.0,1000000.0
,,,,,,21,2026-02-01 02:40:20.740440,RTM1C49,2.65,2.64,2.66,1000000.0,1000000.0
,,,,,,21,2026-02-01 02:40:20.740440,RTM1P49,0.5,0.49,0.51,1000000.0,1000000.0
,,,,,,21,2026-02-01 02:40:20.740440,RTM1C50,1.93,1.92,1.94,1000000.0,1000000.0
,,,,,,21,2026-02-01 02:40:20.740440,RTM1P50,0.78,0.77,0.79,1000000.0,1000000.0
,,,,,,21,2026-02-01 02:40:20.740440,RTM1C51,1.37,1.36,1.38,1000000.0,1000000.0
,,,,,,21,2026-02-01 02:40:20.740440,RTM1P51,1.22,1.21,1.23,1000000.0,1000000.0
,,,,,,21,2026-02-01 02:40:20.740440,RTM1C52,1.0,0.99,1.01,1000000.0,1000000.0
,,,,,,21,2026-02-01 02:40:20.740440,RTM1P52,1.85,1.84,1.86,1000000.0,1000000.0
,,,,,,21,2026-02-01 02:40:20.740440,RTM1C53,0.61,0.6,0.62,1000000.0,1000000.0
,,,,,,21,2026-02-01 02:40:20.740440,RTM1P53,2.46,2.45,2.47,1000000.0,1000000.0
,,,,,,21,2026-02-01 02:40:20.740440,RTM1C54,0.4,0.39,0.41,1000000.0,1000000.0
,,,,,,21,2026-02-01 02:40:20.740440,RTM1P54,3.25,3.24,3.26,1000000.0,1000000.0
2.0,1.0,1.0,Week 1,Delta limit and penalty,The delta limit for this sub-heat is 10000 and the penalty percentage is 3%,22,2026-02-01 02:40:21.788418,RTM,50.74,50.73,50.75,100000000.0,100000000.0
1.0,1.0,1.0,Week 1,Risk free rate and current annualized volatility of RTM,The current risk free rate is 0%. RTM is an ETF that mimics one of the major indices in the simulated world and its current annualized realized volatility is 20%. This simulation consists of 20 trading days that are each 15 ticks in length.,22,2026-02-01 02:40:21.788418,RTM1C45,5.79,5.78,5.8,1000000.0,1000000.0
,,,,,,22,2026-02-01 02:40:21.788418,RTM1P45,0.05,0.04,0.06,1000000.0,1000000.0
,,,,,,22,2026-02-01 02:40:21.788418,RTM1C46,4.84,4.83,4.85,1000000.0,1000000.0
,,,,,,22,2026-02-01 02:40:21.788418,RTM1P46,0.1,0.09,0.11,1000000.0,1000000.0
,,,,,,22,2026-02-01 02:40:21.788418,RTM1C47,3.94,3.93,3.95,1000000.0,1000000.0
,,,,,,22,2026-02-01 02:40:21.788418,RTM1P47,0.2,0.19,0.21,1000000.0,1000000.0
,,,,,,22,2026-02-01 02:40:21.788418,RTM1C48,3.1,3.09,3.11,1000000.0,1000000.0
,,,,,,22,2026-02-01 02:40:21.788418,RTM1P48,0.35,0.34,0.36,1000000.0,1000000.0
,,,,,,22,2026-02-01 02:40:21.788418,RTM1C49,2.42,2.41,2.43,1000000.0,1000000.0
,,,,,,22,2026-02-01 02:40:21.788418,RTM1P49,0.68,0.67,0.69,1000000.0,1000000.0
,,,,,,22,2026-02-01 02:40:21.788418,RTM1C50,1.69,1.68,1.7,1000000.0,1000000.0
,,,,,,22,2026-02-01 02:40:21.788418,RTM1P50,0.94,0.93,0.95,1000000.0,1000000.0
,,,,,,22,2026-02-01 02:40:21.788418,RTM1C51,1.25,1.24,1.26,1000000.0,1000000.0
,,,,,,22,2026-02-01 02:40:21.788418,RTM1P51,1.51,1.5,1.52,1000000.0,1000000.0
,,,,,,22,2026-02-01 02:40:21.788418,RTM1C52,0.94,0.93,0.95,1000000.0,1000000.0
,,,,,,22,2026-02-01 02:40:21.788418,RTM1P52,2.2,2.19,2.21,1000000.0,1000000.0
,,,,,,22,2026-02-01 02:40:21.788418,RTM1C53,0.47,0.46,0.48,1000000.0,1000000.0
,,,,,,22,2026-02-01 02:40:21.788418,RTM1P53,2.73,2.72,2.74,1000000.0,1000000.0
,,,,,,22,2026-02-01 02:40:21.788418,RTM1C54,0.31,0.3,0.32,1000000.0,1000000.0
,,,,,,22,2026-02-01 02:40:21.788418,RTM1P54,3.57,3.56,3.58,1000000.0,1000000.0
2.0,1.0,1.0,Week 1,Delta limit and penalty,The delta limit for this sub-heat is 10000 and the penalty percentage is 3%,23,2026-02-01 02:40:22.845457,RTM,50.66,50.65,50.67,100000000.0,100000000.0
1.0,1.0,1.0,Week 1,Risk free rate and current annualized volatility of RTM,The current risk free rate is 0%. RTM is an ETF that mimics one of the major indices in the simulated world and its current annualized realized volatility is 20%. This simulation consists of 20 trading days that are each 15 ticks in length.,23,2026-02-01 02:40:22.845457,RTM1C45,5.72,5.71,5.73,1000000.0,1000000.0
,,,,,,23,2026-02-01 02:40:22.845457,RTM1P45,0.06,0.05,0.07,1000000.0,1000000.0
,,,,,,23,2026-02-01 02:40:22.845457,RTM1C46,4.78,4.77,4.79,1000000.0,1000000.0
,,,,,,23,2026-02-01 02:40:22.845457,RTM1P46,0.12,0.11,0.13,1000000.0,1000000.0
,,,,,,23,2026-02-01 02:40:22.845457,RTM1C47,3.85,3.84,3.86,1000000.0,1000000.0
,,,,,,23,2026-02-01 02:40:22.845457,RTM1P47,0.18,0.17,0.19,1000000.0,1000000.0
,,,,,,23,2026-02-01 02:40:22.845457,RTM1C48,3.08,3.07,3.09,1000000.0,1000000.0
,,,,,,23,2026-02-01 02:40:22.845457,RTM1P48,0.42,0.41,0.43,1000000.0,1000000.0
,,,,,,23,2026-02-01 02:40:22.845457,RTM1C49,2.32,2.31,2.33,1000000.0,1000000.0
,,,,,,23,2026-02-01 02:40:22.845457,RTM1P49,0.66,0.65,0.67,1000000.0,1000000.0
,,,,,,23,2026-02-01 02:40:22.845457,RTM1C50,1.64,1.63,1.65,1000000.0,1000000.0
,,,,,,23,2026-02-01 02:40:22.845457,RTM1P50,0.98,0.97,0.99,1000000.0,1000000.0
,,,,,,23,2026-02-01 02:40:22.845457,RTM1C51,1.26,1.25,1.27,1000000.0,1000000.0
,,,,,,23,2026-02-01 02:40:22.845457,RTM1P51,1.59,1.58,1.6,1000000.0,1000000.0
,,,,,,23,2026-02-01 02:40:22.845457,RTM1C52,0.8,0.79,0.81,1000000.0,1000000.0
,,,,,,23,2026-02-01 02:40:22.845457,RTM1P52,2.13,2.12,2.14,1000000.0,1000000.0
,,,,,,23,2026-02-01 02:40:22.845457,RTM1C53,0.53,0.52,0.54,1000000.0,1000000.0
,,,,,,23,2026-02-01 02:40:22.845457,RTM1P53,2.86,2.85,2.87,1000000.0,1000000.0
,,,,,,23,2026-02-01 02:40:22.845457,RTM1C54,0.33,0.32,0.34,1000000.0,1000000.0
,,,,,,23,2026-02-01 02:40:22.845457,RTM1P54,3.67,3.66,3.68,1000000.0,1000000.0
2.0,1.0,1.0,Week 1,Delta limit and penalty,The delta limit for this sub-heat is 10000 and the penalty percentage is 3%,24,2026-02-01 02:40:23.900520,RTM,50.54,50.53,50.55,100000000.0,100000000.0
1.0,1.0,1.0,Week 1,Risk free rate and current annualized volatility of RTM,The current risk free rate is 0%. RTM is an ETF that mimics one of the major indices in the simulated world and its current annualized realized volatility is 20%. This simulation consists of 20 trading days that are each 15 ticks in length.,24,2026-02-01 02:40:23.900520,RTM1C45,5.58,5.57,5.59,1000000.0,1000000.0
,,,,,,24,2026-02-01 02:40:23.900520,RTM1P45,0.05,0.04,0.06,1000000.0,1000000.0
,,,,,,24,2026-02-01 02:40:23.900520,RTM1C46,4.66,4.65,4.67,1000000.0,1000000.0
,,,,,,24,2026-02-01 02:40:23.900520,RTM1P46,0.13,0.12,0.14,1000000.0,1000000.0
,,,,,,24,2026-02-01 02:40:23.900520,RTM1C47,3.73,3.72,3.74,1000000.0,1000000.0
,,,,,,24,2026-02-01 02:40:23.900520,RTM1P47,0.19,0.18,0.2,1000000.0,1000000.0
,,,,,,24,2026-02-01 02:40:23.900520,RTM1C48,2.92,2.91,2.93,1000000.0,1000000.0
,,,,,,24,2026-02-01 02:40:23.900520,RTM1P48,0.38,0.37,0.39,1000000.0,1000000.0
,,,,,,24,2026-02-01 02:40:23.900520,RTM1C49,2.22,2.21,2.23,1000000.0,1000000.0
,,,,,,24,2026-02-01 02:40:23.900520,RTM1P49,0.69,0.68,0.7,1000000.0,1000000.0
,,,,,,24,2026-02-01 02:40:23.900520,RTM1C50,1.66,1.65,1.67,1000000.0,1000000.0
,,,,,,24,2026-02-01 02:40:23.900520,RTM1P50,1.13,1.12,1.14,1000000.0,1000000.0
,,,,,,24,2026-02-01 02:40:23.900520,RTM1C51,1.1,1.09,1.11,1000000.0,1000000.0
,,,,,,24,2026-02-01 02:40:23.900520,RTM1P51,1.57,1.56,1.58,1000000.0,1000000.0
,,,,,,24,2026-02-01 02:40:23.900520,RTM1C52,0.75,0.74,0.76,1000000.0,1000000.0
,,,,,,24,2026-02-01 02:40:23.900520,RTM1P52,2.21,2.2,2.22,1000000.0,1000000.0
,,,,,,24,2026-02-01 02:40:23.900520,RTM1C53,0.46,0.45,0.47,1000000.0,1000000.0
,,,,,,24,2026-02-01 02:40:23.900520,RTM1P53,2.93,2.92,2.94,1000000.0,1000000.0
,,,,,,24,2026-02-01 02:40:23.900520,RTM1C54,0.25,0.24,0.26,1000000.0,1000000.0
,,,,,,24,2026-02-01 02:40:23.900520,RTM1P54,3.72,3.71,3.73,1000000.0,1000000.0
2.0,1.0,1.0,Week 1,Delta limit and penalty,The delta limit for this sub-heat is 10000 and the penalty percentage is 3%,25,2026-02-01 02:40:24.964199,RTM,50.66,50.65,50.67,100000000.0,100000000.0
1.0,1.0,1.0,Week 1,Risk free rate and current annualized volatility of RTM,The current risk free rate is 0%. RTM is an ETF that mimics one of the major indices in the simulated world and its current annualized realized volatility is 20%. This simulation consists of 20 trading days that are each 15 ticks in length.,25,2026-02-01 02:40:24.964199,RTM1C45,5.71,5.7,5.72,1000000.0,1000000.0
,,,,,,25,2026-02-01 02:40:24.964199,RTM1P45,0.05,0.04,0.06,1000000.0,1000000.0
,,,,,,25,2026-02-01 02:40:24.964199,RTM1C46,4.77,4.76,4.78,1000000.0,1000000.0
,,,,,,25,2026-02-01 02:40:24.964199,RTM1P46,0.12,0.11,0.13,1000000.0,1000000.0
,,,,,,25,2026-02-01 02:40:24.964199,RTM1C47,3.85,3.84,3.86,1000000.0,1000000.0
,,,,,,25,2026-02-01 02:40:24.964199,RTM1P47,0.19,0.18,0.2,1000000.0,1000000.0
,,,,,,25,2026-02-01 02:40:24.964199,RTM1C48,3.07,3.06,3.08,1000000.0,1000000.0
,,,,,,25,2026-02-01 02:40:24.964199,RTM1P48,0.42,0.41,0.43,1000000.0,1000000.0
,,,,,,25,2026-02-01 02:40:24.964199,RTM1C49,2.25,2.24,2.26,1000000.0,1000000.0
,,,,,,25,2026-02-01 02:40:24.964199,RTM1P49,0.59,0.58,0.6,1000000.0,1000000.0
,,,,,,25,2026-02-01 02:40:24.964199,RTM1C50,1.68,1.67,1.69,1000000.0,1000000.0
,,,,,,25,2026-02-01 02:40:24.964199,RTM1P50,1.03,1.02,1.04,1000000.0,1000000.0
,,,,,,25,2026-02-01 02:40:24.964199,RTM1C51,1.12,1.11,1.13,1000000.0,1000000.0
,,,,,,25,2026-02-01 02:40:24.964199,RTM1P51,1.46,1.45,1.47,1000000.0,1000000.0
,,,,,,25,2026-02-01 02:40:24.964199,RTM1C52,0.82,0.81,0.83,1000000.0,1000000.0
,,,,,,25,2026-02-01 02:40:24.964199,RTM1P52,2.16,2.15,2.17,1000000.0,1000000.0
,,,,,,25,2026-02-01 02:40:24.964199,RTM1C53,0.55,0.54,0.56,1000000.0,1000000.0
,,,,,,25,2026-02-01 02:40:24.964199,RTM1P53,2.89,2.88,2.9,1000000.0,1000000.0
,,,,,,25,2026-02-01 02:40:24.964199,RTM1C54,0.29,0.28,0.3,1000000.0,1000000.0
,,,,,,25,2026-02-01 02:40:24.964199,RTM1P54,3.63,3.62,3.64,1000000.0,1000000.0
2.0,1.0,1.0,Week 1,Delta limit and penalty,The delta limit for this sub-heat is 10000 and the penalty percentage is 3%,26,2026-02-01 02:40:26.017830,RTM,50.56,50.55,50.57,100000000.0,100000000.0
1.0,1.0,1.0,Week 1,Risk free rate and current annualized volatility of RTM,The current risk free rate is 0%. RTM is an ETF that mimics one of the major indices in the simulated world and its current annualized realized volatility is 20%. This simulation consists of 20 trading days that are each 15 ticks in length.,26,2026-02-01 02:40:26.017830,RTM1C45,5.61,5.6,5.62,1000000.0,1000000.0
,,,,,,26,2026-02-01 02:40:26.017830,RTM1P45,0.05,0.04,0.06,1000000.0,1000000.0
,,,,,,26,2026-02-01 02:40:26.017830,RTM1C46,4.66,4.65,4.67,1000000.0,1000000.0
,,,,,,26,2026-02-01 02:40:26.017830,RTM1P46,0.1,0.09,0.11,1000000.0,1000000.0
,,,,,,26,2026-02-01 02:40:26.017830,RTM1C47,3.77,3.76,3.78,1000000.0,1000000.0
,,,,,,26,2026-02-01 02:40:26.017830,RTM1P47,0.21,0.2,0.22,1000000.0,1000000.0
,,,,,,26,2026-02-01 02:40:26.017830,RTM1C48,2.93,2.92,2.94,1000000.0,1000000.0
,,,,,,26,2026-02-01 02:40:26.017830,RTM1P48,0.36,0.35,0.37,1000000.0,1000000.0
,,,,,,26,2026-02-01 02:40:26.017830,RTM1C49,2.2,2.19,2.21,1000000.0,1000000.0
,,,,,,26,2026-02-01 02:40:26.017830,RTM1P49,0.64,0.63,0.65,1000000.0,1000000.0
,,,,,,26,2026-02-01 02:40:26.017830,RTM1C50,1.67,1.66,1.68,1000000.0,1000000.0
,,,,,,26,2026-02-01 02:40:26.017830,RTM1P50,1.1,1.09,1.11,1000000.0,1000000.0
,,,,,,26,2026-02-01 02:40:26.017830,RTM1C51,1.11,1.1,1.12,1000000.0,1000000.0
,,,,,,26,2026-02-01 02:40:26.017830,RTM1P51,1.55,1.54,1.56,1000000.0,1000000.0
,,,,,,26,2026-02-01 02:40:26.017830,RTM1C52,0.81,0.8,0.82,1000000.0,1000000.0
,,,,,,26,2026-02-01 02:40:26.017830,RTM1P52,2.24,2.23,2.25,1000000.0,1000000.0
,,,,,,26,2026-02-01 02:40:26.017830,RTM1C53,0.51,0.5,0.52,1000000.0,1000000.0
,,,,,,26,2026-02-01 02:40:26.017830,RTM1P53,2.95,2.94,2.96,1000000.0,1000000.0
,,,,,,26,2026-02-01 02:40:26.017830,RTM1C54,0.26,0.25,0.27,1000000.0,1000000.0
,,,,,,26,2026-02-01 02:40:26.017830,RTM1P54,3.7,3.69,3.71,1000000.0,1000000.0
2.0,1.0,1.0,Week 1,Delta limit and penalty,The delta limit for this sub-heat is 10000 and the penalty percentage is 3%,27,2026-02-01 02:40:27.066132,RTM,50.8,50.79,50.81,100000000.0,100000000.0
1.0,1.0,1.0,Week 1,Risk free rate and current annualized volatility of RTM,The current risk free rate is 0%. RTM is an ETF that mimics one of the major indices in the simulated world and its current annualized realized volatility is 20%. This simulation consists of 20 trading days that are each 15 ticks in length.,27,2026-02-01 02:40:27.066132,RTM1C45,5.85,5.84,5.86,1000000.0,1000000.0
,,,,,,27,2026-02-01 02:40:27.066132,RTM1P45,0.04,0.03,0.05,1000000.0,1000000.0
,,,,,,27,2026-02-01 02:40:27.066132,RTM1C46,4.89,4.88,4.9,1000000.0,1000000.0
,,,,,,27,2026-02-01 02:40:27.066132,RTM1P46,0.09,0.08,0.1,1000000.0,1000000.0
,,,,,,27,2026-02-01 02:40:27.066132,RTM1C47,3.95,3.94,3.96,1000000.0,1000000.0
,,,,,,27,2026-02-01 02:40:27.066132,RTM1P47,0.15,0.14,0.16,1000000.0,1000000.0
,,,,,,27,2026-02-01 02:40:27.066132,RTM1C48,3.1,3.09,3.11,1000000.0,1000000.0
,,,,,,27,2026-02-01 02:40:27.066132,RTM1P48,0.3,0.29,0.31,1000000.0,1000000.0
,,,,,,27,2026-02-01 02:40:27.066132,RTM1C49,2.42,2.41,2.43,1000000.0,1000000.0
,,,,,,27,2026-02-01 02:40:27.066132,RTM1P49,0.62,0.61,0.63,1000000.0,1000000.0
,,,,,,27,2026-02-01 02:40:27.066132,RTM1C50,1.78,1.77,1.79,1000000.0,1000000.0
,,,,,,27,2026-02-01 02:40:27.066132,RTM1P50,0.97,0.96,0.98,1000000.0,1000000.0
,,,,,,27,2026-02-01 02:40:27.066132,RTM1C51,1.24,1.23,1.25,1000000.0,1000000.0
,,,,,,27,2026-02-01 02:40:27.066132,RTM1P51,1.44,1.43,1.45,1000000.0,1000000.0
,,,,,,27,2026-02-01 02:40:27.066132,RTM1C52,0.86,0.85,0.87,1000000.0,1000000.0
,,,,,,27,2026-02-01 02:40:27.066132,RTM1P52,2.05,2.04,2.06,1000000.0,1000000.0
,,,,,,27,2026-02-01 02:40:27.066132,RTM1C53,0.56,0.55,0.57,1000000.0,1000000.0
,,,,,,27,2026-02-01 02:40:27.066132,RTM1P53,2.76,2.75,2.77,1000000.0,1000000.0
,,,,,,27,2026-02-01 02:40:27.066132,RTM1C54,0.29,0.28,0.3,1000000.0,1000000.0
,,,,,,27,2026-02-01 02:40:27.066132,RTM1P54,3.48,3.47,3.49,1000000.0,1000000.0
2.0,1.0,1.0,Week 1,Delta limit and penalty,The delta limit for this sub-heat is 10000 and the penalty percentage is 3%,28,2026-02-01 02:40:28.105386,RTM,50.88,50.87,50.89,100000000.0,100000000.0
1.0,1.0,1.0,Week 1,Risk free rate and current annualized volatility of RTM,The current risk free rate is 0%. RTM is an ETF that mimics one of the major indices in the simulated world and its current annualized realized volatility is 20%. This simulation consists of 20 trading days that are each 15 ticks in length.,28,2026-02-01 02:40:28.105386,RTM1C45,5.92,5.91,5.93,1000000.0,1000000.0
,,,,,,28,2026-02-01 02:40:28.105386,RTM1P45,0.04,0.03,0.05,1000000.0,1000000.0
,,,,,,28,2026-02-01 02:40:28.105386,RTM1C46,4.95,4.94,4.96,1000000.0,1000000.0
,,,,,,28,2026-02-01 02:40:28.105386,RTM1P46,0.08,0.07,0.09,1000000.0,1000000.0
,,,,,,28,2026-02-01 02:40:28.105386,RTM1C47,4.04,4.03,4.05,1000000.0,1000000.0
,,,,,,28,2026-02-01 02:40:28.105386,RTM1P47,0.16,0.15,0.17,1000000.0,1000000.0
,,,,,,28,2026-02-01 02:40:28.105386,RTM1C48,3.21,3.2,3.22,1000000.0,1000000.0
,,,,,,28,2026-02-01 02:40:28.105386,RTM1P48,0.33,0.32,0.34,1000000.0,1000000.0
,,,,,,28,2026-02-01 02:40:28.105386,RTM1C49,2.41,2.4,2.42,1000000.0,1000000.0
,,,,,,28,2026-02-01 02:40:28.105386,RTM1P49,0.53,0.52,0.54,1000000.0,1000000.0
,,,,,,28,2026-02-01 02:40:28.105386,RTM1C50,1.78,1.77,1.79,1000000.0,1000000.0
,,,,,,28,2026-02-01 02:40:28.105386,RTM1P50,0.9,0.89,0.91,1000000.0,1000000.0
,,,,,,28,2026-02-01 02:40:28.105386,RTM1C51,1.24,1.23,1.25,1000000.0,1000000.0
,,,,,,28,2026-02-01 02:40:28.105386,RTM1P51,1.36,1.35,1.37,1000000.0,1000000.0
,,,,,,28,2026-02-01 02:40:28.105386,RTM1C52,0.84,0.83,0.85,1000000.0,1000000.0
,,,,,,28,2026-02-01 02:40:28.105386,RTM1P52,1.96,1.95,1.97,1000000.0,1000000.0
,,,,,,28,2026-02-01 02:40:28.105386,RTM1C53,0.51,0.5,0.52,1000000.0,1000000.0
,,,,,,28,2026-02-01 02:40:28.105386,RTM1P53,2.63,2.62,2.64,1000000.0,1000000.0
,,,,,,28,2026-02-01 02:40:28.105386,RTM1C54,0.35,0.34,0.36,1000000.0,1000000.0
,,,,,,28,2026-02-01 02:40:28.105386,RTM1P54,3.47,3.46,3.48,1000000.0,1000000.0
2.0,1.0,1.0,Week 1,Delta limit and penalty,The delta limit for this sub-heat is 10000 and the penalty percentage is 3%,29,2026-02-01 02:40:29.153231,RTM,50.98,50.97,50.99,100000000.0,100000000.0
1.0,1.0,1.0,Week 1,Risk free rate and current annualized volatility of RTM,The current risk free rate is 0%. RTM is an ETF that mimics one of the major indices in the simulated world and its current annualized realized volatility is 20%. This simulation consists of 20 trading days that are each 15 ticks in length.,29,2026-02-01 02:40:29.153231,RTM1C45,6.02,6.01,6.03,1000000.0,1000000.0
,,,,,,29,2026-02-01 02:40:29.153231,RTM1P45,0.04,0.03,0.05,1000000.0,1000000.0
,,,,,,29,2026-02-01 02:40:29.153231,RTM1C46,5.04,5.03,5.05,1000000.0,1000000.0
,,,,,,29,2026-02-01 02:40:29.153231,RTM1P46,0.06,0.05,0.07,1000000.0,1000000.0
,,,,,,29,2026-02-01 02:40:29.153231,RTM1C47,4.11,4.1,4.12,1000000.0,1000000.0
,,,,,,29,2026-02-01 02:40:29.153231,RTM1P47,0.13,0.12,0.14,1000000.0,1000000.0
,,,,,,29,2026-02-01 02:40:29.153231,RTM1C48,3.31,3.3,3.32,1000000.0,1000000.0
,,,,,,29,2026-02-01 02:40:29.153231,RTM1P48,0.33,0.32,0.34,1000000.0,1000000.0
,,,,,,29,2026-02-01 02:40:29.153231,RTM1C49,2.52,2.51,2.53,1000000.0,1000000.0
,,,,,,29,2026-02-01 02:40:29.153231,RTM1P49,0.54,0.53,0.55,1000000.0,1000000.0
,,,,,,29,2026-02-01 02:40:29.153231,RTM1C50,1.8,1.79,1.81,1000000.0,1000000.0
,,,,,,29,2026-02-01 02:40:29.153231,RTM1P50,0.82,0.81,0.83,1000000.0,1000000.0
,,,,,,29,2026-02-01 02:40:29.153231,RTM1C51,1.32,1.31,1.33,1000000.0,1000000.0
,,,,,,29,2026-02-01 02:40:29.153231,RTM1P51,1.34,1.33,1.35,1000000.0,1000000.0
,,,,,,29,2026-02-01 02:40:29.153231,RTM1C52,0.91,0.9,0.92,1000000.0,1000000.0
,,,,,,29,2026-02-01 02:40:29.153231,RTM1P52,1.92,1.91,1.93,1000000.0,1000000.0
,,,,,,29,2026-02-01 02:40:29.153231,RTM1C53,0.58,0.57,0.59,1000000.0,1000000.0
,,,,,,29,2026-02-01 02:40:29.153231,RTM1P53,2.6,2.59,2.61,1000000.0,1000000.0
,,,,,,29,2026-02-01 02:40:29.153231,RTM1C54,0.36,0.35,0.37,1000000.0,1000000.0
,,,,,,29,2026-02-01 02:40:29.153231,RTM1P54,3.38,3.37,3.39,1000000.0,1000000.0
2.0,1.0,1.0,Week 1,Delta limit and penalty,The delta limit for this sub-heat is 10000 and the penalty percentage is 3%,30,2026-02-01 02:40:30.203180,RTM,50.87,50.86,50.88,100000000.0,100000000.0
1.0,1.0,1.0,Week 1,Risk free rate and current annualized volatility of RTM,The current risk free rate is 0%. RTM is an ETF that mimics one of the major indices in the simulated world and its current annualized realized volatility is 20%. This simulation consists of 20 trading days that are each 15 ticks in length.,30,2026-02-01 02:40:30.203180,RTM1C45,5.91,5.9,5.92,1000000.0,1000000.0
,,,,,,30,2026-02-01 02:40:30.203180,RTM1P45,0.04,0.03,0.05,1000000.0,1000000.0
,,,,,,30,2026-02-01 02:40:30.203180,RTM1C46,4.95,4.94,4.96,1000000.0,1000000.0
,,,,,,30,2026-02-01 02:40:30.203180,RTM1P46,0.08,0.07,0.09,1000000.0,1000000.0
,,,,,,30,2026-02-01 02:40:30.203180,RTM1C47,4.01,4.0,4.02,1000000.0,1000000.0
,,,,,,30,2026-02-01 02:40:30.203180,RTM1P47,0.14,0.13,0.15,1000000.0,1000000.0
,,,,,,30,2026-02-01 02:40:30.203180,RTM1C48,3.17,3.16,3.18,1000000.0,1000000.0
,,,,,,30,2026-02-01 02:40:30.203180,RTM1P48,0.3,0.29,0.31,1000000.0,1000000.0
,,,,,,30,2026-02-01 02:40:30.203180,RTM1C49,2.42,2.41,2.43,1000000.0,1000000.0
,,,,,,30,2026-02-01 02:40:30.203180,RTM1P49,0.56,0.55,0.57,1000000.0,1000000.0
,,,,,,30,2026-02-01 02:40:30.203180,RTM1C50,1.78,1.77,1.79,1000000.0,1000000.0
,,,,,,30,2026-02-01 02:40:30.203180,RTM1P50,0.91,0.9,0.92,1000000.0,1000000.0
,,,,,,30,2026-02-01 02:40:30.203180,RTM1C51,1.27,1.26,1.28,1000000.0,1000000.0
,,,,,,30,2026-02-01 02:40:30.203180,RTM1P51,1.41,1.4,1.42,1000000.0,1000000.0
,,,,,,30,2026-02-01 02:40:30.203180,RTM1C52,0.77,0.76,0.78,1000000.0,1000000.0
,,,,,,30,2026-02-01 02:40:30.203180,RTM1P52,1.91,1.9,1.92,1000000.0,1000000.0
,,,,,,30,2026-02-01 02:40:30.203180,RTM1C53,0.48,0.47,0.49,1000000.0,1000000.0
,,,,,,30,2026-02-01 02:40:30.203180,RTM1P53,2.62,2.61,2.63,1000000.0,1000000.0
,,,,,,30,2026-02-01 02:40:30.203180,RTM1C54,0.32,0.31,0.33,1000000.0,1000000.0
,,,,,,30,2026-02-01 02:40:30.203180,RTM1P54,3.46,3.45,3.47,1000000.0,1000000.0
2.0,1.0,1.0,Week 1,Delta limit and penalty,The delta limit for this sub-heat is 10000 and the penalty percentage is 3%,31,2026-02-01 02:40:31.243700,RTM,50.86,50.85,50.87,100000000.0,100000000.0
1.0,1.0,1.0,Week 1,Risk free rate and current annualized volatility of RTM,The current risk free rate is 0%. RTM is an ETF that mimics one of the major indices in the simulated world and its current annualized realized volatility is 20%. This simulation consists of 20 trading days that are each 15 ticks in length.,31,2026-02-01 02:40:31.243700,RTM1C45,5.89,5.88,5.9,1000000.0,1000000.0
,,,,,,31,2026-02-01 02:40:31.243700,RTM1P45,0.03,0.02,0.04,1000000.0,1000000.0
,,,,,,31,2026-02-01 02:40:31.243700,RTM1C46,4.92,4.91,4.93,1000000.0,1000000.0
,,,,,,31,2026-02-01 02:40:31.243700,RTM1P46,0.06,0.05,0.07,1000000.0,1000000.0
,,,,,,31,2026-02-01 02:40:31.243700,RTM1C47,4.02,4.01,4.03,1000000.0,1000000.0
,,,,,,31,2026-02-01 02:40:31.243700,RTM1P47,0.16,0.15,0.17,1000000.0,1000000.0
,,,,,,31,2026-02-01 02:40:31.243700,RTM1C48,3.15,3.14,3.16,1000000.0,1000000.0
,,,,,,31,2026-02-01 02:40:31.243700,RTM1P48,0.29,0.28,0.3,1000000.0,1000000.0
,,,,,,31,2026-02-01 02:40:31.243700,RTM1C49,2.4,2.39,2.41,1000000.0,1000000.0
,,,,,,31,2026-02-01 02:40:31.243700,RTM1P49,0.54,0.53,0.55,1000000.0,1000000.0
,,,,,,31,2026-02-01 02:40:31.243700,RTM1C50,1.8,1.79,1.81,1000000.0,1000000.0
,,,,,,31,2026-02-01 02:40:31.243700,RTM1P50,0.94,0.93,0.95,1000000.0,1000000.0
,,,,,,31,2026-02-01 02:40:31.243700,RTM1C51,1.25,1.24,1.26,1000000.0,1000000.0
,,,,,,31,2026-02-01 02:40:31.243700,RTM1P51,1.39,1.38,1.4,1000000.0,1000000.0
,,,,,,31,2026-02-01 02:40:31.243700,RTM1C52,0.8,0.79,0.81,1000000.0,1000000.0
,,,,,,31,2026-02-01 02:40:31.243700,RTM1P52,1.94,1.93,1.95,1000000.0,1000000.0
,,,,,,31,2026-02-01 02:40:31.243700,RTM1C53,0.47,0.46,0.48,1000000.0,1000000.0
,,,,,,31,2026-02-01 02:40:31.243700,RTM1P53,2.61,2.6,2.62,1000000.0,1000000.0
,,,,,,31,2026-02-01 02:40:31.243700,RTM1C54,0.27,0.26,0.28,1000000.0,1000000.0
,,,,,,31,2026-02-01 02:40:31.243700,RTM1P54,3.41,3.4,3.42,1000000.0,1000000.0
2.0,1.0,1.0,Week 1,Delta limit and penalty,The delta limit for this sub-heat is 10000 and the penalty percentage is 3%,32,2026-02-01 02:40:32.303923,RTM,50.83,50.82,50.84,100000000.0,100000000.0
1.0,1.0,1.0,Week 1,Risk free rate and current annualized volatility of RTM,The current risk free rate is 0%. RTM is an ETF that mimics one of the major indices in the simulated world and its current annualized realized volatility is 20%. This simulation consists of 20 trading days that are each 15 ticks in length.,32,2026-02-01 02:40:32.303923,RTM1C45,5.86,5.85,5.87,1000000.0,1000000.0
,,,,,,32,2026-02-01 02:40:32.303923,RTM1P45,0.03,0.02,0.04,1000000.0,1000000.0
,,,,,,32,2026-02-01 02:40:32.303923,RTM1C46,4.9,4.89,4.91,1000000.0,1000000.0
,,,,,,32,2026-02-01 02:40:32.303923,RTM1P46,0.07,0.06,0.08,1000000.0,1000000.0
,,,,,,32,2026-02-01 02:40:32.303923,RTM1C47,4.01,4.0,4.02,1000000.0,1000000.0
,,,,,,32,2026-02-01 02:40:32.303923,RTM1P47,0.18,0.17,0.19,1000000.0,1000000.0
,,,,,,32,2026-02-01 02:40:32.303923,RTM1C48,3.16,3.15,3.17,1000000.0,1000000.0
,,,,,,32,2026-02-01 02:40:32.303923,RTM1P48,0.33,0.32,0.34,1000000.0,1000000.0
,,,,,,32,2026-02-01 02:40:32.303923,RTM1C49,2.48,2.47,2.49,1000000.0,1000000.0
,,,,,,32,2026-02-01 02:40:32.303923,RTM1P49,0.65,0.64,0.66,1000000.0,1000000.0
,,,,,,32,2026-02-01 02:40:32.303923,RTM1C50,1.79,1.78,1.8,1000000.0,1000000.0
,,,,,,32,2026-02-01 02:40:32.303923,RTM1P50,0.96,0.95,0.97,1000000.0,1000000.0
,,,,,,32,2026-02-01 02:40:32.303923,RTM1C51,1.21,1.2,1.22,1000000.0,1000000.0
,,,,,,32,2026-02-01 02:40:32.303923,RTM1P51,1.38,1.37,1.39,1000000.0,1000000.0
,,,,,,32,2026-02-01 02:40:32.303923,RTM1C52,0.75,0.74,0.76,1000000.0,1000000.0
,,,,,,32,2026-02-01 02:40:32.303923,RTM1P52,1.92,1.91,1.93,1000000.0,1000000.0
,,,,,,32,2026-02-01 02:40:32.303923,RTM1C53,0.53,0.52,0.54,1000000.0,1000000.0
,,,,,,32,2026-02-01 02:40:32.303923,RTM1P53,2.69,2.68,2.7,1000000.0,1000000.0
,,,,,,32,2026-02-01 02:40:32.303923,RTM1C54,0.32,0.31,0.33,1000000.0,1000000.0
,,,,,,32,2026-02-01 02:40:32.303923,RTM1P54,3.49,3.48,3.5,1000000.0,1000000.0
2.0,1.0,1.0,Week 1,Delta limit and penalty,The delta limit for this sub-heat is 10000 and the penalty percentage is 3%,33,2026-02-01 02:40:33.357999,RTM,50.66,50.65,50.67,100000000.0,100000000.0
1.0,1.0,1.0,Week 1,Risk free rate and current annualized volatility of RTM,The current risk free rate is 0%. RTM is an ETF that mimics one of the major indices in the simulated world and its current annualized realized volatility is 20%. This simulation consists of 20 trading days that are each 15 ticks in length.,33,2026-02-01 02:40:33.357999,RTM1C45,5.68,5.67,5.69,1000000.0,1000000.0
,,,,,,33,2026-02-01 02:40:33.357999,RTM1P45,0.03,0.02,0.04,1000000.0,1000000.0
,,,,,,33,2026-02-01 02:40:33.357999,RTM1C46,4.73,4.72,4.74,1000000.0,1000000.0
,,,,,,33,2026-02-01 02:40:33.357999,RTM1P46,0.07,0.06,0.08,1000000.0,1000000.0
,,,,,,33,2026-02-01 02:40:33.357999,RTM1C47,3.81,3.8,3.82,1000000.0,1000000.0
,,,,,,33,2026-02-01 02:40:33.357999,RTM1P47,0.15,0.14,0.16,1000000.0,1000000.0
,,,,,,33,2026-02-01 02:40:33.357999,RTM1C48,3.02,3.01,3.03,1000000.0,1000000.0
,,,,,,33,2026-02-01 02:40:33.357999,RTM1P48,0.37,0.36,0.38,1000000.0,1000000.0
,,,,,,33,2026-02-01 02:40:33.357999,RTM1C49,2.34,2.33,2.35,1000000.0,1000000.0
,,,,,,33,2026-02-01 02:40:33.357999,RTM1P49,0.68,0.67,0.69,1000000.0,1000000.0
,,,,,,33,2026-02-01 02:40:33.357999,RTM1C50,1.65,1.64,1.66,1000000.0,1000000.0
,,,,,,33,2026-02-01 02:40:33.357999,RTM1P50,0.99,0.98,1.0,1000000.0,1000000.0
,,,,,,33,2026-02-01 02:40:33.357999,RTM1C51,1.13,1.12,1.14,1000000.0,1000000.0
,,,,,,33,2026-02-01 02:40:33.357999,RTM1P51,1.47,1.46,1.48,1000000.0,1000000.0
,,,,,,33,2026-02-01 02:40:33.357999,RTM1C52,0.76,0.75,0.77,1000000.0,1000000.0
,,,,,,33,2026-02-01 02:40:33.357999,RTM1P52,2.1,2.09,2.11,1000000.0,1000000.0
,,,,,,33,2026-02-01 02:40:33.357999,RTM1C53,0.48,0.47,0.49,1000000.0,1000000.0
,,,,,,33,2026-02-01 02:40:33.357999,RTM1P53,2.82,2.81,2.83,1000000.0,1000000.0
,,,,,,33,2026-02-01 02:40:33.357999,RTM1C54,0.23,0.22,0.24,1000000.0,1000000.0
,,,,,,33,2026-02-01 02:40:33.357999,RTM1P54,3.57,3.56,3.58,1000000.0,1000000.0
2.0,1.0,1.0,Week 1,Delta limit and penalty,The delta limit for this sub-heat is 10000 and the penalty percentage is 3%,35,2026-02-01 02:40:34.437836,RTM,50.72,50.71,50.73,100000000.0,100000000.0
1.0,1.0,1.0,Week 1,Risk free rate and current annualized volatility of RTM,The current risk free rate is 0%. RTM is an ETF that mimics one of the major indices in the simulated world and its current annualized realized volatility is 20%. This simulation consists of 20 trading days that are each 15 ticks in length.,35,2026-02-01 02:40:34.437836,RTM1C45,5.75,5.74,5.76,1000000.0,1000000.0
,,,,,,35,2026-02-01 02:40:34.437836,RTM1P45,0.03,0.02,0.04,1000000.0,1000000.0
,,,,,,35,2026-02-01 02:40:34.437836,RTM1C46,4.8,4.79,4.81,1000000.0,1000000.0
,,,,,,35,2026-02-01 02:40:34.437836,RTM1P46,0.08,0.07,0.09,1000000.0,1000000.0
,,,,,,35,2026-02-01 02:40:34.437836,RTM1C47,3.88,3.87,3.89,1000000.0,1000000.0
,,,,,,35,2026-02-01 02:40:34.437836,RTM1P47,0.17,0.16,0.18,1000000.0,1000000.0
,,,,,,35,2026-02-01 02:40:34.437836,RTM1C48,3.03,3.02,3.04,1000000.0,1000000.0
,,,,,,35,2026-02-01 02:40:34.437836,RTM1P48,0.32,0.31,0.33,1000000.0,1000000.0
,,,,,,35,2026-02-01 02:40:34.437836,RTM1C49,2.29,2.28,2.3,1000000.0,1000000.0
,,,,,,35,2026-02-01 02:40:34.437836,RTM1P49,0.58,0.57,0.59,1000000.0,1000000.0
,,,,,,35,2026-02-01 02:40:34.437836,RTM1C50,1.66,1.65,1.67,1000000.0,1000000.0
,,,,,,35,2026-02-01 02:40:34.437836,RTM1P50,0.94,0.93,0.95,1000000.0,1000000.0
,,,,,,35,2026-02-01 02:40:34.437836,RTM1C51,1.15,1.14,1.16,1000000.0,1000000.0
,,,,,,35,2026-02-01 02:40:34.437836,RTM1P51,1.43,1.42,1.44,1000000.0,1000000.0
,,,,,,35,2026-02-01 02:40:34.437836,RTM1C52,0.76,0.75,0.77,1000000.0,1000000.0
,,,,,,35,2026-02-01 02:40:34.437836,RTM1P52,2.04,2.03,2.05,1000000.0,1000000.0
,,,,,,35,2026-02-01 02:40:34.437836,RTM1C53,0.44,0.43,0.45,1000000.0,1000000.0
,,,,,,35,2026-02-01 02:40:34.437836,RTM1P53,2.72,2.71,2.73,1000000.0,1000000.0
,,,,,,35,2026-02-01 02:40:34.437836,RTM1C54,0.26,0.25,0.27,1000000.0,1000000.0
,,,,,,35,2026-02-01 02:40:34.437836,RTM1P54,3.55,3.54,3.56,1000000.0,1000000.0
3.0,1.0,35.0,,News 1,The analysts have informed you that the realized volatility of RTM next week will be between 26% and 31%,36,2026-02-01 02:40:35.494590,RTM,50.72,50.71,50.73,100000000.0,100000000.0
2.0,1.0,1.0,Week 1,Delta limit and penalty,The delta limit for this sub-heat is 10000 and the penalty percentage is 3%,36,2026-02-01 02:40:35.494590,RTM1C45,5.75,5.74,5.76,1000000.0,1000000.0
1.0,1.0,1.0,Week 1,Risk free rate and current annualized volatility of RTM,The current risk free rate is 0%. RTM is an ETF that mimics one of the major indices in the simulated world and its current annualized realized volatility is 20%. This simulation consists of 20 trading days that are each 15 ticks in length.,36,2026-02-01 02:40:35.494590,RTM1P45,0.03,0.02,0.04,1000000.0,1000000.0
,,,,,,36,2026-02-01 02:40:35.494590,RTM1C46,4.8,4.79,4.81,1000000.0,1000000.0
,,,,,,36,2026-02-01 02:40:35.494590,RTM1P46,0.09,0.08,0.1,1000000.0,1000000.0
,,,,,,36,2026-02-01 02:40:35.494590,RTM1C47,3.91,3.9,3.92,1000000.0,1000000.0
,,,,,,36,2026-02-01 02:40:35.494590,RTM1P47,0.19,0.18,0.2,1000000.0,1000000.0
,,,,,,36,2026-02-01 02:40:35.494590,RTM1C48,3.02,3.01,3.03,1000000.0,1000000.0
,,,,,,36,2026-02-01 02:40:35.494590,RTM1P48,0.31,0.3,0.32,1000000.0,1000000.0
,,,,,,36,2026-02-01 02:40:35.494590,RTM1C49,2.3,2.29,2.31,1000000.0,1000000.0
,,,,,,36,2026-02-01 02:40:35.494590,RTM1P49,0.59,0.58,0.6,1000000.0,1000000.0
,,,,,,36,2026-02-01 02:40:35.494590,RTM1C50,1.66,1.65,1.67,1000000.0,1000000.0
,,,,,,36,2026-02-01 02:40:35.494590,RTM1P50,0.95,0.94,0.96,1000000.0,1000000.0
,,,,,,36,2026-02-01 02:40:35.494590,RTM1C51,1.15,1.14,1.16,1000000.0,1000000.0
,,,,,,36,2026-02-01 02:40:35.494590,RTM1P51,1.43,1.42,1.44,1000000.0,1000000.0
,,,,,,36,2026-02-01 02:40:35.494590,RTM1C52,0.69,0.68,0.7,1000000.0,1000000.0
,,,,,,36,2026-02-01 02:40:35.494590,RTM1P52,1.98,1.97,1.99,1000000.0,1000000.0
,,,,,,36,2026-02-01 02:40:35.494590,RTM1C53,0.48,0.47,0.49,1000000.0,1000000.0
,,,,,,36,2026-02-01 02:40:35.494590,RTM1P53,2.76,2.75,2.77,1000000.0,1000000.0
,,,,,,36,2026-02-01 02:40:35.494590,RTM1C54,0.24,0.23,0.25,1000000.0,1000000.0
,,,,,,36,2026-02-01 02:40:35.494590,RTM1P54,3.53,3.52,3.54,1000000.0,1000000.0
3.0,1.0,35.0,,News 1,The analysts have informed you that the realized volatility of RTM next week will be between 26% and 31%,37,2026-02-01 02:40:36.558830,RTM,50.68,50.67,50.69,100000000.0,100000000.0
2.0,1.0,1.0,Week 1,Delta limit and penalty,The delta limit for this sub-heat is 10000 and the penalty percentage is 3%,37,2026-02-01 02:40:36.558830,RTM1C45,5.7,5.69,5.71,1000000.0,1000000.0
1.0,1.0,1.0,Week 1,Risk free rate and current annualized volatility of RTM,The current risk free rate is 0%. RTM is an ETF that mimics one of the major indices in the simulated world and its current annualized realized volatility is 20%. This simulation consists of 20 trading days that are each 15 ticks in length.,37,2026-02-01 02:40:36.558830,RTM1P45,0.03,0.02,0.04,1000000.0,1000000.0
,,,,,,37,2026-02-01 02:40:36.558830,RTM1C46,4.75,4.74,4.76,1000000.0,1000000.0
,,,,,,37,2026-02-01 02:40:36.558830,RTM1P46,0.08,0.07,0.09,1000000.0,1000000.0
,,,,,,37,2026-02-01 02:40:36.558830,RTM1C47,3.86,3.85,3.87,1000000.0,1000000.0
,,,,,,37,2026-02-01 02:40:36.558830,RTM1P47,0.18,0.17,0.19,1000000.0,1000000.0
,,,,,,37,2026-02-01 02:40:36.558830,RTM1C48,2.98,2.97,2.99,1000000.0,1000000.0
,,,,,,37,2026-02-01 02:40:36.558830,RTM1P48,0.31,0.3,0.32,1000000.0,1000000.0
,,,,,,37,2026-02-01 02:40:36.558830,RTM1C49,2.22,2.21,2.23,1000000.0,1000000.0
,,,,,,37,2026-02-01 02:40:36.558830,RTM1P49,0.55,0.54,0.56,1000000.0,1000000.0
,,,,,,37,2026-02-01 02:40:36.558830,RTM1C50,1.62,1.61,1.63,1000000.0,1000000.0
,,,,,,37,2026-02-01 02:40:36.558830,RTM1P50,0.94,0.93,0.95,1000000.0,1000000.0
,,,,,,37,2026-02-01 02:40:36.558830,RTM1C51,1.06,1.05,1.07,1000000.0,1000000.0
,,,,,,37,2026-02-01 02:40:36.558830,RTM1P51,1.38,1.37,1.39,1000000.0,1000000.0
,,,,,,37,2026-02-01 02:40:36.558830,RTM1C52,0.67,0.66,0.68,1000000.0,1000000.0
,,,,,,37,2026-02-01 02:40:36.558830,RTM1P52,1.99,1.98,2.0,1000000.0,1000000.0
,,,,,,37,2026-02-01 02:40:36.558830,RTM1C53,0.45,0.44,0.46,1000000.0,1000000.0
,,,,,,37,2026-02-01 02:40:36.558830,RTM1P53,2.77,2.76,2.78,1000000.0,1000000.0
,,,,,,37,2026-02-01 02:40:36.558830,RTM1C54,0.26,0.25,0.27,1000000.0,1000000.0
,,,,,,37,2026-02-01 02:40:36.558830,RTM1P54,3.58,3.57,3.59,1000000.0,1000000.0
3.0,1.0,35.0,,News 1,The analysts have informed you that the realized volatility of RTM next week will be between 26% and 31%,38,2026-02-01 02:40:37.643528,RTM,50.67,50.66,50.68,100000000.0,100000000.0
2.0,1.0,1.0,Week 1,Delta limit and penalty,The delta limit for this sub-heat is 10000 and the penalty percentage is 3%,38,2026-02-01 02:40:37.643528,RTM1C45,5.71,5.7,5.72,1000000.0,1000000.0
1.0,1.0,1.0,Week 1,Risk free rate and current annualized volatility of RTM,The current risk free rate is 0%. RTM is an ETF that mimics one of the major indices in the simulated world and its current annualized realized volatility is 20%. This simulation consists of 20 trading days that are each 15 ticks in length.,38,2026-02-01 02:40:37.643528,RTM1P45,0.04,0.03,0.05,1000000.0,1000000.0
,,,,,,38,2026-02-01 02:40:37.643528,RTM1C46,4.74,4.73,4.75,1000000.0,1000000.0
,,,,,,38,2026-02-01 02:40:37.643528,RTM1P46,0.07,0.06,0.08,1000000.0,1000000.0
,,,,,,38,2026-02-01 02:40:37.643528,RTM1C47,3.87,3.86,3.88,1000000.0,1000000.0
,,,,,,38,2026-02-01 02:40:37.643528,RTM1P47,0.2,0.19,0.21,1000000.0,1000000.0
,,,,,,38,2026-02-01 02:40:37.643528,RTM1C48,2.99,2.98,3.0,1000000.0,1000000.0
,,,,,,38,2026-02-01 02:40:37.643528,RTM1P48,0.32,0.31,0.33,1000000.0,1000000.0
,,,,,,38,2026-02-01 02:40:37.643528,RTM1C49,2.28,2.27,2.29,1000000.0,1000000.0
,,,,,,38,2026-02-01 02:40:37.643528,RTM1P49,0.61,0.6,0.62,1000000.0,1000000.0
,,,,,,38,2026-02-01 02:40:37.643528,RTM1C50,1.61,1.6,1.62,1000000.0,1000000.0
,,,,,,38,2026-02-01 02:40:37.643528,RTM1P50,0.94,0.93,0.95,1000000.0,1000000.0
,,,,,,38,2026-02-01 02:40:37.643528,RTM1C51,1.12,1.11,1.13,1000000.0,1000000.0
,,,,,,38,2026-02-01 02:40:37.643528,RTM1P51,1.46,1.44,1.46,1000000.0,1000000.0
,,,,,,38,2026-02-01 02:40:37.643528,RTM1C52,0.74,0.73,0.75,1000000.0,1000000.0
,,,,,,38,2026-02-01 02:40:37.643528,RTM1P52,2.06,2.05,2.07,1000000.0,1000000.0
,,,,,,38,2026-02-01 02:40:37.643528,RTM1C53,0.46,0.45,0.47,1000000.0,1000000.0
,,,,,,38,2026-02-01 02:40:37.643528,RTM1P53,2.79,2.78,2.8,1000000.0,1000000.0
,,,,,,38,2026-02-01 02:40:37.643528,RTM1C54,0.27,0.26,0.28,1000000.0,1000000.0
,,,,,,38,2026-02-01 02:40:37.643528,RTM1P54,3.59,3.58,3.6,1000000.0,1000000.0
3.0,1.0,35.0,,News 1,The analysts have informed you that the realized volatility of RTM next week will be between 26% and 31%,39,2026-02-01 02:40:38.715378,RTM,50.83,50.82,50.84,100000000.0,100000000.0
2.0,1.0,1.0,Week 1,Delta limit and penalty,The delta limit for this sub-heat is 10000 and the penalty percentage is 3%,39,2026-02-01 02:40:38.715378,RTM1C45,5.86,5.85,5.87,1000000.0,1000000.0
1.0,1.0,1.0,Week 1,Risk free rate and current annualized volatility of RTM,The current risk free rate is 0%. RTM is an ETF that mimics one of the major indices in the simulated world and its current annualized realized volatility is 20%. This simulation consists of 20 trading days that are each 15 ticks in length.,39,2026-02-01 02:40:38.715378,RTM1P45,0.03,0.02,0.04,1000000.0,1000000.0
,,,,,,39,2026-02-01 02:40:38.715378,RTM1C46,4.88,4.87,4.89,1000000.0,1000000.0
,,,,,,39,2026-02-01 02:40:38.715378,RTM1P46,0.05,0.04,0.06,1000000.0,1000000.0
,,,,,,39,2026-02-01 02:40:38.715378,RTM1C47,3.99,3.98,4.0,1000000.0,1000000.0
,,,,,,39,2026-02-01 02:40:38.715378,RTM1P47,0.16,0.15,0.17,1000000.0,1000000.0
,,,,,,39,2026-02-01 02:40:38.715378,RTM1C48,3.12,3.11,3.13,1000000.0,1000000.0
,,,,,,39,2026-02-01 02:40:38.715378,RTM1P48,0.29,0.28,0.3,1000000.0,1000000.0
,,,,,,39,2026-02-01 02:40:38.715378,RTM1C49,2.37,2.36,2.38,1000000.0,1000000.0
,,,,,,39,2026-02-01 02:40:38.715378,RTM1P49,0.54,0.53,0.55,1000000.0,1000000.0
,,,,,,39,2026-02-01 02:40:38.715378,RTM1C50,1.71,1.7,1.72,1000000.0,1000000.0
,,,,,,39,2026-02-01 02:40:38.715378,RTM1P50,0.88,0.87,0.89,1000000.0,1000000.0
,,,,,,39,2026-02-01 02:40:38.715378,RTM1C51,1.18,1.17,1.19,1000000.0,1000000.0
,,,,,,39,2026-02-01 02:40:38.715378,RTM1P51,1.36,1.34,1.36,1000000.0,1000000.0
,,,,,,39,2026-02-01 02:40:38.715378,RTM1C52,0.77,0.76,0.78,1000000.0,1000000.0
,,,,,,39,2026-02-01 02:40:38.715378,RTM1P52,1.94,1.93,1.95,1000000.0,1000000.0
,,,,,,39,2026-02-01 02:40:38.715378,RTM1C53,0.46,0.45,0.47,1000000.0,1000000.0
,,,,,,39,2026-02-01 02:40:38.715378,RTM1P53,2.62,2.61,2.63,1000000.0,1000000.0
,,,,,,39,2026-02-01 02:40:38.715378,RTM1C54,0.25,0.24,0.26,1000000.0,1000000.0
,,,,,,39,2026-02-01 02:40:38.715378,RTM1P54,3.42,3.41,3.43,1000000.0,1000000.0
3.0,1.0,35.0,,News 1,The analysts have informed you that the realized volatility of RTM next week will be between 26% and 31%,40,2026-02-01 02:40:39.793441,RTM,50.64,50.63,50.65,100000000.0,100000000.0
2.0,1.0,1.0,Week 1,Delta limit and penalty,The delta limit for this sub-heat is 10000 and the penalty percentage is 3%,40,2026-02-01 02:40:39.793441,RTM1C45,5.67,5.66,5.68,1000000.0,1000000.0
1.0,1.0,1.0,Week 1,Risk free rate and current annualized volatility of RTM,The current risk free rate is 0%. RTM is an ETF that mimics one of the major indices in the simulated world and its current annualized realized volatility is 20%. This simulation consists of 20 trading days that are each 15 ticks in length.,40,2026-02-01 02:40:39.793441,RTM1P45,0.02,0.02,0.04,1000000.0,1000000.0
,,,,,,40,2026-02-01 02:40:39.793441,RTM1C46,4.71,4.7,4.72,1000000.0,1000000.0
,,,,,,40,2026-02-01 02:40:39.793441,RTM1P46,0.06,0.05,0.07,1000000.0,1000000.0
,,,,,,40,2026-02-01 02:40:39.793441,RTM1C47,3.83,3.82,3.84,1000000.0,1000000.0
,,,,,,40,2026-02-01 02:40:39.793441,RTM1P47,0.19,0.18,0.2,1000000.0,1000000.0
,,,,,,40,2026-02-01 02:40:39.793441,RTM1C48,2.96,2.95,2.97,1000000.0,1000000.0
,,,,,,40,2026-02-01 02:40:39.793441,RTM1P48,0.32,0.31,0.33,1000000.0,1000000.0
,,,,,,40,2026-02-01 02:40:39.793441,RTM1C49,2.2,2.19,2.21,1000000.0,1000000.0
,,,,,,40,2026-02-01 02:40:39.793441,RTM1P49,0.56,0.55,0.57,1000000.0,1000000.0
,,,,,,40,2026-02-01 02:40:39.793441,RTM1C50,1.55,1.54,1.56,1000000.0,1000000.0
,,,,,,40,2026-02-01 02:40:39.793441,RTM1P50,0.91,0.9,0.92,1000000.0,1000000.0
,,,,,,40,2026-02-01 02:40:39.793441,RTM1C51,1.05,1.04,1.06,1000000.0,1000000.0
,,,,,,40,2026-02-01 02:40:39.793441,RTM1P51,1.41,1.4,1.42,1000000.0,1000000.0
,,,,,,40,2026-02-01 02:40:39.793441,RTM1C52,0.66,0.65,0.67,1000000.0,1000000.0
,,,,,,40,2026-02-01 02:40:39.793441,RTM1P52,2.02,2.01,2.03,1000000.0,1000000.0
,,,,,,40,2026-02-01 02:40:39.793441,RTM1C53,0.43,0.42,0.44,1000000.0,1000000.0
,,,,,,40,2026-02-01 02:40:39.793441,RTM1P53,2.78,2.77,2.79,1000000.0,1000000.0
,,,,,,40,2026-02-01 02:40:39.793441,RTM1C54,0.21,0.2,0.22,1000000.0,1000000.0
,,,,,,40,2026-02-01 02:40:39.793441,RTM1P54,3.57,3.56,3.58,1000000.0,1000000.0
3.0,1.0,35.0,,News 1,The analysts have informed you that the realized volatility of RTM next week will be between 26% and 31%,41,2026-02-01 02:40:40.866487,RTM,50.67,50.66,50.68,100000000.0,100000000.0
2.0,1.0,1.0,Week 1,Delta limit and penalty,The delta limit for this sub-heat is 10000 and the penalty percentage is 3%,41,2026-02-01 02:40:40.866487,RTM1C45,5.7,5.69,5.71,1000000.0,1000000.0
1.0,1.0,1.0,Week 1,Risk free rate and current annualized volatility of RTM,The current risk free rate is 0%. RTM is an ETF that mimics one of the major indices in the simulated world and its current annualized realized volatility is 20%. This simulation consists of 20 trading days that are each 15 ticks in length.,41,2026-02-01 02:40:40.866487,RTM1P45,0.03,0.02,0.04,1000000.0,1000000.0
,,,,,,41,2026-02-01 02:40:40.866487,RTM1C46,4.73,4.72,4.74,1000000.0,1000000.0
,,,,,,41,2026-02-01 02:40:40.866487,RTM1P46,0.06,0.05,0.07,1000000.0,1000000.0
,,,,,,41,2026-02-01 02:40:40.866487,RTM1C47,3.83,3.82,3.84,1000000.0,1000000.0
,,,,,,41,2026-02-01 02:40:40.866487,RTM1P47,0.16,0.15,0.17,1000000.0,1000000.0
,,,,,,41,2026-02-01 02:40:40.866487,RTM1C48,2.96,2.95,2.97,1000000.0,1000000.0
,,,,,,41,2026-02-01 02:40:40.866487,RTM1P48,0.28,0.27,0.29,1000000.0,1000000.0
,,,,,,41,2026-02-01 02:40:40.866487,RTM1C49,2.19,2.18,2.2,1000000.0,1000000.0
,,,,,,41,2026-02-01 02:40:40.866487,RTM1P49,0.52,0.51,0.53,1000000.0,1000000.0
,,,,,,41,2026-02-01 02:40:40.866487,RTM1C50,1.54,1.53,1.55,1000000.0,1000000.0
,,,,,,41,2026-02-01 02:40:40.866487,RTM1P50,0.87,0.86,0.88,1000000.0,1000000.0
,,,,,,41,2026-02-01 02:40:40.866487,RTM1C51,1.04,1.02,1.04,1000000.0,1000000.0
,,,,,,41,2026-02-01 02:40:40.866487,RTM1P51,1.36,1.35,1.37,1000000.0,1000000.0
,,,,,,41,2026-02-01 02:40:40.866487,RTM1C52,0.69,0.68,0.7,1000000.0,1000000.0
,,,,,,41,2026-02-01 02:40:40.866487,RTM1P52,2.02,2.01,2.03,1000000.0,1000000.0
,,,,,,41,2026-02-01 02:40:40.866487,RTM1C53,0.41,0.4,0.42,1000000.0,1000000.0
,,,,,,41,2026-02-01 02:40:40.866487,RTM1P53,2.74,2.73,2.75,1000000.0,1000000.0
,,,,,,41,2026-02-01 02:40:40.866487,RTM1C54,0.23,0.22,0.24,1000000.0,1000000.0
,,,,,,41,2026-02-01 02:40:40.866487,RTM1P54,3.56,3.55,3.57,1000000.0,1000000.0
3.0,1.0,35.0,,News 1,The analysts have informed you that the realized volatility of RTM next week will be between 26% and 31%,42,2026-02-01 02:40:41.932080,RTM,50.69,50.68,50.7,100000000.0,100000000.0
2.0,1.0,1.0,Week 1,Delta limit and penalty,The delta limit for this sub-heat is 10000 and the penalty percentage is 3%,42,2026-02-01 02:40:41.932080,RTM1C45,5.72,5.71,5.73,1000000.0,1000000.0
1.0,1.0,1.0,Week 1,Risk free rate and current annualized volatility of RTM,The current risk free rate is 0%. RTM is an ETF that mimics one of the major indices in the simulated world and its current annualized realized volatility is 20%. This simulation consists of 20 trading days that are each 15 ticks in length.,42,2026-02-01 02:40:41.932080,RTM1P45,0.02,0.01,0.03,1000000.0,1000000.0
,,,,,,42,2026-02-01 02:40:41.932080,RTM1C46,4.76,4.75,4.77,1000000.0,1000000.0
,,,,,,42,2026-02-01 02:40:41.932080,RTM1P46,0.07,0.06,0.08,1000000.0,1000000.0
,,,,,,42,2026-02-01 02:40:41.932080,RTM1C47,3.86,3.85,3.87,1000000.0,1000000.0
,,,,,,42,2026-02-01 02:40:41.932080,RTM1P47,0.17,0.16,0.18,1000000.0,1000000.0
,,,,,,42,2026-02-01 02:40:41.932080,RTM1C48,2.98,2.97,2.99,1000000.0,1000000.0
,,,,,,42,2026-02-01 02:40:41.932080,RTM1P48,0.28,0.27,0.29,1000000.0,1000000.0
,,,,,,42,2026-02-01 02:40:41.932080,RTM1C49,2.23,2.22,2.24,1000000.0,1000000.0
,,,,,,42,2026-02-01 02:40:41.932080,RTM1P49,0.54,0.53,0.55,1000000.0,1000000.0
,,,,,,42,2026-02-01 02:40:41.932080,RTM1C50,1.59,1.58,1.6,1000000.0,1000000.0
,,,,,,42,2026-02-01 02:40:41.932080,RTM1P50,0.9,0.89,0.91,1000000.0,1000000.0
,,,,,,42,2026-02-01 02:40:41.932080,RTM1C51,1.07,1.06,1.08,1000000.0,1000000.0
,,,,,,42,2026-02-01 02:40:41.932080,RTM1P51,1.38,1.37,1.39,1000000.0,1000000.0
,,,,,,42,2026-02-01 02:40:41.932080,RTM1C52,0.67,0.66,0.68,1000000.0,1000000.0
,,,,,,42,2026-02-01 02:40:41.932080,RTM1P52,1.98,1.97,1.99,1000000.0,1000000.0
,,,,,,42,2026-02-01 02:40:41.932080,RTM1C53,0.4,0.39,0.41,1000000.0,1000000.0
,,,,,,42,2026-02-01 02:40:41.932080,RTM1P53,2.71,2.7,2.72,1000000.0,1000000.0
,,,,,,42,2026-02-01 02:40:41.932080,RTM1C54,0.25,0.24,0.26,1000000.0,1000000.0
,,,,,,42,2026-02-01 02:40:41.932080,RTM1P54,3.56,3.55,3.57,1000000.0,1000000.0
3.0,1.0,35.0,,News 1,The analysts have informed you that the realized volatility of RTM next week will be between 26% and 31%,43,2026-02-01 02:40:42.983421,RTM,50.98,50.97,50.99,100000000.0,100000000.0
2.0,1.0,1.0,Week 1,Delta limit and penalty,The delta limit for this sub-heat is 10000 and the penalty percentage is 3%,43,2026-02-01 02:40:42.983421,RTM1C45,5.99,5.98,6.0,1000000.0,1000000.0
1.0,1.0,1.0,Week 1,Risk free rate and current annualized volatility of RTM,The current risk free rate is 0%. RTM is an ETF that mimics one of the major indices in the simulated world and its current annualized realized volatility is 20%. This simulation consists of 20 trading days that are each 15 ticks in length.,43,2026-02-01 02:40:42.983421,RTM1P45,0.02,0.01,0.03,1000000.0,1000000.0
,,,,,,43,2026-02-01 02:40:42.983421,RTM1C46,5.03,5.02,5.04,1000000.0,1000000.0
,,,,,,43,2026-02-01 02:40:42.983421,RTM1P46,0.05,0.04,0.06,1000000.0,1000000.0
,,,,,,43,2026-02-01 02:40:42.983421,RTM1C47,4.09,4.08,4.1,1000000.0,1000000.0
,,,,,,43,2026-02-01 02:40:42.983421,RTM1P47,0.11,0.1,0.12,1000000.0,1000000.0
,,,,,,43,2026-02-01 02:40:42.983421,RTM1C48,3.21,3.2,3.22,1000000.0,1000000.0
,,,,,,43,2026-02-01 02:40:42.983421,RTM1P48,0.24,0.23,0.25,1000000.0,1000000.0
,,,,,,43,2026-02-01 02:40:42.983421,RTM1C49,2.45,2.44,2.46,1000000.0,1000000.0
,,,,,,43,2026-02-01 02:40:42.983421,RTM1P49,0.47,0.46,0.48,1000000.0,1000000.0
,,,,,,43,2026-02-01 02:40:42.983421,RTM1C50,1.74,1.73,1.75,1000000.0,1000000.0
,,,,,,43,2026-02-01 02:40:42.983421,RTM1P50,0.76,0.75,0.77,1000000.0,1000000.0
,,,,,,43,2026-02-01 02:40:42.983421,RTM1C51,1.17,1.16,1.18,1000000.0,1000000.0
,,,,,,43,2026-02-01 02:40:42.983421,RTM1P51,1.2,1.19,1.21,1000000.0,1000000.0
,,,,,,43,2026-02-01 02:40:42.983421,RTM1C52,0.76,0.75,0.77,1000000.0,1000000.0
,,,,,,43,2026-02-01 02:40:42.983421,RTM1P52,1.79,1.78,1.8,1000000.0,1000000.0
,,,,,,43,2026-02-01 02:40:42.983421,RTM1C53,0.5,0.49,0.51,1000000.0,1000000.0
,,,,,,43,2026-02-01 02:40:42.983421,RTM1P53,2.52,2.51,2.53,1000000.0,1000000.0
,,,,,,43,2026-02-01 02:40:42.983421,RTM1C54,0.29,0.28,0.3,1000000.0,1000000.0
,,,,,,43,2026-02-01 02:40:42.983421,RTM1P54,3.31,3.3,3.32,1000000.0,1000000.0
3.0,1.0,35.0,,News 1,The analysts have informed you that the realized volatility of RTM next week will be between 26% and 31%,44,2026-02-01 02:40:44.028508,RTM,51.32,51.31,51.33,100000000.0,100000000.0
2.0,1.0,1.0,Week 1,Delta limit and penalty,The delta limit for this sub-heat is 10000 and the penalty percentage is 3%,44,2026-02-01 02:40:44.028508,RTM1C45,6.33,6.32,6.34,1000000.0,1000000.0
1.0,1.0,1.0,Week 1,Risk free rate and current annualized volatility of RTM,The current risk free rate is 0%. RTM is an ETF that mimics one of the major indices in the simulated world and its current annualized realized volatility is 20%. This simulation consists of 20 trading days that are each 15 ticks in length.,44,2026-02-01 02:40:44.028508,RTM1P45,0.02,0.01,0.03,1000000.0,1000000.0
,,,,,,44,2026-02-01 02:40:44.028508,RTM1C46,5.36,5.35,5.37,1000000.0,1000000.0
,,,,,,44,2026-02-01 02:40:44.028508,RTM1P46,0.04,0.03,0.05,1000000.0,1000000.0
,,,,,,44,2026-02-01 02:40:44.028508,RTM1C47,4.42,4.41,4.43,1000000.0,1000000.0
,,,,,,44,2026-02-01 02:40:44.028508,RTM1P47,0.1,0.09,0.11,1000000.0,1000000.0
,,,,,,44,2026-02-01 02:40:44.028508,RTM1C48,3.51,3.5,3.52,1000000.0,1000000.0
,,,,,,44,2026-02-01 02:40:44.028508,RTM1P48,0.19,0.18,0.2,1000000.0,1000000.0
,,,,,,44,2026-02-01 02:40:44.028508,RTM1C49,2.69,2.68,2.7,1000000.0,1000000.0
,,,,,,44,2026-02-01 02:40:44.028508,RTM1P49,0.37,0.36,0.38,1000000.0,1000000.0
,,,,,,44,2026-02-01 02:40:44.028508,RTM1C50,1.95,1.94,1.96,1000000.0,1000000.0
,,,,,,44,2026-02-01 02:40:44.028508,RTM1P50,0.63,0.62,0.64,1000000.0,1000000.0
,,,,,,44,2026-02-01 02:40:44.028508,RTM1C51,1.4,1.39,1.41,1000000.0,1000000.0
,,,,,,44,2026-02-01 02:40:44.028508,RTM1P51,1.08,1.07,1.09,1000000.0,1000000.0
,,,,,,44,2026-02-01 02:40:44.028508,RTM1C52,0.93,0.92,0.94,1000000.0,1000000.0
,,,,,,44,2026-02-01 02:40:44.028508,RTM1P52,1.61,1.6,1.62,1000000.0,1000000.0
,,,,,,44,2026-02-01 02:40:44.028508,RTM1C53,0.56,0.55,0.57,1000000.0,1000000.0
,,,,,,44,2026-02-01 02:40:44.028508,RTM1P53,2.24,2.23,2.25,1000000.0,1000000.0
,,,,,,44,2026-02-01 02:40:44.028508,RTM1C54,0.33,0.32,0.34,1000000.0,1000000.0
,,,,,,44,2026-02-01 02:40:44.028508,RTM1P54,3.01,3.0,3.02,1000000.0,1000000.0
3.0,1.0,35.0,,News 1,The analysts have informed you that the realized volatility of RTM next week will be between 26% and 31%,45,2026-02-01 02:40:45.085275,RTM,51.25,51.24,51.26,100000000.0,100000000.0
2.0,1.0,1.0,Week 1,Delta limit and penalty,The delta limit for this sub-heat is 10000 and the penalty percentage is 3%,45,2026-02-01 02:40:45.085275,RTM1C45,6.26,6.25,6.27,1000000.0,1000000.0
1.0,1.0,1.0,Week 1,Risk free rate and current annualized volatility of RTM,The current risk free rate is 0%. RTM is an ETF that mimics one of the major indices in the simulated world and its current annualized realized volatility is 20%. This simulation consists of 20 trading days that are each 15 ticks in length.,45,2026-02-01 02:40:45.085275,RTM1P45,0.02,0.01,0.03,1000000.0,1000000.0
,,,,,,45,2026-02-01 02:40:45.085275,RTM1C46,5.3,5.29,5.31,1000000.0,1000000.0
,,,,,,45,2026-02-01 02:40:45.085275,RTM1P46,0.05,0.04,0.06,1000000.0,1000000.0
,,,,,,45,2026-02-01 02:40:45.085275,RTM1C47,4.35,4.34,4.36,1000000.0,1000000.0
,,,,,,45,2026-02-01 02:40:45.085275,RTM1P47,0.09,0.08,0.1,1000000.0,1000000.0
,,,,,,45,2026-02-01 02:40:45.085275,RTM1C48,3.46,3.45,3.47,1000000.0,1000000.0
,,,,,,45,2026-02-01 02:40:45.085275,RTM1P48,0.2,0.19,0.21,1000000.0,1000000.0
,,,,,,45,2026-02-01 02:40:45.085275,RTM1C49,2.63,2.62,2.64,1000000.0,1000000.0
,,,,,,45,2026-02-01 02:40:45.085275,RTM1P49,0.38,0.37,0.39,1000000.0,1000000.0
,,,,,,45,2026-02-01 02:40:45.085275,RTM1C50,1.92,1.91,1.93,1000000.0,1000000.0
,,,,,,45,2026-02-01 02:40:45.085275,RTM1P50,0.66,0.65,0.67,1000000.0,1000000.0
,,,,,,45,2026-02-01 02:40:45.085275,RTM1C51,1.31,1.3,1.32,1000000.0,1000000.0
,,,,,,45,2026-02-01 02:40:45.085275,RTM1P51,1.06,1.05,1.07,1000000.0,1000000.0
,,,,,,45,2026-02-01 02:40:45.085275,RTM1C52,0.87,0.86,0.88,1000000.0,1000000.0
,,,,,,45,2026-02-01 02:40:45.085275,RTM1P52,1.62,1.61,1.63,1000000.0,1000000.0
,,,,,,45,2026-02-01 02:40:45.085275,RTM1C53,0.53,0.52,0.54,1000000.0,1000000.0
,,,,,,45,2026-02-01 02:40:45.085275,RTM1P53,2.27,2.26,2.28,1000000.0,1000000.0
,,,,,,45,2026-02-01 02:40:45.085275,RTM1C54,0.33,0.32,0.34,1000000.0,1000000.0
,,,,,,45,2026-02-01 02:40:45.085275,RTM1P54,3.08,3.07,3.09,1000000.0,1000000.0
3.0,1.0,35.0,,News 1,The analysts have informed you that the realized volatility of RTM next week will be between 26% and 31%,46,2026-02-01 02:40:46.133562,RTM,51.68,51.67,51.69,100000000.0,100000000.0
2.0,1.0,1.0,Week 1,Delta limit and penalty,The delta limit for this sub-heat is 10000 and the penalty percentage is 3%,46,2026-02-01 02:40:46.133562,RTM1C45,6.68,6.67,6.69,1000000.0,1000000.0
1.0,1.0,1.0,Week 1,Risk free rate and current annualized volatility of RTM,The current risk free rate is 0%. RTM is an ETF that mimics one of the major indices in the simulated world and its current annualized realized volatility is 20%. This simulation consists of 20 trading days that are each 15 ticks in length.,46,2026-02-01 02:40:46.133562,RTM1P45,0.02,0.01,0.03,1000000.0,1000000.0
,,,,,,46,2026-02-01 02:40:46.133562,RTM1C46,5.71,5.7,5.72,1000000.0,1000000.0
,,,,,,46,2026-02-01 02:40:46.133562,RTM1P46,0.03,0.02,0.04,1000000.0,1000000.0
,,,,,,46,2026-02-01 02:40:46.133562,RTM1C47,4.73,4.72,4.74,1000000.0,1000000.0
,,,,,,46,2026-02-01 02:40:46.133562,RTM1P47,0.06,0.05,0.07,1000000.0,1000000.0
,,,,,,46,2026-02-01 02:40:46.133562,RTM1C48,3.83,3.82,3.84,1000000.0,1000000.0
,,,,,,46,2026-02-01 02:40:46.133562,RTM1P48,0.15,0.14,0.16,1000000.0,1000000.0
,,,,,,46,2026-02-01 02:40:46.133562,RTM1C49,2.97,2.96,2.98,1000000.0,1000000.0
,,,,,,46,2026-02-01 02:40:46.133562,RTM1P49,0.29,0.28,0.3,1000000.0,1000000.0
,,,,,,46,2026-02-01 02:40:46.133562,RTM1C50,2.19,2.18,2.2,1000000.0,1000000.0
,,,,,,46,2026-02-01 02:40:46.133562,RTM1P50,0.52,0.51,0.53,1000000.0,1000000.0
,,,,,,46,2026-02-01 02:40:46.133562,RTM1C51,1.59,1.58,1.6,1000000.0,1000000.0
,,,,,,46,2026-02-01 02:40:46.133562,RTM1P51,0.91,0.9,0.92,1000000.0,1000000.0
,,,,,,46,2026-02-01 02:40:46.133562,RTM1C52,1.08,1.07,1.09,1000000.0,1000000.0
,,,,,,46,2026-02-01 02:40:46.133562,RTM1P52,1.4,1.39,1.41,1000000.0,1000000.0
,,,,,,46,2026-02-01 02:40:46.133562,RTM1C53,0.64,0.63,0.65,1000000.0,1000000.0
,,,,,,46,2026-02-01 02:40:46.133562,RTM1P53,1.97,1.96,1.98,1000000.0,1000000.0
,,,,,,46,2026-02-01 02:40:46.133562,RTM1C54,0.4,0.39,0.41,1000000.0,1000000.0
,,,,,,46,2026-02-01 02:40:46.133562,RTM1P54,2.72,2.71,2.73,1000000.0,1000000.0
3.0,1.0,35.0,,News 1,The analysts have informed you that the realized volatility of RTM next week will be between 26% and 31%,47,2026-02-01 02:40:47.197741,RTM,51.59,51.58,51.6,100000000.0,100000000.0
2.0,1.0,1.0,Week 1,Delta limit and penalty,The delta limit for this sub-heat is 10000 and the penalty percentage is 3%,47,2026-02-01 02:40:47.197741,RTM1C45,6.6,6.59,6.61,1000000.0,1000000.0
1.0,1.0,1.0,Week 1,Risk free rate and current annualized volatility of RTM,The current risk free rate is 0%. RTM is an ETF that mimics one of the major indices in the simulated world and its current annualized realized volatility is 20%. This simulation consists of 20 trading days that are each 15 ticks in length.,47,2026-02-01 02:40:47.197741,RTM1P45,0.02,0.01,0.03,1000000.0,1000000.0
,,,,,,47,2026-02-01 02:40:47.197741,RTM1C46,5.62,5.61,5.63,1000000.0,1000000.0
,,,,,,47,2026-02-01 02:40:47.197741,RTM1P46,0.03,0.02,0.04,1000000.0,1000000.0
,,,,,,47,2026-02-01 02:40:47.197741,RTM1C47,4.65,4.64,4.66,1000000.0,1000000.0
,,,,,,47,2026-02-01 02:40:47.197741,RTM1P47,0.06,0.05,0.07,1000000.0,1000000.0
,,,,,,47,2026-02-01 02:40:47.197741,RTM1C48,3.73,3.72,3.74,1000000.0,1000000.0
,,,,,,47,2026-02-01 02:40:47.197741,RTM1P48,0.14,0.13,0.15,1000000.0,1000000.0
,,,,,,47,2026-02-01 02:40:47.197741,RTM1C49,2.9,2.89,2.91,1000000.0,1000000.0
,,,,,,47,2026-02-01 02:40:47.197741,RTM1P49,0.31,0.3,0.32,1000000.0,1000000.0
,,,,,,47,2026-02-01 02:40:47.197741,RTM1C50,2.11,2.1,2.12,1000000.0,1000000.0
,,,,,,47,2026-02-01 02:40:47.197741,RTM1P50,0.51,0.5,0.52,1000000.0,1000000.0
,,,,,,47,2026-02-01 02:40:47.197741,RTM1C51,1.51,1.5,1.52,1000000.0,1000000.0
,,,,,,47,2026-02-01 02:40:47.197741,RTM1P51,0.92,0.91,0.93,1000000.0,1000000.0
,,,,,,47,2026-02-01 02:40:47.197741,RTM1C52,0.98,0.97,0.99,1000000.0,1000000.0
,,,,,,47,2026-02-01 02:40:47.197741,RTM1P52,1.39,1.38,1.4,1000000.0,1000000.0
,,,,,,47,2026-02-01 02:40:47.197741,RTM1C53,0.62,0.61,0.63,1000000.0,1000000.0
,,,,,,47,2026-02-01 02:40:47.197741,RTM1P53,2.03,2.02,2.04,1000000.0,1000000.0
,,,,,,47,2026-02-01 02:40:47.197741,RTM1C54,0.38,0.37,0.39,1000000.0,1000000.0
,,,,,,47,2026-02-01 02:40:47.197741,RTM1P54,2.78,2.77,2.79,1000000.0,1000000.0
3.0,1.0,35.0,,News 1,The analysts have informed you that the realized volatility of RTM next week will be between 26% and 31%,48,2026-02-01 02:40:48.247985,RTM,51.65,51.64,51.66,100000000.0,100000000.0
2.0,1.0,1.0,Week 1,Delta limit and penalty,The delta limit for this sub-heat is 10000 and the penalty percentage is 3%,48,2026-02-01 02:40:48.247985,RTM1C45,6.66,6.65,6.67,1000000.0,1000000.0
1.0,1.0,1.0,Week 1,Risk free rate and current annualized volatility of RTM,The current risk free rate is 0%. RTM is an ETF that mimics one of the major indices in the simulated world and its current annualized realized volatility is 20%. This simulation consists of 20 trading days that are each 15 ticks in length.,48,2026-02-01 02:40:48.247985,RTM1P45,0.02,0.01,0.03,1000000.0,1000000.0
,,,,,,48,2026-02-01 02:40:48.247985,RTM1C46,5.68,5.67,5.69,1000000.0,1000000.0
,,,,,,48,2026-02-01 02:40:48.247985,RTM1P46,0.02,0.01,0.03,1000000.0,1000000.0
,,,,,,48,2026-02-01 02:40:48.247985,RTM1C47,4.71,4.7,4.72,1000000.0,1000000.0
,,,,,,48,2026-02-01 02:40:48.247985,RTM1P47,0.05,0.04,0.06,1000000.0,1000000.0
,,,,,,48,2026-02-01 02:40:48.247985,RTM1C48,3.79,3.78,3.8,1000000.0,1000000.0
,,,,,,48,2026-02-01 02:40:48.247985,RTM1P48,0.14,0.13,0.15,1000000.0,1000000.0
,,,,,,48,2026-02-01 02:40:48.247985,RTM1C49,2.94,2.93,2.95,1000000.0,1000000.0
,,,,,,48,2026-02-01 02:40:48.247985,RTM1P49,0.29,0.28,0.3,1000000.0,1000000.0
,,,,,,48,2026-02-01 02:40:48.247985,RTM1C50,2.17,2.16,2.18,1000000.0,1000000.0
,,,,,,48,2026-02-01 02:40:48.247985,RTM1P50,0.52,0.51,0.53,1000000.0,1000000.0
,,,,,,48,2026-02-01 02:40:48.247985,RTM1C51,1.54,1.53,1.55,1000000.0,1000000.0
,,,,,,48,2026-02-01 02:40:48.247985,RTM1P51,0.89,0.88,0.9,1000000.0,1000000.0
,,,,,,48,2026-02-01 02:40:48.247985,RTM1C52,1.02,1.01,1.03,1000000.0,1000000.0
,,,,,,48,2026-02-01 02:40:48.247985,RTM1P52,1.36,1.35,1.37,1000000.0,1000000.0
,,,,,,48,2026-02-01 02:40:48.247985,RTM1C53,0.66,0.65,0.67,1000000.0,1000000.0
,,,,,,48,2026-02-01 02:40:48.247985,RTM1P53,2.0,1.99,2.01,1000000.0,1000000.0
,,,,,,48,2026-02-01 02:40:48.247985,RTM1C54,0.39,0.38,0.4,1000000.0,1000000.0
,,,,,,48,2026-02-01 02:40:48.247985,RTM1P54,2.73,2.72,2.74,1000000.0,1000000.0
3.0,1.0,35.0,,News 1,The analysts have informed you that the realized volatility of RTM next week will be between 26% and 31%,49,2026-02-01 02:40:49.310050,RTM,51.8,51.79,51.81,100000000.0,100000000.0
2.0,1.0,1.0,Week 1,Delta limit and penalty,The delta limit for this sub-heat is 10000 and the penalty percentage is 3%,49,2026-02-01 02:40:49.310050,RTM1C45,6.8,6.79,6.81,1000000.0,1000000.0
1.0,1.0,1.0,Week 1,Risk free rate and current annualized volatility of RTM,The current risk free rate is 0%. RTM is an ETF that mimics one of the major indices in the simulated world and its current annualized realized volatility is 20%. This simulation consists of 20 trading days that are each 15 ticks in length.,49,2026-02-01 02:40:49.310050,RTM1P45,0.02,0.01,0.03,1000000.0,1000000.0
,,,,,,49,2026-02-01 02:40:49.310050,RTM1C46,5.82,5.81,5.83,1000000.0,1000000.0
,,,,,,49,2026-02-01 02:40:49.310050,RTM1P46,0.02,0.01,0.03,1000000.0,1000000.0
,,,,,,49,2026-02-01 02:40:49.310050,RTM1C47,4.85,4.84,4.86,1000000.0,1000000.0
,,,,,,49,2026-02-01 02:40:49.310050,RTM1P47,0.05,0.04,0.06,1000000.0,1000000.0
,,,,,,49,2026-02-01 02:40:49.310050,RTM1C48,3.92,3.91,3.93,1000000.0,1000000.0
,,,,,,49,2026-02-01 02:40:49.310050,RTM1P48,0.12,0.11,0.13,1000000.0,1000000.0
,,,,,,49,2026-02-01 02:40:49.310050,RTM1C49,3.06,3.05,3.07,1000000.0,1000000.0
,,,,,,49,2026-02-01 02:40:49.310050,RTM1P49,0.26,0.25,0.27,1000000.0,1000000.0
,,,,,,49,2026-02-01 02:40:49.310050,RTM1C50,2.26,2.25,2.27,1000000.0,1000000.0
,,,,,,49,2026-02-01 02:40:49.310050,RTM1P50,0.46,0.45,0.47,1000000.0,1000000.0
,,,,,,49,2026-02-01 02:40:49.310050,RTM1C51,1.59,1.58,1.6,1000000.0,1000000.0
,,,,,,49,2026-02-01 02:40:49.310050,RTM1P51,0.79,0.78,0.8,1000000.0,1000000.0
,,,,,,49,2026-02-01 02:40:49.310050,RTM1C52,1.07,1.06,1.08,1000000.0,1000000.0
,,,,,,49,2026-02-01 02:40:49.310050,RTM1P52,1.28,1.27,1.29,1000000.0,1000000.0
,,,,,,49,2026-02-01 02:40:49.310050,RTM1C53,0.7,0.69,0.71,1000000.0,1000000.0
,,,,,,49,2026-02-01 02:40:49.310050,RTM1P53,1.9,1.89,1.91,1000000.0,1000000.0
,,,,,,49,2026-02-01 02:40:49.310050,RTM1C54,0.41,0.4,0.42,1000000.0,1000000.0
,,,,,,49,2026-02-01 02:40:49.310050,RTM1P54,2.62,2.61,2.63,1000000.0,1000000.0
3.0,1.0,35.0,,News 1,The analysts have informed you that the realized volatility of RTM next week will be between 26% and 31%,50,2026-02-01 02:40:50.360153,RTM,51.87,51.86,51.88,100000000.0,100000000.0
2.0,1.0,1.0,Week 1,Delta limit and penalty,The delta limit for this sub-heat is 10000 and the penalty percentage is 3%,50,2026-02-01 02:40:50.360153,RTM1C45,6.87,6.86,6.88,1000000.0,1000000.0
1.0,1.0,1.0,Week 1,Risk free rate and current annualized volatility of RTM,The current risk free rate is 0%. RTM is an ETF that mimics one of the major indices in the simulated world and its current annualized realized volatility is 20%. This simulation consists of 20 trading days that are each 15 ticks in length.,50,2026-02-01 02:40:50.360153,RTM1P45,0.02,0.01,0.03,1000000.0,1000000.0
,,,,,,50,2026-02-01 02:40:50.360153,RTM1C46,5.88,5.87,5.89,1000000.0,1000000.0
,,,,,,50,2026-02-01 02:40:50.360153,RTM1P46,0.02,0.01,0.03,1000000.0,1000000.0
,,,,,,50,2026-02-01 02:40:50.360153,RTM1C47,4.91,4.9,4.92,1000000.0,1000000.0
,,,,,,50,2026-02-01 02:40:50.360153,RTM1P47,0.05,0.04,0.06,1000000.0,1000000.0
,,,,,,50,2026-02-01 02:40:50.360153,RTM1C48,3.98,3.97,3.99,1000000.0,1000000.0
,,,,,,50,2026-02-01 02:40:50.360153,RTM1P48,0.12,0.11,0.13,1000000.0,1000000.0
,,,,,,50,2026-02-01 02:40:50.360153,RTM1C49,3.1,3.09,3.11,1000000.0,1000000.0
,,,,,,50,2026-02-01 02:40:50.360153,RTM1P49,0.24,0.23,0.25,1000000.0,1000000.0
,,,,,,50,2026-02-01 02:40:50.360153,RTM1C50,2.31,2.3,2.32,1000000.0,1000000.0
,,,,,,50,2026-02-01 02:40:50.360153,RTM1P50,0.45,0.44,0.46,1000000.0,1000000.0
,,,,,,50,2026-02-01 02:40:50.360153,RTM1C51,1.62,1.61,1.63,1000000.0,1000000.0
,,,,,,50,2026-02-01 02:40:50.360153,RTM1P51,0.76,0.75,0.77,1000000.0,1000000.0
,,,,,,50,2026-02-01 02:40:50.360153,RTM1C52,1.13,1.12,1.14,1000000.0,1000000.0
,,,,,,50,2026-02-01 02:40:50.360153,RTM1P52,1.27,1.26,1.28,1000000.0,1000000.0
,,,,,,50,2026-02-01 02:40:50.360153,RTM1C53,0.7,0.69,0.71,1000000.0,1000000.0
,,,,,,50,2026-02-01 02:40:50.360153,RTM1P53,1.84,1.83,1.85,1000000.0,1000000.0
,,,,,,50,2026-02-01 02:40:50.360153,RTM1C54,0.42,0.41,0.43,1000000.0,1000000.0
,,,,,,50,2026-02-01 02:40:50.360153,RTM1P54,2.55,2.54,2.56,1000000.0,1000000.0
3.0,1.0,35.0,,News 1,The analysts have informed you that the realized volatility of RTM next week will be between 26% and 31%,51,2026-02-01 02:40:51.409210,RTM,52.08,52.07,52.09,100000000.0,100000000.0
2.0,1.0,1.0,Week 1,Delta limit and penalty,The delta limit for this sub-heat is 10000 and the penalty percentage is 3%,51,2026-02-01 02:40:51.409210,RTM1C45,7.08,7.07,7.09,1000000.0,1000000.0
1.0,1.0,1.0,Week 1,Risk free rate and current annualized volatility of RTM,The current risk free rate is 0%. RTM is an ETF that mimics one of the major indices in the simulated world and its current annualized realized volatility is 20%. This simulation consists of 20 trading days that are each 15 ticks in length.,51,2026-02-01 02:40:51.409210,RTM1P45,0.02,0.01,0.03,1000000.0,1000000.0
,,,,,,51,2026-02-01 02:40:51.409210,RTM1C46,6.09,6.08,6.1,1000000.0,1000000.0
,,,,,,51,2026-02-01 02:40:51.409210,RTM1P46,0.02,0.01,0.03,1000000.0,1000000.0
,,,,,,51,2026-02-01 02:40:51.409210,RTM1C47,5.11,5.1,5.12,1000000.0,1000000.0
,,,,,,51,2026-02-01 02:40:51.409210,RTM1P47,0.03,0.02,0.04,1000000.0,1000000.0
,,,,,,51,2026-02-01 02:40:51.409210,RTM1C48,4.17,4.16,4.18,1000000.0,1000000.0
,,,,,,51,2026-02-01 02:40:51.409210,RTM1P48,0.1,0.09,0.11,1000000.0,1000000.0
,,,,,,51,2026-02-01 02:40:51.409210,RTM1C49,3.29,3.28,3.3,1000000.0,1000000.0
,,,,,,51,2026-02-01 02:40:51.409210,RTM1P49,0.21,0.2,0.22,1000000.0,1000000.0
,,,,,,51,2026-02-01 02:40:51.409210,RTM1C50,2.46,2.45,2.47,1000000.0,1000000.0
,,,,,,51,2026-02-01 02:40:51.409210,RTM1P50,0.38,0.37,0.39,1000000.0,1000000.0
,,,,,,51,2026-02-01 02:40:51.409210,RTM1C51,1.79,1.78,1.8,1000000.0,1000000.0
,,,,,,51,2026-02-01 02:40:51.409210,RTM1P51,0.71,0.7,0.72,1000000.0,1000000.0
,,,,,,51,2026-02-01 02:40:51.409210,RTM1C52,1.18,1.17,1.19,1000000.0,1000000.0
,,,,,,51,2026-02-01 02:40:51.409210,RTM1P52,1.11,1.1,1.12,1000000.0,1000000.0
,,,,,,51,2026-02-01 02:40:51.409210,RTM1C53,0.77,0.76,0.78,1000000.0,1000000.0
,,,,,,51,2026-02-01 02:40:51.409210,RTM1P53,1.7,1.69,1.71,1000000.0,1000000.0
,,,,,,51,2026-02-01 02:40:51.409210,RTM1C54,0.48,0.47,0.49,1000000.0,1000000.0
,,,,,,51,2026-02-01 02:40:51.409210,RTM1P54,2.41,2.4,2.42,1000000.0,1000000.0
3.0,1.0,35.0,,News 1,The analysts have informed you that the realized volatility of RTM next week will be between 26% and 31%,52,2026-02-01 02:40:52.458927,RTM,51.6,51.59,51.61,100000000.0,100000000.0
2.0,1.0,1.0,Week 1,Delta limit and penalty,The delta limit for this sub-heat is 10000 and the penalty percentage is 3%,52,2026-02-01 02:40:52.458927,RTM1C45,6.61,6.6,6.62,1000000.0,1000000.0
