tick,timestamp,ticker,last_price,bid_price,ask_price,BUY_ANON,SELL_ANON,SELL_COLB-2,BUY_CNCD-1,BUY_COLB-2,BUY_COLB-1,SELL_COLB-5,SELL_LUIS-1,BUY_LUIS-1,BUY_CHUL-2,SELL_CHUL-2,SELL_OTWA-2,BUY_COLA-4,SELL_CNCD-1,SELL_COLA-4,BUY_DUBL-6,SELL_COLB-1,BUY_OTWA-2,SELL_BOST-3,SELL_DUBL-6
0,2026-02-01 13:22:12.132911,RITC,0.0,0.0,0.0,192300.0,195700.0,0,0,0,0,0,0,0,0,0,0,0,0,0,0,0,0,0,0
0,2026-02-01 13:22:12.132911,COMP,0.0,0.0,0.0,142100.0,141400.0,0,0,0,0,0,0,0,0,0,0,0,0,0,0,0,0,0,0
1.0,1.0,1.0,,Welcome to the RITC 2026 Liquidity Risk Case - practice server,Good Luck!,1,2026-02-01 13:22:13.159790,RITC,9.97,9.97,10.01,193000.0,195700.0,0,0,0,0,0,0,0,0,0,0,0,0,0,0,0,0,0,0
,,,,,,1,2026-02-01 13:22:13.159790,COMP,0.0,25.0,25.01,142100.0,141800.0,0,0,0,0,0,0,0,0,0,0,0,0,0,0,0,0,0,0
1.0,1.0,1.0,,Welcome to the RITC 2026 Liquidity Risk Case - practice server,Good Luck!,2,2026-02-01 13:22:14.186334,RITC,9.97,9.97,10.0,193000.0,197000.0,0,0,0,0,0,0,0,0,0,0,0,0,0,0,0,0,0,0
,,,,,,2,2026-02-01 13:22:14.186334,COMP,25.01,25.0,25.01,143900.0,141800.0,0,0,0,0,0,0,0,0,0,0,0,0,0,0,0,0,0,0
1.0,1.0,1.0,,Welcome to the RITC 2026 Liquidity Risk Case - practice server,Good Luck!,3,2026-02-01 13:22:15.197952,RITC,9.96,9.96,9.97,195000.0,196700.0,0,0,0,0,0,0,0,0,0,0,0,0,0,0,0,0,0,0
,,,,,,3,2026-02-01 13:22:15.197952,COMP,25.01,25.0,25.01,143600.0,141800.0,0,0,0,0,0,0,0,0,0,0,0,0,0,0,0,0,0,0
1.0,1.0,1.0,,Welcome to the RITC 2026 Liquidity Risk Case - practice server,Good Luck!,4,2026-02-01 13:22:16.207780,RITC,9.96,9.96,9.97,194500.0,196700.0,0,0,0,0,0,0,0,0,0,0,0,0,0,0,0,0,0,0
,,,,,,4,2026-02-01 13:22:16.207780,COMP,25.01,25.0,25.01,142400.0,141800.0,0,0,0,0,0,0,0,0,0,0,0,0,0,0,0,0,0,0
1.0,1.0,1.0,,Welcome to the RITC 2026 Liquidity Risk Case - practice server,Good Luck!,5,2026-02-01 13:22:17.217361,RITC,9.95,9.95,9.97,194500.0,195800.0,0,0,0,0,0,0,0,0,0,0,0,0,0,0,0,0,0,0
,,,,,,5,2026-02-01 13:22:17.217361,COMP,25.02,25.0,25.02,142400.0,140600.0,0,0,0,0,0,0,0,0,0,0,0,0,0,0,0,0,0,0
1.0,1.0,1.0,,Welcome to the RITC 2026 Liquidity Risk Case - practice server,Good Luck!,6,2026-02-01 13:22:18.232414,RITC,9.95,9.95,9.97,196700.0,197400.0,0,0,0,0,0,0,0,0,0,0,0,0,0,0,0,0,0,0
,,,,,,6,2026-02-01 13:22:18.232414,COMP,25.02,25.0,25.01,142400.0,141000.0,0,0,0,0,0,0,0,0,0,0,0,0,0,0,0,0,0,0
1.0,1.0,1.0,,Welcome to the RITC 2026 Liquidity Risk Case - practice server,Good Luck!,7,2026-02-01 13:22:19.257215,RITC,10.01,9.94,10.01,194100.0,195800.0,0,0,0,0,0,0,0,0,0,0,0,0,0,0,0,0,0,0
,,,,,,7,2026-02-01 13:22:19.257215,COMP,25.02,25.0,25.01,142400.0,141000.0,0,0,0,0,0,0,0,0,0,0,0,0,0,0,0,0,0,0
1.0,1.0,1.0,,Welcome to the RITC 2026 Liquidity Risk Case - practice server,Good Luck!,8,2026-02-01 13:22:20.299376,RITC,10.01,10.0,10.01,193300.0,197300.0,0,0,0,0,0,0,0,0,0,0,0,0,0,0,0,0,0,0
,,,,,,8,2026-02-01 13:22:20.299376,COMP,25.03,25.0,25.03,141900.0,141300.0,0,0,0,0,0,0,0,0,0,0,0,0,0,0,0,0,0,0
1.0,1.0,1.0,,Welcome to the RITC 2026 Liquidity Risk Case - practice server,Good Luck!,9,2026-02-01 13:22:21.327047,RITC,10.0,10.0,10.02,195600.0,197900.0,0,0,0,0,0,0,0,0,0,0,0,0,0,0,0,0,0,0
,,,,,,9,2026-02-01 13:22:21.327047,COMP,25.05,25.0,25.05,141900.0,140800.0,0,0,0,0,0,0,0,0,0,0,0,0,0,0,0,0,0,0
1.0,1.0,1.0,,Welcome to the RITC 2026 Liquidity Risk Case - practice server,Good Luck!,10,2026-02-01 13:22:22.352095,RITC,10.0,10.0,10.01,195600.0,198100.0,0,0,0,0,0,0,0,0,0,0,0,0,0,0,0,0,0,0
,,,,,,10,2026-02-01 13:22:22.352095,COMP,25.05,25.0,25.05,141900.0,140500.0,0,0,0,0,0,0,0,0,0,0,0,0,0,0,0,0,0,0
1.0,1.0,1.0,,Welcome to the RITC 2026 Liquidity Risk Case - practice server,Good Luck!,11,2026-02-01 13:22:23.382099,RITC,10.0,10.0,10.01,193900.0,198100.0,0,0,0,0,0,0,0,0,0,0,0,0,0,0,0,0,0,0
,,,,,,11,2026-02-01 13:22:23.382099,COMP,24.99,24.99,25.05,143500.0,140500.0,0,0,0,0,0,0,0,0,0,0,0,0,0,0,0,0,0,0
1.0,1.0,1.0,,Welcome to the RITC 2026 Liquidity Risk Case - practice server,Good Luck!,12,2026-02-01 13:22:24.387499,RITC,9.94,9.94,10.0,183700.0,200400.0,0,0,0,0,0,0,0,0,0,0,0,0,0,0,0,0,0,0
,,,,,,12,2026-02-01 13:22:24.387499,COMP,25.05,25.05,25.06,143600.0,139000.0,0,0,0,0,0,0,0,0,0,0,0,0,0,0,0,0,0,0
1.0,1.0,1.0,,Welcome to the RITC 2026 Liquidity Risk Case - practice server,Good Luck!,13,2026-02-01 13:22:25.407213,RITC,9.94,9.97,10.0,185500.0,200400.0,0,0,0,0,0,0,0,0,0,0,0,0,0,0,0,0,0,0
,,,,,,13,2026-02-01 13:22:25.407213,COMP,25.05,25.05,25.06,143100.0,139000.0,0,0,0,0,0,0,0,0,0,0,0,0,0,0,0,0,0,0
1.0,1.0,1.0,,Welcome to the RITC 2026 Liquidity Risk Case - practice server,Good Luck!,14,2026-02-01 13:22:26.426942,RITC,9.97,9.97,10.0,185500.0,198300.0,0,0,0,0,0,0,0,0,0,0,0,0,0,0,0,0,0,0
,,,,,,14,2026-02-01 13:22:26.426942,COMP,25.05,24.99,25.03,143700.0,139700.0,0,0,0,0,0,0,0,0,0,0,0,0,0,0,0,0,0,0
1.0,1.0,1.0,,Welcome to the RITC 2026 Liquidity Risk Case - practice server,Good Luck!,16,2026-02-01 13:22:27.441619,RITC,9.94,9.94,9.98,163200.0,196700.0,0,0,0,0,0,0,0,0,0,0,0,0,0,0,0,0,0,0
,,,,,,16,2026-02-01 13:22:27.441619,COMP,25.05,24.99,25.03,141600.0,139700.0,0,0,0,0,0,0,0,0,0,0,0,0,0,0,0,0,0,0
1.0,1.0,1.0,,Welcome to the RITC 2026 Liquidity Risk Case - practice server,Good Luck!,17,2026-02-01 13:22:28.462460,RITC,9.94,9.94,9.96,153800.0,196400.0,0,0,0,0,0,0,0,0,0,0,0,0,0,0,0,0,0,0
,,,,,,17,2026-02-01 13:22:28.462460,COMP,25.05,25.01,25.03,142200.0,139700.0,0,0,0,0,0,0,0,0,0,0,0,0,0,0,0,0,0,0
1.0,1.0,1.0,,Welcome to the RITC 2026 Liquidity Risk Case - practice server,Good Luck!,18,2026-02-01 13:22:29.485496,RITC,9.92,9.92,9.96,135500.0,196400.0,0,0,0,0,0,0,0,0,0,0,0,0,0,0,0,0,0,0
,,,,,,18,2026-02-01 13:22:29.485496,COMP,25.05,25.01,25.03,142200.0,139700.0,0,0,0,0,0,0,0,0,0,0,0,0,0,0,0,0,0,0
1.0,1.0,1.0,,Welcome to the RITC 2026 Liquidity Risk Case - practice server,Good Luck!,19,2026-02-01 13:22:30.507175,RITC,10.08,9.92,9.93,135500.0,194900.0,0,0,0,0,0,0,0,0,0,0,0,0,0,0,0,0,0,0
,,,,,,19,2026-02-01 13:22:30.507175,COMP,25.05,25.02,25.03,142900.0,139700.0,0,0,0,0,0,0,0,0,0,0,0,0,0,0,0,0,0,0
1.0,1.0,1.0,,Welcome to the RITC 2026 Liquidity Risk Case - practice server,Good Luck!,20,2026-02-01 13:22:31.526943,RITC,9.84,9.91,9.92,116000.0,195400.0,0,0,0,0,0,0,0,0,0,0,0,0,0,0,0,0,0,0
,,,,,,20,2026-02-01 13:22:31.526943,COMP,25.06,25.02,25.06,142900.0,139000.0,0,0,0,0,0,0,0,0,0,0,0,0,0,0,0,0,0,0
1.0,1.0,1.0,,Welcome to the RITC 2026 Liquidity Risk Case - practice server,Good Luck!,21,2026-02-01 13:22:32.546913,RITC,9.91,9.91,9.92,107600.0,194700.0,0,0,0,0,0,0,0,0,0,0,0,0,0,0,0,0,0,0
,,,,,,21,2026-02-01 13:22:32.546913,COMP,25.06,25.02,25.06,144300.0,139000.0,0,0,0,0,0,0,0,0,0,0,0,0,0,0,0,0,0,0
1.0,1.0,1.0,,Welcome to the RITC 2026 Liquidity Risk Case - practice server,Good Luck!,22,2026-02-01 13:22:33.567050,RITC,9.91,9.91,9.92,98200.0,189400.0,5000.0,0,0,0,0,0,0,0,0,0,0,0,0,0,0,0,0,0
,,,,,,22,2026-02-01 13:22:33.567050,COMP,25.06,25.02,25.06,144300.0,138000.0,,0,0,0,0,0,0,0,0,0,0,0,0,0,0,0,0,0
1.0,1.0,1.0,,Welcome to the RITC 2026 Liquidity Risk Case - practice server,Good Luck!,23,2026-02-01 13:22:34.587430,RITC,9.91,9.91,9.92,98200.0,191700.0,5000.0,0,0,0,0,0,0,0,0,0,0,0,0,0,0,0,0,0
,,,,,,23,2026-02-01 13:22:34.587430,COMP,24.92,25.02,25.06,145100.0,138000.0,,0,0,0,0,0,0,0,0,0,0,0,0,0,0,0,0,0
1.0,1.0,1.0,,Welcome to the RITC 2026 Liquidity Risk Case - practice server,Good Luck!,24,2026-02-01 13:22:35.607096,RITC,9.91,9.9,9.91,96200.0,189400.0,5000.0,0,0,0,0,0,0,0,0,0,0,0,0,0,0,0,0,0
,,,,,,24,2026-02-01 13:22:35.607096,COMP,25.06,25.02,25.07,144000.0,137300.0,,0,0,0,0,0,0,0,0,0,0,0,0,0,0,0,0,0
1.0,1.0,1.0,,Welcome to the RITC 2026 Liquidity Risk Case - practice server,Good Luck!,25,2026-02-01 13:22:36.639167,RITC,10.11,9.9,9.91,96200.0,180000.0,10000.0,0,0,0,0,0,0,0,0,0,0,0,0,0,0,0,0,0
,,,,,,25,2026-02-01 13:22:36.639167,COMP,25.06,25.02,25.07,144000.0,137300.0,,0,0,0,0,0,0,0,0,0,0,0,0,0,0,0,0,0
1.0,1.0,1.0,,Welcome to the RITC 2026 Liquidity Risk Case - practice server,Good Luck!,26,2026-02-01 13:22:37.656767,RITC,9.9,9.88,9.9,95800.0,182700.0,10000.0,0,0,0,0,0,0,0,0,0,0,0,0,0,0,0,0,0
,,,,,,26,2026-02-01 13:22:37.656767,COMP,25.08,25.02,25.08,144000.0,130800.0,,0,0,0,0,0,0,0,0,0,0,0,0,0,0,0,0,0
1.0,1.0,1.0,,Welcome to the RITC 2026 Liquidity Risk Case - practice server,Good Luck!,27,2026-02-01 13:22:38.679666,RITC,9.9,9.88,9.89,95800.0,184300.0,10000.0,0,0,0,0,0,0,0,0,0,0,0,0,0,0,0,0,0
,,,,,,27,2026-02-01 13:22:38.679666,COMP,25.08,25.02,25.08,145300.0,130800.0,,0,0,0,0,0,0,0,0,0,0,0,0,0,0,0,0,0
1.0,1.0,1.0,,Welcome to the RITC 2026 Liquidity Risk Case - practice server,Good Luck!,28,2026-02-01 13:22:39.692725,RITC,9.88,9.88,9.89,98000.0,181200.0,10000.0,0,0,0,0,0,0,0,0,0,0,0,0,0,0,0,0,0
,,,,,,28,2026-02-01 13:22:39.692725,COMP,25.08,25.09,25.11,146200.0,124200.0,,0,0,0,0,0,0,0,0,0,0,0,0,0,0,0,0,0
1.0,1.0,1.0,,Welcome to the RITC 2026 Liquidity Risk Case - practice server,Good Luck!,29,2026-02-01 13:22:40.713194,RITC,9.88,9.88,9.89,99400.0,183100.0,10000.0,0,0,0,0,0,0,0,0,0,0,0,0,0,0,0,0,0
,,,,,,29,2026-02-01 13:22:40.713194,COMP,25.08,25.09,25.11,146600.0,124200.0,,0,0,0,0,0,0,0,0,0,0,0,0,0,0,0,0,0
1.0,1.0,1.0,,Welcome to the RITC 2026 Liquidity Risk Case - practice server,Good Luck!,30,2026-02-01 13:22:41.743613,RITC,9.87,9.87,9.88,96000.0,172100.0,15000.0,0,0,0,0,0,0,0,0,0,0,0,0,0,0,0,0,0
,,,,,,30,2026-02-01 13:22:41.743613,COMP,25.11,25.09,25.11,147600.0,118000.0,,0,0,0,0,0,0,0,0,0,0,0,0,0,0,0,0,0
1.0,1.0,1.0,,Welcome to the RITC 2026 Liquidity Risk Case - practice server,Good Luck!,31,2026-02-01 13:22:42.756555,RITC,9.86,9.85,9.86,96500.0,171400.0,15000.0,0,0,0,0,0,0,0,0,0,0,0,0,0,0,0,0,0
,,,,,,31,2026-02-01 13:22:42.756555,COMP,25.11,25.1,25.11,145900.0,118000.0,,0,0,0,0,0,0,0,0,0,0,0,0,0,0,0,0,0
1.0,1.0,1.0,,Welcome to the RITC 2026 Liquidity Risk Case - practice server,Good Luck!,32,2026-02-01 13:22:43.775923,RITC,9.85,9.85,9.86,96900.0,176800.0,15000.0,0,0,0,0,0,0,0,0,0,0,0,0,0,0,0,0,0
,,,,,,32,2026-02-01 13:22:43.775923,COMP,25.13,25.1,25.13,144900.0,111800.0,,0,0,0,0,0,0,0,0,0,0,0,0,0,0,0,0,0
1.0,1.0,1.0,,Welcome to the RITC 2026 Liquidity Risk Case - practice server,Good Luck!,33,2026-02-01 13:22:44.792583,RITC,9.85,9.85,9.86,96900.0,175400.0,15000.0,0,0,0,0,0,0,0,0,0,0,0,0,0,0,0,0,0
,,,,,,33,2026-02-01 13:22:44.792583,COMP,25.13,25.1,25.13,145500.0,111800.0,,0,0,0,0,0,0,0,0,0,0,0,0,0,0,0,0,0
1.0,1.0,1.0,,Welcome to the RITC 2026 Liquidity Risk Case - practice server,Good Luck!,34,2026-02-01 13:22:45.811361,RITC,9.85,9.85,9.86,96900.0,174700.0,15000.0,0,0,0,0,0,0,0,0,0,0,0,0,0,0,0,0,0
,,,,,,34,2026-02-01 13:22:45.811361,COMP,25.13,25.1,25.13,145500.0,104300.0,,0,0,0,0,0,0,0,0,0,0,0,0,0,0,0,0,0
1.0,1.0,1.0,,Welcome to the RITC 2026 Liquidity Risk Case - practice server,Good Luck!,35,2026-02-01 13:22:46.826559,RITC,9.84,9.84,9.86,98800.0,179600.0,15000.0,0,0,0,0,0,0,0,0,0,0,0,0,0,0,0,0,0
,,,,,,35,2026-02-01 13:22:46.826559,COMP,25.13,25.12,25.13,145100.0,104300.0,,0,0,0,0,0,0,0,0,0,0,0,0,0,0,0,0,0
1.0,1.0,1.0,,Welcome to the RITC 2026 Liquidity Risk Case - practice server,Good Luck!,36,2026-02-01 13:22:47.842024,RITC,9.84,9.81,9.83,97400.0,180700.0,15000.0,0,0,0,0,0,0,0,0,0,0,0,0,0,0,0,0,0
,,,,,,36,2026-02-01 13:22:47.842024,COMP,25.14,25.12,25.14,145100.0,98000.0,,0,0,0,0,0,0,0,0,0,0,0,0,0,0,0,0,0
1.0,1.0,1.0,,Welcome to the RITC 2026 Liquidity Risk Case - practice server,Good Luck!,37,2026-02-01 13:22:48.858991,RITC,9.84,9.81,9.83,97400.0,100.0,180700.0,15000.0,0,0,0,0,0,0,0,0,0,0,0,0,0,0,0,0
,,,,,,37,2026-02-01 13:22:48.858991,COMP,25.14,25.12,25.14,144600.0,,98000.0,,0,0,0,0,0,0,0,0,0,0,0,0,0,0,0,0
1.0,1.0,1.0,,Welcome to the RITC 2026 Liquidity Risk Case - practice server,Good Luck!,38,2026-02-01 13:22:49.886384,RITC,9.83,9.81,9.83,97400.0,100.0,180700.0,15000.0,0,0,0,0,0,0,0,0,0,0,0,0,0,0,0,0
,,,,,,38,2026-02-01 13:22:49.886384,COMP,25.15,25.12,25.15,144600.0,,89900.0,,0,0,0,0,0,0,0,0,0,0,0,0,0,0,0,0
1.0,1.0,1.0,,Welcome to the RITC 2026 Liquidity Risk Case - practice server,Good Luck!,39,2026-02-01 13:22:50.927054,RITC,9.8,9.8,9.83,106500.0,100.0,180700.0,15000.0,0,0,0,0,0,0,0,0,0,0,0,0,0,0,0,0
,,,,,,39,2026-02-01 13:22:50.927054,COMP,25.15,25.12,25.15,143200.0,,82000.0,,0,0,0,0,0,0,0,0,0,0,0,0,0,0,0,0
1.0,1.0,1.0,,Welcome to the RITC 2026 Liquidity Risk Case - practice server,Good Luck!,40,2026-02-01 13:22:51.955073,RITC,9.8,9.81,9.83,117900.0,100.0,178200.0,15000.0,0,0,0,0,0,0,0,0,0,0,0,0,0,0,0,0
,,,,,,40,2026-02-01 13:22:51.955073,COMP,25.16,25.12,25.16,142400.0,,75600.0,,0,0,0,0,0,0,0,0,0,0,0,0,0,0,0,0
1.0,1.0,1.0,,Welcome to the RITC 2026 Liquidity Risk Case - practice server,Good Luck!,41,2026-02-01 13:22:52.977253,RITC,9.81,9.81,9.82,117900.0,100.0,178900.0,15000.0,0,0,0,0,0,0,0,0,0,0,0,0,0,0,0,0
,,,,,,41,2026-02-01 13:22:52.977253,COMP,25.16,25.12,25.16,142400.0,,68800.0,,0,0,0,0,0,0,0,0,0,0,0,0,0,0,0,0
1.0,1.0,1.0,,Welcome to the RITC 2026 Liquidity Risk Case - practice server,Good Luck!,42,2026-02-01 13:22:54.008688,RITC,9.77,9.77,9.8,98500.0,189500.0,10000.0,0,0,0,0,0,0,0,0,0,0,0,0,0,0,0,0,0
,,,,,,42,2026-02-01 13:22:54.008688,COMP,25.16,25.12,25.16,141900.0,68800.0,,0,0,0,0,0,0,0,0,0,0,0,0,0,0,0,0,0
1.0,1.0,1.0,,Welcome to the RITC 2026 Liquidity Risk Case - practice server,Good Luck!,43,2026-02-01 13:22:55.039123,RITC,9.77,9.79,9.8,107800.0,187900.0,10000.0,0,0,0,0,0,0,0,0,0,0,0,0,0,0,0,0,0
,,,,,,43,2026-02-01 13:22:55.039123,COMP,25.16,25.14,25.16,142000.0,68800.0,,0,0,0,0,0,0,0,0,0,0,0,0,0,0,0,0,0
1.0,1.0,1.0,,Welcome to the RITC 2026 Liquidity Risk Case - practice server,Good Luck!,44,2026-02-01 13:22:56.071924,RITC,9.79,9.79,9.8,107800.0,200100.0,5000.0,0,0,0,0,0,0,0,0,0,0,0,0,0,0,0,0,0
,,,,,,44,2026-02-01 13:22:56.071924,COMP,25.16,25.14,25.16,142300.0,68800.0,,0,0,0,0,0,0,0,0,0,0,0,0,0,0,0,0,0
1.0,1.0,1.0,,Welcome to the RITC 2026 Liquidity Risk Case - practice server,Good Luck!,45,2026-02-01 13:22:57.087599,RITC,9.77,9.75,9.76,99800.0,200800.0,5000.0,0,0,0,0,0,0,0,0,0,0,0,0,0,0,0,0,0
,,,,,,45,2026-02-01 13:22:57.087599,COMP,25.17,25.14,25.16,142800.0,68800.0,,0,0,0,0,0,0,0,0,0,0,0,0,0,0,0,0,0
1.0,1.0,1.0,,Welcome to the RITC 2026 Liquidity Risk Case - practice server,Good Luck!,46,2026-02-01 13:22:58.105693,RITC,9.77,9.75,9.76,99800.0,209500.0,0,0,0,0,0,0,0,0,0,0,0,0,0,0,0,0,0,0
,,,,,,46,2026-02-01 13:22:58.105693,COMP,25.16,25.16,25.2,141400.0,68400.0,0,0,0,0,0,0,0,0,0,0,0,0,0,0,0,0,0,0
1.0,1.0,1.0,,Welcome to the RITC 2026 Liquidity Risk Case - practice server,Good Luck!,47,2026-02-01 13:22:59.135707,RITC,9.75,9.75,9.76,99800.0,210800.0,0,0,0,0,0,0,0,0,0,0,0,0,0,0,0,0,0,0
,,,,,,47,2026-02-01 13:22:59.135707,COMP,25.2,25.18,25.2,142800.0,68400.0,0,0,0,0,0,0,0,0,0,0,0,0,0,0,0,0,0,0
1.0,1.0,1.0,,Welcome to the RITC 2026 Liquidity Risk Case - practice server,Good Luck!,48,2026-02-01 13:23:00.180222,RITC,9.75,9.75,9.76,99400.0,208700.0,0,0,0,0,0,0,0,0,0,0,0,0,0,0,0,0,0,0
,,,,,,48,2026-02-01 13:23:00.180222,COMP,25.2,25.18,25.2,141500.0,68400.0,0,0,0,0,0,0,0,0,0,0,0,0,0,0,0,0,0,0
1.0,1.0,1.0,,Welcome to the RITC 2026 Liquidity Risk Case - practice server,Good Luck!,49,2026-02-01 13:23:01.210985,RITC,9.74,9.74,9.76,100500.0,208700.0,0,0,0,0,0,0,0,0,0,0,0,0,0,0,0,0,0,0
,,,,,,49,2026-02-01 13:23:01.210985,COMP,25.2,25.18,25.2,140500.0,68400.0,0,0,0,0,0,0,0,0,0,0,0,0,0,0,0,0,0,0
1.0,1.0,1.0,,Welcome to the RITC 2026 Liquidity Risk Case - practice server,Good Luck!,50,2026-02-01 13:23:02.243811,RITC,9.73,9.69,9.7,106700.0,210100.0,0,0,0,0,0,0,0,0,0,0,0,0,0,0,0,0,0,0
,,,,,,50,2026-02-01 13:23:02.243811,COMP,25.21,25.18,25.21,140500.0,68200.0,0,0,0,0,0,0,0,0,0,0,0,0,0,0,0,0,0,0
1.0,1.0,1.0,,Welcome to the RITC 2026 Liquidity Risk Case - practice server,Good Luck!,51,2026-02-01 13:23:03.262072,RITC,9.67,9.66,9.67,109300.0,212400.0,0,0,0,0,0,0,0,0,0,0,0,0,0,0,0,0,0,0
,,,,,,51,2026-02-01 13:23:03.262072,COMP,25.23,25.18,25.23,139500.0,65600.0,0,0,0,0,0,0,0,0,0,0,0,0,0,0,0,0,0,0
1.0,1.0,1.0,,Welcome to the RITC 2026 Liquidity Risk Case - practice server,Good Luck!,52,2026-02-01 13:23:04.299419,RITC,9.67,9.66,9.67,118400.0,211900.0,0,0,0,0,0,0,0,0,0,0,0,0,0,0,0,0,0,0
,,,,,,52,2026-02-01 13:23:04.299419,COMP,25.29,25.18,25.29,139200.0,67200.0,0,0,0,0,0,0,0,0,0,0,0,0,0,0,0,0,0,0
1.0,1.0,1.0,,Welcome to the RITC 2026 Liquidity Risk Case - practice server,Good Luck!,53,2026-02-01 13:23:05.345704,RITC,9.66,9.66,9.67,129600.0,211900.0,0,0,0,0,0,0,0,0,0,0,0,0,0,0,0,0,0,0
,,,,,,53,2026-02-01 13:23:05.345704,COMP,25.29,25.18,25.29,139100.0,67200.0,0,0,0,0,0,0,0,0,0,0,0,0,0,0,0,0,0,0
1.0,1.0,1.0,,Welcome to the RITC 2026 Liquidity Risk Case - practice server,Good Luck!,54,2026-02-01 13:23:06.374965,RITC,9.66,9.66,9.67,119600.0,212300.0,0,0,0,0,0,0,0,0,0,0,0,0,0,0,0,0,0,0
,,,,,,54,2026-02-01 13:23:06.374965,COMP,25.29,25.28,25.29,137600.0,67200.0,0,0,0,0,0,0,0,0,0,0,0,0,0,0,0,0,0,0
1.0,1.0,1.0,,Welcome to the RITC 2026 Liquidity Risk Case - practice server,Good Luck!,55,2026-02-01 13:23:07.393139,RITC,9.67,9.66,9.67,130100.0,213500.0,0,0,0,0,0,0,0,0,0,0,0,0,0,0,0,0,0,0
,,,,,,55,2026-02-01 13:23:07.393139,COMP,25.31,25.28,25.31,136100.0,66600.0,0,0,0,0,0,0,0,0,0,0,0,0,0,0,0,0,0,0
1.0,1.0,1.0,,Welcome to the RITC 2026 Liquidity Risk Case - practice server,Good Luck!,56,2026-02-01 13:23:08.411769,RITC,9.67,9.66,9.67,150000.0,213500.0,0,0,0,0,0,0,0,0,0,0,0,0,0,0,0,0,0,0
,,,,,,56,2026-02-01 13:23:08.411769,COMP,25.31,25.28,25.31,135900.0,66600.0,0,0,0,0,0,0,0,0,0,0,0,0,0,0,0,0,0,0
1.0,1.0,1.0,,Welcome to the RITC 2026 Liquidity Risk Case - practice server,Good Luck!,57,2026-02-01 13:23:09.445865,RITC,9.68,9.66,9.68,150000.0,213100.0,0,0,0,0,0,0,0,0,0,0,0,0,0,0,0,0,0,0
,,,,,,57,2026-02-01 13:23:09.445865,COMP,25.36,25.28,25.36,135700.0,67100.0,0,0,0,0,0,0,0,0,0,0,0,0,0,0,0,0,0,0
1.0,1.0,1.0,,Welcome to the RITC 2026 Liquidity Risk Case - practice server,Good Luck!,58,2026-02-01 13:23:10.478961,RITC,9.68,9.66,9.68,150000.0,211500.0,0,0,0,0,0,0,0,0,0,0,0,0,0,0,0,0,0,0
,,,,,,58,2026-02-01 13:23:10.478961,COMP,25.36,25.35,25.36,134300.0,67100.0,0,0,0,0,0,0,0,0,0,0,0,0,0,0,0,0,0,0
1.0,1.0,1.0,,Welcome to the RITC 2026 Liquidity Risk Case - practice server,Good Luck!,59,2026-02-01 13:23:11.513518,RITC,9.68,9.66,9.68,162500.0,214200.0,0,0,0,0,0,0,0,0,0,0,0,0,0,0,0,0,0,0
,,,,,,59,2026-02-01 13:23:11.513518,COMP,25.35,25.35,25.36,134300.0,67100.0,0,0,0,0,0,0,0,0,0,0,0,0,0,0,0,0,0,0
1.0,1.0,1.0,,Welcome to the RITC 2026 Liquidity Risk Case - practice server,Good Luck!,60,2026-02-01 13:23:12.543524,RITC,9.68,9.67,9.68,183000.0,211600.0,0,0,0,0,0,0,0,0,0,0,0,0,0,0,0,0,0,0
,,,,,,60,2026-02-01 13:23:12.543524,COMP,25.35,25.35,25.36,134700.0,67100.0,0,0,0,0,0,0,0,0,0,0,0,0,0,0,0,0,0,0
1.0,1.0,1.0,,Welcome to the RITC 2026 Liquidity Risk Case - practice server,Good Luck!,61,2026-02-01 13:23:13.561139,RITC,9.69,9.67,9.69,193200.0,210900.0,0,0,0,0,0,0,0,0,0,0,0,0,0,0,0,0,0,0
,,,,,,61,2026-02-01 13:23:13.561139,COMP,25.36,25.35,25.36,134700.0,66100.0,0,0,0,0,0,0,0,0,0,0,0,0,0,0,0,0,0,0
1.0,1.0,1.0,,Welcome to the RITC 2026 Liquidity Risk Case - practice server,Good Luck!,62,2026-02-01 13:23:14.575851,RITC,9.76,9.67,9.76,202500.0,210300.0,0,0,0,0,0,0,0,0,0,0,0,0,0,0,0,0,0,0
,,,,,,62,2026-02-01 13:23:14.575851,COMP,25.36,25.34,25.36,133700.0,66800.0,0,0,0,0,0,0,0,0,0,0,0,0,0,0,0,0,0,0
1.0,1.0,1.0,,Welcome to the RITC 2026 Liquidity Risk Case - practice server,Good Luck!,63,2026-02-01 13:23:15.597950,RITC,9.76,9.67,9.69,214700.0,209800.0,0,0,0,0,0,0,0,0,0,0,0,0,0,0,0,0,0,0
,,,,,,63,2026-02-01 13:23:15.597950,COMP,25.36,25.34,25.36,133000.0,66800.0,0,0,0,0,0,0,0,0,0,0,0,0,0,0,0,0,0,0
1.0,1.0,1.0,,Welcome to the RITC 2026 Liquidity Risk Case - practice server,Good Luck!,64,2026-02-01 13:23:16.627401,RITC,9.76,9.67,9.7,217200.0,211900.0,0,0,0,0,0,0,0,0,0,0,0,0,0,0,0,0,0,0
,,,,,,64,2026-02-01 13:23:16.627401,COMP,25.36,25.35,25.36,133900.0,66800.0,0,0,0,0,0,0,0,0,0,0,0,0,0,0,0,0,0,0
1.0,1.0,1.0,,Welcome to the RITC 2026 Liquidity Risk Case - practice server,Good Luck!,65,2026-02-01 13:23:17.655688,RITC,9.77,9.75,9.77,215000.0,210900.0,0,0,0,0,0,0,0,0,0,0,0,0,0,0,0,0,0,0
,,,,,,65,2026-02-01 13:23:17.655688,COMP,25.38,25.39,25.4,134600.0,66300.0,0,0,0,0,0,0,0,0,0,0,0,0,0,0,0,0,0,0
1.0,1.0,1.0,,Welcome to the RITC 2026 Liquidity Risk Case - practice server,Good Luck!,66,2026-02-01 13:23:18.694219,RITC,9.75,9.74,9.75,217500.0,207900.0,0,0,0,0,0,0,0,0,0,0,0,0,0,0,0,0,0,0
,,,,,,66,2026-02-01 13:23:18.694219,COMP,25.38,25.39,25.4,134600.0,72600.0,0,0,0,0,0,0,0,0,0,0,0,0,0,0,0,0,0,0
1.0,1.0,1.0,,Welcome to the RITC 2026 Liquidity Risk Case - practice server,Good Luck!,67,2026-02-01 13:23:19.710070,RITC,9.74,9.67,9.73,217200.0,210700.0,0,0,0,0,0,0,0,0,0,0,0,0,0,0,0,0,0,0
,,,,,,67,2026-02-01 13:23:19.710070,COMP,25.4,25.35,25.4,134600.0,72600.0,0,0,0,0,0,0,0,0,0,0,0,0,0,0,0,0,0,0
1.0,1.0,1.0,,Welcome to the RITC 2026 Liquidity Risk Case - practice server,Good Luck!,68,2026-02-01 13:23:20.725231,RITC,9.74,9.68,9.73,214300.0,210700.0,0,0,0,0,0,0,0,0,0,0,0,0,0,0,0,0,0,0
,,,,,,68,2026-02-01 13:23:20.725231,COMP,25.4,25.35,25.37,134600.0,79700.0,0,0,0,0,0,0,0,0,0,0,0,0,0,0,0,0,0,0
1.0,1.0,1.0,,Welcome to the RITC 2026 Liquidity Risk Case - practice server,Good Luck!,70,2026-02-01 13:23:21.760474,RITC,9.75,9.71,9.75,215600.0,207900.0,0,0,0,0,0,0,0,0,0,0,0,0,0,0,0,0,0,0
,,,,,,70,2026-02-01 13:23:21.760474,COMP,25.36,25.36,25.37,134100.0,79700.0,0,0,0,0,0,0,0,0,0,0,0,0,0,0,0,0,0,0
1.0,1.0,1.0,,Welcome to the RITC 2026 Liquidity Risk Case - practice server,Good Luck!,71,2026-02-01 13:23:22.785110,RITC,9.77,9.75,9.77,213500.0,214300.0,0,0,0,0,0,0,0,0,0,0,0,0,0,0,0,0,0,0
,,,,,,71,2026-02-01 13:23:22.785110,COMP,25.37,25.37,25.4,132800.0,72600.0,0,0,0,0,0,0,0,0,0,0,0,0,0,0,0,0,0,0
1.0,1.0,1.0,,Welcome to the RITC 2026 Liquidity Risk Case - practice server,Good Luck!,72,2026-02-01 13:23:23.825100,RITC,9.63,9.76,9.78,215100.0,100.0,200100.0,0,0,0,0,0,0,0,0,0,0,0,0,0,0,0,0,0
,,,,,,72,2026-02-01 13:23:23.825100,COMP,25.37,25.37,25.4,132800.0,,79100.0,0,0,0,0,0,0,0,0,0,0,0,0,0,0,0,0,0
1.0,1.0,1.0,,Welcome to the RITC 2026 Liquidity Risk Case - practice server,Good Luck!,73,2026-02-01 13:23:24.855147,RITC,9.75,9.75,9.82,214200.0,213100.0,0,0,0,0,0,0,0,0,0,0,0,0,0,0,0,0,0,0
,,,,,,73,2026-02-01 13:23:24.855147,COMP,25.37,25.37,25.4,132000.0,79100.0,0,0,0,0,0,0,0,0,0,0,0,0,0,0,0,0,0,0
1.0,1.0,1.0,,Welcome to the RITC 2026 Liquidity Risk Case - practice server,Good Luck!,74,2026-02-01 13:23:25.875129,RITC,9.68,9.68,9.83,213700.0,212500.0,0,0,0,0,0,0,0,0,0,0,0,0,0,0,0,0,0,0
,,,,,,74,2026-02-01 13:23:25.875129,COMP,25.37,25.37,25.4,132400.0,86900.0,0,0,0,0,0,0,0,0,0,0,0,0,0,0,0,0,0,0
1.0,1.0,1.0,,Welcome to the RITC 2026 Liquidity Risk Case - practice server,Good Luck!,75,2026-02-01 13:23:26.904938,RITC,9.83,9.75,9.83,215400.0,210000.0,0,0,0,0,0,0,0,0,0,0,0,0,0,0,0,0,0,0
,,,,,,75,2026-02-01 13:23:26.904938,COMP,25.4,25.37,25.4,132400.0,79900.0,0,0,0,0,0,0,0,0,0,0,0,0,0,0,0,0,0,0
1.0,1.0,1.0,,Welcome to the RITC 2026 Liquidity Risk Case - practice server,Good Luck!,76,2026-02-01 13:23:27.936745,RITC,9.81,9.8,9.81,215700.0,212000.0,0,0,0,0,0,0,0,0,0,0,0,0,0,0,0,0,0,0
,,,,,,76,2026-02-01 13:23:27.936745,COMP,25.35,25.35,25.36,135000.0,87500.0,0,0,0,0,0,0,0,0,0,0,0,0,0,0,0,0,0,0
1.0,1.0,1.0,,Welcome to the RITC 2026 Liquidity Risk Case - practice server,Good Luck!,77,2026-02-01 13:23:28.964868,RITC,9.81,9.81,9.83,217400.0,210000.0,0,0,0,0,0,0,0,0,0,0,0,0,0,0,0,0,0,0
,,,,,,77,2026-02-01 13:23:28.964868,COMP,25.36,25.35,25.36,135000.0,87500.0,0,0,0,0,0,0,0,0,0,0,0,0,0,0,0,0,0,0
1.0,1.0,1.0,,Welcome to the RITC 2026 Liquidity Risk Case - practice server,Good Luck!,78,2026-02-01 13:23:29.992750,RITC,9.83,9.81,9.83,217000.0,211800.0,0,0,0,0,0,0,0,0,0,0,0,0,0,0,0,0,0,0
,,,,,,78,2026-02-01 13:23:29.992750,COMP,25.36,25.35,25.36,134500.0,87500.0,0,0,0,0,0,0,0,0,0,0,0,0,0,0,0,0,0,0
1.0,1.0,1.0,,Welcome to the RITC 2026 Liquidity Risk Case - practice server,Good Luck!,79,2026-02-01 13:23:31.016307,RITC,9.86,9.82,9.86,217400.0,208800.0,0,0,0,0,0,0,0,0,0,0,0,0,0,0,0,0,0,0
,,,,,,79,2026-02-01 13:23:31.016307,COMP,25.45,25.35,25.36,135400.0,87500.0,0,0,0,0,0,0,0,0,0,0,0,0,0,0,0,0,0,0
1.0,1.0,1.0,,Welcome to the RITC 2026 Liquidity Risk Case - practice server,Good Luck!,80,2026-02-01 13:23:32.045330,RITC,9.86,9.85,9.86,216600.0,205100.0,0,0,0,0,0,0,0,0,0,0,0,0,0,0,0,0,0,0
,,,,,,80,2026-02-01 13:23:32.045330,COMP,25.35,25.35,25.36,135400.0,95300.0,0,0,0,0,0,0,0,0,0,0,0,0,0,0,0,0,0,0
1.0,1.0,1.0,,Welcome to the RITC 2026 Liquidity Risk Case - practice server,Good Luck!,81,2026-02-01 13:23:33.065220,RITC,9.86,9.85,9.86,219100.0,209000.0,0,0,0,0,0,0,0,0,0,0,0,0,0,0,0,0,0,0
,,,,,,81,2026-02-01 13:23:33.065220,COMP,25.35,25.35,25.36,135100.0,95300.0,0,0,0,0,0,0,0,0,0,0,0,0,0,0,0,0,0,0
1.0,1.0,1.0,,Welcome to the RITC 2026 Liquidity Risk Case - practice server,Good Luck!,82,2026-02-01 13:23:34.094988,RITC,9.86,9.85,9.86,219100.0,205800.0,0,0,0,0,0,0,0,0,0,0,0,0,0,0,0,0,0,0
,,,,,,82,2026-02-01 13:23:34.094988,COMP,25.35,25.35,25.36,135100.0,110200.0,0,0,0,0,0,0,0,0,0,0,0,0,0,0,0,0,0,0
1.0,1.0,1.0,,Welcome to the RITC 2026 Liquidity Risk Case - practice server,Good Luck!,83,2026-02-01 13:23:35.125104,RITC,9.87,9.85,9.87,218100.0,203600.0,0,0,0,0,0,0,0,0,0,0,0,0,0,0,0,0,0,0
,,,,,,83,2026-02-01 13:23:35.125104,COMP,25.35,25.35,25.36,135100.0,117900.0,0,0,0,0,0,0,0,0,0,0,0,0,0,0,0,0,0,0
1.0,1.0,1.0,,Welcome to the RITC 2026 Liquidity Risk Case - practice server,Good Luck!,84,2026-02-01 13:23:36.145040,RITC,9.87,9.87,9.88,214600.0,205600.0,0,0,0,0,0,0,0,0,0,0,0,0,0,0,0,0,0,0
,,,,,,84,2026-02-01 13:23:36.145040,COMP,25.35,25.34,25.35,135200.0,126200.0,0,0,0,0,0,0,0,0,0,0,0,0,0,0,0,0,0,0
1.0,1.0,1.0,,Welcome to the RITC 2026 Liquidity Risk Case - practice server,Good Luck!,85,2026-02-01 13:23:37.174966,RITC,9.89,9.88,9.89,213700.0,203800.0,0,0,0,0,0,0,0,0,0,0,0,0,0,0,0,0,0,0
,,,,,,85,2026-02-01 13:23:37.174966,COMP,25.34,25.34,25.35,136200.0,132000.0,0,0,0,0,0,0,0,0,0,0,0,0,0,0,0,0,0,0
1.0,1.0,1.0,,Welcome to the RITC 2026 Liquidity Risk Case - practice server,Good Luck!,86,2026-02-01 13:23:38.205244,RITC,9.89,9.88,9.89,213700.0,203800.0,0,0,0,0,0,0,0,0,0,0,0,0,0,0,0,0,0,0
,,,,,,86,2026-02-01 13:23:38.205244,COMP,25.32,25.32,25.34,135400.0,138600.0,0,0,0,0,0,0,0,0,0,0,0,0,0,0,0,0,0,0
1.0,1.0,1.0,,Welcome to the RITC 2026 Liquidity Risk Case - practice server,Good Luck!,87,2026-02-01 13:23:39.215064,RITC,9.89,9.88,9.89,209000.0,203800.0,0,0,0,0,0,0,0,0,0,0,0,0,0,0,0,0,0,0
,,,,,,87,2026-02-01 13:23:39.215064,COMP,25.32,25.32,25.34,135400.0,138400.0,0,0,0,0,0,0,0,0,0,0,0,0,0,0,0,0,0,0
1.0,1.0,1.0,,Welcome to the RITC 2026 Liquidity Risk Case - practice server,Good Luck!,88,2026-02-01 13:23:40.239188,RITC,9.9,9.88,9.9,209000.0,201300.0,0,0,0,0,0,0,0,0,0,0,0,0,0,0,0,0,0,0
,,,,,,88,2026-02-01 13:23:40.239188,COMP,25.44,25.31,25.34,135800.0,138400.0,0,0,0,0,0,0,0,0,0,0,0,0,0,0,0,0,0,0
1.0,1.0,1.0,,Welcome to the RITC 2026 Liquidity Risk Case - practice server,Good Luck!,89,2026-02-01 13:23:41.254931,RITC,9.9,9.88,9.9,205400.0,201300.0,,0,0,0,0,0,0,0,0,0,0,0,0,0,0,0,0,0
,,,,,,89,2026-02-01 13:23:41.254931,COMP,25.31,25.31,25.34,129400.0,138400.0,5000.0,0,0,0,0,0,0,0,0,0,0,0,0,0,0,0,0,0
1.0,1.0,1.0,,Welcome to the RITC 2026 Liquidity Risk Case - practice server,Good Luck!,90,2026-02-01 13:23:42.277142,RITC,9.9,9.88,9.9,204100.0,201300.0,,0,0,0,0,0,0,0,0,0,0,0,0,0,0,0,0,0
,,,,,,90,2026-02-01 13:23:42.277142,COMP,25.31,25.32,25.34,114600.0,138400.0,15000.0,0,0,0,0,0,0,0,0,0,0,0,0,0,0,0,0,0
1.0,1.0,1.0,,Welcome to the RITC 2026 Liquidity Risk Case - practice server,Good Luck!,91,2026-02-01 13:23:43.304861,RITC,9.92,9.88,9.92,204100.0,198000.0,,0,0,0,0,0,0,0,0,0,0,0,0,0,0,0,0,0
,,,,,,91,2026-02-01 13:23:43.304861,COMP,25.46,25.32,25.34,92600.0,138400.0,30000.0,0,0,0,0,0,0,0,0,0,0,0,0,0,0,0,0,0
1.0,1.0,1.0,,Welcome to the RITC 2026 Liquidity Risk Case - practice server,Good Luck!,92,2026-02-01 13:23:44.325594,RITC,9.88,9.88,9.92,204100.0,198000.0,,0,0,0,0,0,0,0,0,0,0,0,0,0,0,0,0,0
,,,,,,92,2026-02-01 13:23:44.325594,COMP,25.46,25.32,25.34,92600.0,138400.0,30000.0,0,0,0,0,0,0,0,0,0,0,0,0,0,0,0,0,0
1.0,1.0,1.0,,Welcome to the RITC 2026 Liquidity Risk Case - practice server,Good Luck!,93,2026-02-01 13:23:45.350153,RITC,9.88,9.91,9.92,202300.0,198000.0,,0,0,0,0,0,0,0,0,0,0,0,0,0,0,0,0,0
,,,,,,93,2026-02-01 13:23:45.350153,COMP,25.46,25.32,25.33,92600.0,137700.0,30000.0,0,0,0,0,0,0,0,0,0,0,0,0,0,0,0,0,0
1.0,1.0,1.0,,Welcome to the RITC 2026 Liquidity Risk Case - practice server,Good Luck!,94,2026-02-01 13:23:46.365378,RITC,9.88,9.91,9.92,202300.0,199500.0,,0,0,0,0,0,0,0,0,0,0,0,0,0,0,0,0,0
,,,,,,94,2026-02-01 13:23:46.365378,COMP,25.46,25.32,25.33,93200.0,137700.0,30000.0,0,0,0,0,0,0,0,0,0,0,0,0,0,0,0,0,0
1.0,1.0,1.0,,Welcome to the RITC 2026 Liquidity Risk Case - practice server,Good Luck!,95,2026-02-01 13:23:47.393429,RITC,9.88,9.91,9.92,200200.0,201300.0,,0,0,0,0,0,0,0,0,0,0,0,0,0,0,0,0,0
,,,,,,95,2026-02-01 13:23:47.393429,COMP,25.32,25.32,25.33,99900.0,138500.0,25000.0,0,0,0,0,0,0,0,0,0,0,0,0,0,0,0,0,0
1.0,1.0,1.0,,Welcome to the RITC 2026 Liquidity Risk Case - practice server,Good Luck!,96,2026-02-01 13:23:48.412071,RITC,9.91,9.91,9.92,202900.0,201300.0,,0,0,0,0,0,0,0,0,0,0,0,0,0,0,0,0,0
,,,,,,96,2026-02-01 13:23:48.412071,COMP,25.32,25.32,25.33,99900.0,140400.0,25000.0,0,0,0,0,0,0,0,0,0,0,0,0,0,0,0,0,0
1.0,1.0,1.0,,Welcome to the RITC 2026 Liquidity Risk Case - practice server,Good Luck!,97,2026-02-01 13:23:49.443108,RITC,9.92,9.91,9.92,200100.0,201300.0,,0,0,0,0,0,0,0,0,0,0,0,0,0,0,0,0,0
,,,,,,97,2026-02-01 13:23:49.443108,COMP,25.32,25.32,25.34,114400.0,139900.0,15000.0,0,0,0,0,0,0,0,0,0,0,0,0,0,0,0,0,0
1.0,1.0,1.0,,Welcome to the RITC 2026 Liquidity Risk Case - practice server,Good Luck!,98,2026-02-01 13:23:50.462549,RITC,9.92,9.92,9.93,200000.0,199100.0,,0,0,0,0,0,0,0,0,0,0,0,0,0,0,0,0,0
,,,,,,98,2026-02-01 13:23:50.462549,COMP,25.32,25.32,25.34,121900.0,139900.0,10000.0,0,0,0,0,0,0,0,0,0,0,0,0,0,0,0,0,0
1.0,1.0,1.0,,Welcome to the RITC 2026 Liquidity Risk Case - practice server,Good Luck!,99,2026-02-01 13:23:51.491552,RITC,9.92,9.92,9.93,200000.0,198300.0,,0,0,0,0,0,0,0,0,0,0,0,0,0,0,0,0,0
,,,,,,99,2026-02-01 13:23:51.491552,COMP,25.31,25.31,25.34,122000.0,139900.0,10000.0,0,0,0,0,0,0,0,0,0,0,0,0,0,0,0,0,0
1.0,1.0,1.0,,Welcome to the RITC 2026 Liquidity Risk Case - practice server,Good Luck!,100,2026-02-01 13:23:52.526233,RITC,9.92,9.91,9.92,198300.0,5000.0,187300.0,0,0,0,0,0,0,0,0,0,0,0,0,0,0,0,0,0
,,,,,,100,2026-02-01 13:23:52.526233,COMP,25.3,25.29,25.33,135600.0,,139700.0,0,0,0,0,0,0,0,0,0,0,0,0,0,0,0,0,0
1.0,1.0,1.0,,Welcome to the RITC 2026 Liquidity Risk Case - practice server,Good Luck!,101,2026-02-01 13:23:53.549594,RITC,9.91,9.91,9.92,198900.0,5000.0,185500.0,0,0,0,0,0,0,0,0,0,0,0,0,0,0,0,0,0
,,,,,,101,2026-02-01 13:23:53.549594,COMP,25.29,25.29,25.33,135600.0,,139700.0,0,0,0,0,0,0,0,0,0,0,0,0,0,0,0,0,0
1.0,1.0,1.0,,Welcome to the RITC 2026 Liquidity Risk Case - practice server,Good Luck!,102,2026-02-01 13:23:54.574882,RITC,9.91,9.91,9.92,201700.0,10000.0,176200.0,0,0,0,0,0,0,0,0,0,0,0,0,0,0,0,0,0
,,,,,,102,2026-02-01 13:23:54.574882,COMP,25.29,25.29,25.3,135400.0,,140200.0,0,0,0,0,0,0,0,0,0,0,0,0,0,0,0,0,0
1.0,1.0,1.0,,Welcome to the RITC 2026 Liquidity Risk Case - practice server,Good Luck!,103,2026-02-01 13:23:55.584277,RITC,9.91,9.91,9.92,203400.0,10000.0,176200.0,0,0,0,0,0,0,0,0,0,0,0,0,0,0,0,0,0
,,,,,,103,2026-02-01 13:23:55.584277,COMP,25.28,25.28,25.3,134200.0,,139800.0,0,0,0,0,0,0,0,0,0,0,0,0,0,0,0,0,0
1.0,1.0,1.0,,Welcome to the RITC 2026 Liquidity Risk Case - practice server,Good Luck!,104,2026-02-01 13:23:56.594335,RITC,9.91,9.91,9.92,203400.0,10000.0,174900.0,0,0,0,0,0,0,0,0,0,0,0,0,0,0,0,0,0
,,,,,,104,2026-02-01 13:23:56.594335,COMP,25.3,25.3,25.31,134500.0,,141500.0,0,0,0,0,0,0,0,0,0,0,0,0,0,0,0,0,0
1.0,1.0,1.0,,Welcome to the RITC 2026 Liquidity Risk Case - practice server,Good Luck!,105,2026-02-01 13:23:57.618348,RITC,9.9,9.91,9.92,201600.0,10000.0,174900.0,0,0,0,0,0,0,0,0,0,0,0,0,0,0,0,0,0
,,,,,,105,2026-02-01 13:23:57.618348,COMP,25.27,25.27,25.31,134100.0,,140100.0,0,0,0,0,0,0,0,0,0,0,0,0,0,0,0,0,0
1.0,1.0,1.0,,Welcome to the RITC 2026 Liquidity Risk Case - practice server,Good Luck!,106,2026-02-01 13:23:58.644445,RITC,9.87,9.9,9.92,208100.0,10000.0,174900.0,0,0,0,0,0,0,0,0,0,0,0,0,0,0,0,0,0
,,,,,,106,2026-02-01 13:23:58.644445,COMP,25.27,25.27,25.31,134100.0,,140300.0,0,0,0,0,0,0,0,0,0,0,0,0,0,0,0,0,0
1.0,1.0,1.0,,Welcome to the RITC 2026 Liquidity Risk Case - practice server,Good Luck!,107,2026-02-01 13:23:59.677495,RITC,9.9,9.9,9.91,208100.0,15000.0,165100.0,0,0,0,0,0,0,0,0,0,0,0,0,0,0,0,0,0
,,,,,,107,2026-02-01 13:23:59.677495,COMP,25.27,25.27,25.31,133700.0,,140300.0,0,0,0,0,0,0,0,0,0,0,0,0,0,0,0,0,0
1.0,1.0,1.0,,Welcome to the RITC 2026 Liquidity Risk Case - practice server,Good Luck!,108,2026-02-01 13:24:00.708903,RITC,9.9,9.87,9.9,207600.0,165900.0,15000.0,0,0,0,0,0,0,0,0,0,0,0,0,0,0,0,0,0
,,,,,,108,2026-02-01 13:24:00.708903,COMP,25.27,25.27,25.31,133700.0,142000.0,,0,0,0,0,0,0,0,0,0,0,0,0,0,0,0,0,0
1.0,1.0,1.0,,Welcome to the RITC 2026 Liquidity Risk Case - practice server,Good Luck!,109,2026-02-01 13:24:01.732927,RITC,9.9,9.87,9.88,207600.0,161700.0,15000.0,0,0,0,0,0,0,0,0,0,0,0,0,0,0,0,0,0
,,,,,,109,2026-02-01 13:24:01.732927,COMP,25.27,25.27,25.31,133100.0,139900.0,,0,0,0,0,0,0,0,0,0,0,0,0,0,0,0,0,0
1.0,1.0,1.0,,Welcome to the RITC 2026 Liquidity Risk Case - practice server,Good Luck!,110,2026-02-01 13:24:02.759079,RITC,9.9,9.87,9.88,207600.0,163100.0,15000.0,0,0,0,0,0,0,0,0,0,0,0,0,0,0,0,0,0
,,,,,,110,2026-02-01 13:24:02.759079,COMP,25.27,25.27,25.29,133100.0,141200.0,,0,0,0,0,0,0,0,0,0,0,0,0,0,0,0,0,0
1.0,1.0,1.0,,Welcome to the RITC 2026 Liquidity Risk Case - practice server,Good Luck!,111,2026-02-01 13:24:03.786110,RITC,9.9,9.87,9.88,207600.0,163100.0,15000.0,0,0,0,0,0,0,0,0,0,0,0,0,0,0,0,0,0
,,,,,,111,2026-02-01 13:24:03.786110,COMP,25.26,25.26,25.29,132400.0,141200.0,,0,0,0,0,0,0,0,0,0,0,0,0,0,0,0,0,0
1.0,1.0,1.0,,Welcome to the RITC 2026 Liquidity Risk Case - practice server,Good Luck!,112,2026-02-01 13:24:04.814452,RITC,9.87,9.87,9.88,209300.0,165900.0,15000.0,0,0,0,0,0,0,0,0,0,0,0,0,0,0,0,0,0
,,,,,,112,2026-02-01 13:24:04.814452,COMP,25.25,25.25,25.29,134800.0,139100.0,,0,0,0,0,0,0,0,0,0,0,0,0,0,0,0,0,0
1.0,1.0,1.0,,Welcome to the RITC 2026 Liquidity Risk Case - practice server,Good Luck!,113,2026-02-01 13:24:05.844939,RITC,9.86,9.86,9.88,212000.0,165800.0,15000.0,0,0,0,0,0,0,0,0,0,0,0,0,0,0,0,0,0
,,,,,,113,2026-02-01 13:24:05.844939,COMP,25.25,25.23,25.25,134800.0,139200.0,,0,0,0,0,0,0,0,0,0,0,0,0,0,0,0,0,0
1.0,1.0,1.0,,Welcome to the RITC 2026 Liquidity Risk Case - practice server,Good Luck!,114,2026-02-01 13:24:06.874042,RITC,9.86,9.86,9.87,212900.0,166300.0,15000.0,0,0,0,0,0,0,0,0,0,0,0,0,0,0,0,0,0
,,,,,,114,2026-02-01 13:24:06.874042,COMP,25.25,25.25,25.29,135200.0,139400.0,,0,0,0,0,0,0,0,0,0,0,0,0,0,0,0,0,0
1.0,1.0,1.0,,Welcome to the RITC 2026 Liquidity Risk Case - practice server,Good Luck!,115,2026-02-01 13:24:07.894130,RITC,9.86,9.86,9.87,211500.0,164800.0,15000.0,,0,0,0,0,0,0,0,0,0,0,0,0,0,0,0,0
,,,,,,115,2026-02-01 13:24:07.894130,COMP,25.25,25.25,25.26,126900.0,142200.0,,5000.0,0,0,0,0,0,0,0,0,0,0,0,0,0,0,0,0
1.0,1.0,1.0,,Welcome to the RITC 2026 Liquidity Risk Case - practice server,Good Luck!,116,2026-02-01 13:24:08.924086,RITC,9.86,9.85,9.86,213800.0,166800.0,15000.0,,0,0,0,0,0,0,0,0,0,0,0,0,0,0,0,0
,,,,,,116,2026-02-01 13:24:08.924086,COMP,25.24,25.24,25.26,128700.0,142200.0,,5000.0,0,0,0,0,0,0,0,0,0,0,0,0,0,0,0,0
1.0,1.0,1.0,,Welcome to the RITC 2026 Liquidity Risk Case - practice server,Good Luck!,117,2026-02-01 13:24:09.949355,RITC,9.86,9.85,9.86,213800.0,164200.0,15000.0,,0,0,0,0,0,0,0,0,0,0,0,0,0,0,0,0
,,,,,,117,2026-02-01 13:24:09.949355,COMP,25.28,25.24,25.28,120400.0,140200.0,,10000.0,0,0,0,0,0,0,0,0,0,0,0,0,0,0,0,0
1.0,1.0,1.0,,Welcome to the RITC 2026 Liquidity Risk Case - practice server,Good Luck!,119,2026-02-01 13:24:10.983683,RITC,9.85,9.85,9.86,213800.0,164200.0,15000.0,,0,0,0,0,0,0,0,0,0,0,0,0,0,0,0,0
,,,,,,119,2026-02-01 13:24:10.983683,COMP,25.24,25.24,25.28,128700.0,140200.0,,5000.0,0,0,0,0,0,0,0,0,0,0,0,0,0,0,0,0
1.0,1.0,1.0,,Welcome to the RITC 2026 Liquidity Risk Case - practice server,Good Luck!,120,2026-02-01 13:24:12.007921,RITC,9.85,9.85,9.86,212600.0,164200.0,15000.0,,0,0,0,0,0,0,0,0,0,0,0,0,0,0,0,0
,,,,,,120,2026-02-01 13:24:12.007921,COMP,25.24,25.24,25.25,128700.0,141700.0,,5000.0,0,0,0,0,0,0,0,0,0,0,0,0,0,0,0,0
1.0,1.0,1.0,,Welcome to the RITC 2026 Liquidity Risk Case - practice server,Good Luck!,121,2026-02-01 13:24:13.024238,RITC,9.85,9.85,9.86,212600.0,163900.0,15000.0,0,0,0,0,0,0,0,0,0,0,0,0,0,0,0,0,0
,,,,,,121,2026-02-01 13:24:13.024238,COMP,25.23,25.23,25.25,134800.0,141700.0,,0,0,0,0,0,0,0,0,0,0,0,0,0,0,0,0,0
1.0,1.0,1.0,,Welcome to the RITC 2026 Liquidity Risk Case - practice server,Good Luck!,122,2026-02-01 13:24:14.057970,RITC,9.85,9.85,9.86,212600.0,168600.0,15000.0,0,0,0,0,0,0,0,0,0,0,0,0,0,0,0,0,0
,,,,,,122,2026-02-01 13:24:14.057970,COMP,25.23,25.23,25.25,136300.0,140200.0,,0,0,0,0,0,0,0,0,0,0,0,0,0,0,0,0,0
1.0,1.0,1.0,,Welcome to the RITC 2026 Liquidity Risk Case - practice server,Good Luck!,123,2026-02-01 13:24:15.084270,RITC,9.85,9.82,9.84,215700.0,171500.0,15000.0,0,0,0,0,0,0,0,0,0,0,0,0,0,0,0,0,0
,,,,,,123,2026-02-01 13:24:15.084270,COMP,25.23,25.23,25.24,136300.0,138900.0,,0,0,0,0,0,0,0,0,0,0,0,0,0,0,0,0,0
1.0,1.0,1.0,,Welcome to the RITC 2026 Liquidity Risk Case - practice server,Good Luck!,124,2026-02-01 13:24:16.113808,RITC,9.82,9.82,9.84,216200.0,171500.0,15000.0,0,0,0,0,0,0,0,0,0,0,0,0,0,0,0,0,0
,,,,,,124,2026-02-01 13:24:16.113808,COMP,25.23,25.23,25.25,135800.0,140200.0,,0,0,0,0,0,0,0,0,0,0,0,0,0,0,0,0,0
1.0,1.0,1.0,,Welcome to the RITC 2026 Liquidity Risk Case - practice server,Good Luck!,125,2026-02-01 13:24:17.133930,RITC,9.81,9.81,9.83,217500.0,180800.0,10000.0,0,0,0,0,0,0,0,0,0,0,0,0,0,0,0,0,0
,,,,,,125,2026-02-01 13:24:17.133930,COMP,25.23,25.23,25.25,136400.0,139600.0,,0,0,0,0,0,0,0,0,0,0,0,0,0,0,0,0,0
1.0,1.0,1.0,,Welcome to the RITC 2026 Liquidity Risk Case - practice server,Good Luck!,126,2026-02-01 13:24:18.154086,RITC,9.83,9.81,9.83,217500.0,191400.0,5000.0,,0,0,0,0,0,0,0,0,0,0,0,0,0,0,0,0
,,,,,,126,2026-02-01 13:24:18.154086,COMP,25.23,25.23,25.24,130200.0,141200.0,,5000.0,0,0,0,0,0,0,0,0,0,0,0,0,0,0,0,0
1.0,1.0,1.0,,Welcome to the RITC 2026 Liquidity Risk Case - practice server,Good Luck!,127,2026-02-01 13:24:19.173565,RITC,9.83,9.81,9.83,217500.0,192600.0,5000.0,,0,0,0,0,0,0,0,0,0,0,0,0,0,0,0,0
,,,,,,127,2026-02-01 13:24:19.173565,COMP,25.23,25.23,25.24,132300.0,141200.0,,5000.0,0,0,0,0,0,0,0,0,0,0,0,0,0,0,0,0
1.0,1.0,1.0,,Welcome to the RITC 2026 Liquidity Risk Case - practice server,Good Luck!,128,2026-02-01 13:24:20.197192,RITC,9.8,9.8,9.82,217100.0,202200.0,,0,0,0,0,0,0,0,0,0,0,0,0,0,0,0,0,0
,,,,,,128,2026-02-01 13:24:20.197192,COMP,25.23,25.21,25.22,130800.0,141100.0,5000.0,0,0,0,0,0,0,0,0,0,0,0,0,0,0,0,0,0
1.0,1.0,1.0,,Welcome to the RITC 2026 Liquidity Risk Case - practice server,Good Luck!,129,2026-02-01 13:24:21.213460,RITC,9.82,9.8,9.83,218300.0,192600.0,5000.0,,0,0,0,0,0,0,0,0,0,0,0,0,0,0,0,0
,,,,,,129,2026-02-01 13:24:21.213460,COMP,25.21,25.21,25.22,131100.0,139000.0,,5000.0,0,0,0,0,0,0,0,0,0,0,0,0,0,0,0,0
1.0,1.0,1.0,,Welcome to the RITC 2026 Liquidity Risk Case - practice server,Good Luck!,130,2026-02-01 13:24:22.243126,RITC,9.82,9.8,9.81,218300.0,204300.0,,0,0,0,0,0,0,0,0,0,0,0,0,0,0,0,0,0
,,,,,,130,2026-02-01 13:24:22.243126,COMP,25.21,25.21,25.22,131100.0,138300.0,5000.0,0,0,0,0,0,0,0,0,0,0,0,0,0,0,0,0,0
1.0,1.0,1.0,,Welcome to the RITC 2026 Liquidity Risk Case - practice server,Good Luck!,131,2026-02-01 13:24:23.263951,RITC,9.79,9.79,9.81,217000.0,204300.0,,0,0,0,0,0,0,0,0,0,0,0,0,0,0,0,0,0
,,,,,,131,2026-02-01 13:24:23.263951,COMP,25.21,25.21,25.24,124900.0,137400.0,10000.0,0,0,0,0,0,0,0,0,0,0,0,0,0,0,0,0,0
1.0,1.0,1.0,,Welcome to the RITC 2026 Liquidity Risk Case - practice server,Good Luck!,132,2026-02-01 13:24:24.283873,RITC,9.93,9.79,9.8,215000.0,204800.0,,0,0,0,0,0,0,0,0,0,0,0,0,0,0,0,0,0
,,,,,,132,2026-02-01 13:24:24.283873,COMP,25.21,25.21,25.24,124900.0,136900.0,10000.0,0,0,0,0,0,0,0,0,0,0,0,0,0,0,0,0,0
1.0,1.0,1.0,,Welcome to the RITC 2026 Liquidity Risk Case - practice server,Good Luck!,133,2026-02-01 13:24:25.308904,RITC,9.95,9.79,9.8,213300.0,204900.0,,0,0,0,0,0,0,0,0,0,0,0,0,0,0,0,0,0
,,,,,,133,2026-02-01 13:24:25.308904,COMP,25.24,25.19,25.24,131000.0,135500.0,5000.0,0,0,0,0,0,0,0,0,0,0,0,0,0,0,0,0,0
1.0,1.0,1.0,,Welcome to the RITC 2026 Liquidity Risk Case - practice server,Good Luck!,134,2026-02-01 13:24:26.323687,RITC,9.79,9.79,9.8,214200.0,204900.0,,0,0,0,0,0,0,0,0,0,0,0,0,0,0,0,0,0
,,,,,,134,2026-02-01 13:24:26.323687,COMP,25.24,25.19,25.21,131000.0,137600.0,5000.0,0,0,0,0,0,0,0,0,0,0,0,0,0,0,0,0,0
1.0,1.0,1.0,,Welcome to the RITC 2026 Liquidity Risk Case - practice server,Good Luck!,135,2026-02-01 13:24:27.355127,RITC,9.79,9.79,9.8,213100.0,204900.0,0,0,0,0,0,0,0,0,0,0,0,0,0,0,0,0,0,0
,,,,,,135,2026-02-01 13:24:27.355127,COMP,25.18,25.18,25.21,137400.0,137600.0,0,0,0,0,0,0,0,0,0,0,0,0,0,0,0,0,0,0
1.0,1.0,1.0,,Welcome to the RITC 2026 Liquidity Risk Case - practice server,Good Luck!,136,2026-02-01 13:24:28.388774,RITC,9.78,9.78,9.8,215400.0,204900.0,0,0,0,0,0,0,0,0,0,0,0,0,0,0,0,0,0,0
,,,,,,136,2026-02-01 13:24:28.388774,COMP,25.18,25.18,25.19,137400.0,136600.0,0,0,0,0,0,0,0,0,0,0,0,0,0,0,0,0,0,0
1.0,1.0,1.0,,Welcome to the RITC 2026 Liquidity Risk Case - practice server,Good Luck!,137,2026-02-01 13:24:29.413559,RITC,9.78,9.78,9.8,212200.0,202500.0,0,0,0,0,0,0,0,0,0,0,0,0,0,0,0,0,0,0
,,,,,,137,2026-02-01 13:24:29.413559,COMP,25.17,25.17,25.19,137300.0,136600.0,0,0,0,0,0,0,0,0,0,0,0,0,0,0,0,0,0,0
1.0,1.0,1.0,,Welcome to the RITC 2026 Liquidity Risk Case - practice server,Good Luck!,138,2026-02-01 13:24:30.443857,RITC,9.81,9.78,9.81,212200.0,204000.0,0,0,0,0,0,0,0,0,0,0,0,0,0,0,0,0,0,0
,,,,,,138,2026-02-01 13:24:30.443857,COMP,25.17,25.17,25.19,137300.0,136400.0,0,0,0,0,0,0,0,0,0,0,0,0,0,0,0,0,0,0
1.0,1.0,1.0,,Welcome to the RITC 2026 Liquidity Risk Case - practice server,Good Luck!,139,2026-02-01 13:24:31.473055,RITC,9.77,9.77,9.81,213300.0,204000.0,0,0,0,0,0,0,0,0,0,0,0,0,0,0,0,0,0,0
,,,,,,139,2026-02-01 13:24:31.473055,COMP,25.17,25.17,25.19,136600.0,136500.0,0,0,0,0,0,0,0,0,0,0,0,0,0,0,0,0,0,0
1.0,1.0,1.0,,Welcome to the RITC 2026 Liquidity Risk Case - practice server,Good Luck!,140,2026-02-01 13:24:32.501568,RITC,9.77,9.77,9.8,213300.0,206100.0,,0,0,0,0,0,0,0,0,0,0,0,0,0,0,0,0,0
,,,,,,140,2026-02-01 13:24:32.501568,COMP,25.16,25.17,25.19,130600.0,136500.0,5000.0,0,0,0,0,0,0,0,0,0,0,0,0,0,0,0,0,0
1.0,1.0,1.0,,Welcome to the RITC 2026 Liquidity Risk Case - practice server,Good Luck!,141,2026-02-01 13:24:33.523420,RITC,9.8,9.77,9.8,213300.0,206100.0,,0,0,0,0,0,0,0,0,0,0,0,0,0,0,0,0,0
,,,,,,141,2026-02-01 13:24:33.523420,COMP,25.34,25.17,25.19,130600.0,138400.0,5000.0,0,0,0,0,0,0,0,0,0,0,0,0,0,0,0,0,0
1.0,1.0,1.0,,Welcome to the RITC 2026 Liquidity Risk Case - practice server,Good Luck!,142,2026-02-01 13:24:34.543385,RITC,9.8,9.77,9.8,210000.0,206100.0,,0,0,0,0,0,0,0,0,0,0,0,0,0,0,0,0,0
,,,,,,142,2026-02-01 13:24:34.543385,COMP,25.34,25.17,25.19,124500.0,139600.0,10000.0,0,0,0,0,0,0,0,0,0,0,0,0,0,0,0,0,0
1.0,1.0,1.0,,Welcome to the RITC 2026 Liquidity Risk Case - practice server,Good Luck!,143,2026-02-01 13:24:35.563417,RITC,9.8,9.77,9.8,211300.0,206100.0,,0,0,0,0,0,0,0,0,0,0,0,0,0,0,0,0,0
,,,,,,143,2026-02-01 13:24:35.563417,COMP,25.18,25.17,25.18,124500.0,139800.0,10000.0,0,0,0,0,0,0,0,0,0,0,0,0,0,0,0,0,0
1.0,1.0,1.0,,Welcome to the RITC 2026 Liquidity Risk Case - practice server,Good Luck!,144,2026-02-01 13:24:36.592874,RITC,9.78,9.77,9.78,211300.0,206200.0,0,0,0,0,0,0,0,0,0,0,0,0,0,0,0,0,0,0
,,,,,,144,2026-02-01 13:24:36.592874,COMP,25.16,25.16,25.19,139500.0,139600.0,0,0,0,0,0,0,0,0,0,0,0,0,0,0,0,0,0,0
1.0,1.0,1.0,,Welcome to the RITC 2026 Liquidity Risk Case - practice server,Good Luck!,145,2026-02-01 13:24:37.623473,RITC,9.8,9.77,9.8,211300.0,206000.0,,0,0,0,0,0,0,0,0,0,0,0,0,0,0,0,0,0
,,,,,,145,2026-02-01 13:24:37.623473,COMP,25.16,25.17,25.19,131900.0,137900.0,5000.0,0,0,0,0,0,0,0,0,0,0,0,0,0,0,0,0,0
1.0,1.0,1.0,,Welcome to the RITC 2026 Liquidity Risk Case - practice server,Good Luck!,146,2026-02-01 13:24:38.653657,RITC,9.8,9.77,9.78,207000.0,205300.0,,0,0,0,0,0,0,0,0,0,0,0,0,0,0,0,0,0
,,,,,,146,2026-02-01 13:24:38.653657,COMP,25.19,25.17,25.19,124900.0,139900.0,10000.0,0,0,0,0,0,0,0,0,0,0,0,0,0,0,0,0,0
1.0,1.0,1.0,,Welcome to the RITC 2026 Liquidity Risk Case - practice server,Good Luck!,147,2026-02-01 13:24:39.666220,RITC,9.79,9.77,9.78,207000.0,202900.0,,0,0,0,0,0,0,0,0,0,0,0,0,0,0,0,0,0
,,,,,,147,2026-02-01 13:24:39.666220,COMP,25.17,25.17,25.19,124600.0,139900.0,10000.0,0,0,0,0,0,0,0,0,0,0,0,0,0,0,0,0,0
1.0,1.0,1.0,,Welcome to the RITC 2026 Liquidity Risk Case - practice server,Good Luck!,148,2026-02-01 13:24:40.682912,RITC,9.79,9.77,9.78,207000.0,203700.0,,0,0,0,0,0,0,0,0,0,0,0,0,0,0,0,0,0
,,,,,,148,2026-02-01 13:24:40.682912,COMP,25.17,25.17,25.19,116500.0,138300.0,15000.0,0,0,0,0,0,0,0,0,0,0,0,0,0,0,0,0,0
1.0,1.0,1.0,,Welcome to the RITC 2026 Liquidity Risk Case - practice server,Good Luck!,149,2026-02-01 13:24:41.713179,RITC,9.77,9.77,9.78,209400.0,203600.0,,0,0,0,0,0,0,0,0,0,0,0,0,0,0,0,0,0
,,,,,,149,2026-02-01 13:24:41.713179,COMP,25.21,25.18,25.21,110700.0,138000.0,20000.0,0,0,0,0,0,0,0,0,0,0,0,0,0,0,0,0,0
1.0,1.0,1.0,,Welcome to the RITC 2026 Liquidity Risk Case - practice server,Good Luck!,150,2026-02-01 13:24:42.733559,RITC,9.77,9.77,9.78,208100.0,202300.0,,0,0,0,0,0,0,0,0,0,0,0,0,0,0,0,0,0
,,,,,,150,2026-02-01 13:24:42.733559,COMP,25.22,25.21,25.22,103500.0,135400.0,25000.0,0,0,0,0,0,0,0,0,0,0,0,0,0,0,0,0,0
1.0,1.0,1.0,,Welcome to the RITC 2026 Liquidity Risk Case - practice server,Good Luck!,151,2026-02-01 13:24:43.758103,RITC,9.78,9.77,9.78,208100.0,202400.0,,0,0,0,0,0,0,0,0,0,0,0,0,0,0,0,0,0
,,,,,,151,2026-02-01 13:24:43.758103,COMP,25.24,25.21,25.24,103500.0,137200.0,25000.0,0,0,0,0,0,0,0,0,0,0,0,0,0,0,0,0,0
1.0,1.0,1.0,,Welcome to the RITC 2026 Liquidity Risk Case - practice server,Good Luck!,152,2026-02-01 13:24:44.792672,RITC,9.77,9.76,9.77,212400.0,200100.0,,,0,0,0,0,0,0,0,0,0,0,0,0,0,0,0,0
,,,,,,152,2026-02-01 13:24:44.792672,COMP,25.25,25.22,25.25,97400.0,138800.0,10000.0,25000.0,0,0,0,0,0,0,0,0,0,0,0,0,0,0,0,0
1.0,1.0,1.0,,Welcome to the RITC 2026 Liquidity Risk Case - practice server,Good Luck!,153,2026-02-01 13:24:45.822822,RITC,9.76,9.76,9.77,213300.0,202200.0,,,0,0,0,0,0,0,0,0,0,0,0,0,0,0,0,0
,,,,,,153,2026-02-01 13:24:45.822822,COMP,25.23,25.23,25.27,89100.0,136400.0,20000.0,25000.0,0,0,0,0,0,0,0,0,0,0,0,0,0,0,0,0
1.0,1.0,1.0,,Welcome to the RITC 2026 Liquidity Risk Case - practice server,Good Luck!,154,2026-02-01 13:24:46.837675,RITC,9.76,9.76,9.77,213300.0,207300.0,,,0,0,0,0,0,0,0,0,0,0,0,0,0,0,0,0
,,,,,,154,2026-02-01 13:24:46.837675,COMP,25.23,25.23,25.26,89100.0,137800.0,20000.0,25000.0,0,0,0,0,0,0,0,0,0,0,0,0,0,0,0,0
1.0,1.0,1.0,,Welcome to the RITC 2026 Liquidity Risk Case - practice server,Good Luck!,155,2026-02-01 13:24:47.857972,RITC,9.74,9.74,9.76,216400.0,205500.0,,,0,0,0,0,0,0,0,0,0,0,0,0,0,0,0,0
,,,,,,155,2026-02-01 13:24:47.857972,COMP,25.27,25.24,25.27,82600.0,136400.0,30000.0,20000.0,0,0,0,0,0,0,0,0,0,0,0,0,0,0,0,0
1.0,1.0,1.0,,Welcome to the RITC 2026 Liquidity Risk Case - practice server,Good Luck!,156,2026-02-01 13:24:48.892641,RITC,9.74,9.74,9.76,216400.0,204900.0,,,0,0,0,0,0,0,0,0,0,0,0,0,0,0,0,0
,,,,,,156,2026-02-01 13:24:48.892641,COMP,25.27,25.25,25.27,76100.0,136400.0,35000.0,20000.0,0,0,0,0,0,0,0,0,0,0,0,0,0,0,0,0
1.0,1.0,1.0,,Welcome to the RITC 2026 Liquidity Risk Case - practice server,Good Luck!,157,2026-02-01 13:24:49.915737,RITC,9.67,9.68,9.76,211100.0,204900.0,,,0,0,0,0,0,0,0,0,0,0,0,0,0,0,0,0
,,,,,,157,2026-02-01 13:24:49.915737,COMP,25.27,25.25,25.27,68300.0,136400.0,40000.0,20000.0,0,0,0,0,0,0,0,0,0,0,0,0,0,0,0,0
1.0,1.0,1.0,,Welcome to the RITC 2026 Liquidity Risk Case - practice server,Good Luck!,158,2026-02-01 13:24:50.943088,RITC,9.67,9.72,9.76,212300.0,204100.0,,0,0,0,0,0,0,0,0,0,0,0,0,0,0,0,0,0
,,,,,,158,2026-02-01 13:24:50.943088,COMP,25.27,25.26,25.27,83300.0,138400.0,40000.0,0,0,0,0,0,0,0,0,0,0,0,0,0,0,0,0,0
1.0,1.0,1.0,,Welcome to the RITC 2026 Liquidity Risk Case - practice server,Good Luck!,159,2026-02-01 13:24:51.961320,RITC,9.67,9.72,9.75,212300.0,205300.0,,0,0,0,0,0,0,0,0,0,0,0,0,0,0,0,0,0
,,,,,,159,2026-02-01 13:24:51.961320,COMP,25.28,25.26,25.28,83300.0,137400.0,40000.0,0,0,0,0,0,0,0,0,0,0,0,0,0,0,0,0,0
1.0,1.0,1.0,,Welcome to the RITC 2026 Liquidity Risk Case - practice server,Good Luck!,160,2026-02-01 13:24:52.985889,RITC,9.67,9.73,9.75,206700.0,205300.0,,0,0,0,0,0,0,0,0,0,0,0,0,0,0,0,0,0
,,,,,,160,2026-02-01 13:24:52.985889,COMP,25.26,25.25,25.26,83200.0,138200.0,40000.0,0,0,0,0,0,0,0,0,0,0,0,0,0,0,0,0,0
1.0,1.0,1.0,,Welcome to the RITC 2026 Liquidity Risk Case - practice server,Good Luck!,161,2026-02-01 13:24:54.006646,RITC,9.67,9.73,9.74,206700.0,207700.0,,0,0,0,0,0,0,0,0,0,0,0,0,0,0,0,0,0
,,,,,,161,2026-02-01 13:24:54.006646,COMP,25.31,25.29,25.31,83500.0,138900.0,40000.0,0,0,0,0,0,0,0,0,0,0,0,0,0,0,0,0,0
1.0,1.0,1.0,,Welcome to the RITC 2026 Liquidity Risk Case - practice server,Good Luck!,162,2026-02-01 13:24:55.032847,RITC,9.72,9.72,9.74,210100.0,207700.0,,0,0,0,0,0,0,0,0,0,0,0,0,0,0,0,0,0
,,,,,,162,2026-02-01 13:24:55.032847,COMP,25.35,25.29,25.35,83500.0,140200.0,40000.0,0,0,0,0,0,0,0,0,0,0,0,0,0,0,0,0,0
1.0,1.0,1.0,,Welcome to the RITC 2026 Liquidity Risk Case - practice server,Good Luck!,163,2026-02-01 13:24:56.052674,RITC,9.72,9.73,9.74,206700.0,207700.0,,0,0,0,0,0,0,0,0,0,0,0,0,0,0,0,0,0
,,,,,,163,2026-02-01 13:24:56.052674,COMP,25.37,25.29,25.37,83500.0,137200.0,40000.0,0,0,0,0,0,0,0,0,0,0,0,0,0,0,0,0,0
1.0,1.0,1.0,,Welcome to the RITC 2026 Liquidity Risk Case - practice server,Good Luck!,164,2026-02-01 13:24:57.086071,RITC,9.73,9.73,9.74,210000.0,207700.0,,0,0,0,0,0,0,0,0,0,0,0,0,0,0,0,0,0
,,,,,,164,2026-02-01 13:24:57.086071,COMP,25.38,25.32,25.38,81800.0,137500.0,40000.0,0,0,0,0,0,0,0,0,0,0,0,0,0,0,0,0,0
1.0,1.0,1.0,,Welcome to the RITC 2026 Liquidity Risk Case - practice server,Good Luck!,165,2026-02-01 13:24:58.117768,RITC,9.74,9.73,9.74,209600.0,206800.0,,0,0,0,0,0,0,0,0,0,0,0,0,0,0,0,0,0
,,,,,,165,2026-02-01 13:24:58.117768,COMP,25.38,25.32,25.36,81800.0,135600.0,40000.0,0,0,0,0,0,0,0,0,0,0,0,0,0,0,0,0,0
1.0,1.0,1.0,,Welcome to the RITC 2026 Liquidity Risk Case - practice server,Good Luck!,166,2026-02-01 13:24:59.143371,RITC,9.74,9.73,9.74,208000.0,206800.0,,0,0,0,0,0,0,0,0,0,0,0,0,0,0,0,0,0
,,,,,,166,2026-02-01 13:24:59.143371,COMP,25.4,25.31,25.4,83700.0,135500.0,40000.0,0,0,0,0,0,0,0,0,0,0,0,0,0,0,0,0,0
1.0,1.0,1.0,,Welcome to the RITC 2026 Liquidity Risk Case - practice server,Good Luck!,167,2026-02-01 13:25:00.162565,RITC,9.73,9.73,9.74,208800.0,206800.0,,0,0,0,0,0,0,0,0,0,0,0,0,0,0,0,0,0
,,,,,,167,2026-02-01 13:25:00.162565,COMP,25.36,25.31,25.36,83700.0,137800.0,40000.0,0,0,0,0,0,0,0,0,0,0,0,0,0,0,0,0,0
1.0,1.0,1.0,,Welcome to the RITC 2026 Liquidity Risk Case - practice server,Good Luck!,168,2026-02-01 13:25:01.184405,RITC,9.75,9.74,9.75,207900.0,204600.0,,0,0,0,0,0,0,0,0,0,0,0,0,0,0,0,0,0
,,,,,,168,2026-02-01 13:25:01.184405,COMP,25.36,25.31,25.36,83700.0,135800.0,40000.0,0,0,0,0,0,0,0,0,0,0,0,0,0,0,0,0,0
1.0,1.0,1.0,,Welcome to the RITC 2026 Liquidity Risk Case - practice server,Good Luck!,169,2026-02-01 13:25:02.212739,RITC,9.75,9.74,9.75,207900.0,204700.0,,0,0,0,0,0,0,0,0,0,0,0,0,0,0,0,0,0
,,,,,,169,2026-02-01 13:25:02.212739,COMP,25.36,25.31,25.32,83700.0,136700.0,40000.0,0,0,0,0,0,0,0,0,0,0,0,0,0,0,0,0,0
1.0,1.0,1.0,,Welcome to the RITC 2026 Liquidity Risk Case - practice server,Good Luck!,170,2026-02-01 13:25:03.240777,RITC,9.75,9.74,9.75,204900.0,204700.0,,0,0,0,0,0,0,0,0,0,0,0,0,0,0,0,0,0
,,,,,,170,2026-02-01 13:25:03.240777,COMP,25.36,25.31,25.32,84400.0,136700.0,40000.0,0,0,0,0,0,0,0,0,0,0,0,0,0,0,0,0,0
1.0,1.0,1.0,,Welcome to the RITC 2026 Liquidity Risk Case - practice server,Good Luck!,171,2026-02-01 13:25:04.272981,RITC,9.74,9.74,9.75,207200.0,204700.0,,0,0,0,0,0,0,0,0,0,0,0,0,0,0,0,0,0
,,,,,,171,2026-02-01 13:25:04.272981,COMP,25.29,25.29,25.32,84300.0,136900.0,40000.0,0,0,0,0,0,0,0,0,0,0,0,0,0,0,0,0,0
1.0,1.0,1.0,,Welcome to the RITC 2026 Liquidity Risk Case - practice server,Good Luck!,173,2026-02-01 13:25:05.302405,RITC,9.76,9.74,9.75,206100.0,205900.0,,0,0,0,0,0,0,0,0,0,0,0,0,0,0,0,0,0
,,,,,,173,2026-02-01 13:25:05.302405,COMP,25.29,25.29,25.32,83800.0,136900.0,40000.0,0,0,0,0,0,0,0,0,0,0,0,0,0,0,0,0,0
1.0,1.0,1.0,,Welcome to the RITC 2026 Liquidity Risk Case - practice server,Good Luck!,174,2026-02-01 13:25:06.320174,RITC,9.73,9.73,9.75,209100.0,205900.0,,0,0,0,0,0,0,0,0,0,0,0,0,0,0,0,0,0
,,,,,,174,2026-02-01 13:25:06.320174,COMP,25.29,25.29,25.32,84200.0,136900.0,40000.0,0,0,0,0,0,0,0,0,0,0,0,0,0,0,0,0,0
1.0,1.0,1.0,,Welcome to the RITC 2026 Liquidity Risk Case - practice server,Good Luck!,175,2026-02-01 13:25:07.357543,RITC,9.73,9.74,9.75,202700.0,205900.0,,0,0,0,0,0,0,0,0,0,0,0,0,0,0,0,0,0
,,,,,,175,2026-02-01 13:25:07.357543,COMP,25.26,25.26,25.32,83500.0,136900.0,40000.0,0,0,0,0,0,0,0,0,0,0,0,0,0,0,0,0,0
1.0,1.0,1.0,,Welcome to the RITC 2026 Liquidity Risk Case - practice server,Good Luck!,176,2026-02-01 13:25:08.382805,RITC,9.77,9.74,9.77,203300.0,206400.0,,0,0,0,0,0,0,0,0,0,0,0,0,0,0,0,0,0
,,,,,,176,2026-02-01 13:25:08.382805,COMP,25.24,25.24,25.32,103100.0,136900.0,25000.0,0,0,0,0,0,0,0,0,0,0,0,0,0,0,0,0,0
1.0,1.0,1.0,,Welcome to the RITC 2026 Liquidity Risk Case - practice server,Good Luck!,177,2026-02-01 13:25:09.402295,RITC,9.77,9.74,9.77,205000.0,206400.0,,0,0,0,0,0,0,0,0,0,0,0,0,0,0,0,0,0
,,,,,,177,2026-02-01 13:25:09.402295,COMP,25.24,25.31,25.32,102300.0,136900.0,25000.0,0,0,0,0,0,0,0,0,0,0,0,0,0,0,0,0,0
1.0,1.0,1.0,,Welcome to the RITC 2026 Liquidity Risk Case - practice server,Good Luck!,178,2026-02-01 13:25:10.427004,RITC,9.77,9.74,9.77,205900.0,195600.0,5000.0,,0,0,0,0,0,0,0,0,0,0,0,0,0,0,0,0
,,,,,,178,2026-02-01 13:25:10.427004,COMP,25.31,25.24,25.29,103100.0,138100.0,,25000.0,0,0,0,0,0,0,0,0,0,0,0,0,0,0,0,0
1.0,1.0,1.0,,Welcome to the RITC 2026 Liquidity Risk Case - practice server,Good Luck!,179,2026-02-01 13:25:11.432513,RITC,9.77,9.75,9.77,203200.0,195600.0,5000.0,,0,0,0,0,0,0,0,0,0,0,0,0,0,0,0,0
,,,,,,179,2026-02-01 13:25:11.432513,COMP,25.31,25.24,25.25,103100.0,137600.0,,25000.0,0,0,0,0,0,0,0,0,0,0,0,0,0,0,0,0
1.0,1.0,1.0,,Welcome to the RITC 2026 Liquidity Risk Case - practice server,Good Luck!,180,2026-02-01 13:25:12.452152,RITC,9.74,9.74,9.78,205900.0,195200.0,5000.0,,0,0,0,0,0,0,0,0,0,0,0,0,0,0,0,0
,,,,,,180,2026-02-01 13:25:12.452152,COMP,25.24,25.21,25.23,103700.0,137000.0,,25000.0,0,0,0,0,0,0,0,0,0,0,0,0,0,0,0,0
1.0,1.0,1.0,,Welcome to the RITC 2026 Liquidity Risk Case - practice server,Good Luck!,181,2026-02-01 13:25:13.491995,RITC,9.75,9.74,9.75,205900.0,196100.0,5000.0,,0,0,0,0,0,0,0,0,0,0,0,0,0,0,0,0
,,,,,,181,2026-02-01 13:25:13.491995,COMP,25.19,25.19,25.23,102900.0,137000.0,,25000.0,0,0,0,0,0,0,0,0,0,0,0,0,0,0,0,0
1.0,1.0,1.0,,Welcome to the RITC 2026 Liquidity Risk Case - practice server,Good Luck!,182,2026-02-01 13:25:14.525844,RITC,9.78,9.74,9.78,205900.0,191300.0,5000.0,,0,0,0,0,0,0,0,0,0,0,0,0,0,0,0,0
,,,,,,182,2026-02-01 13:25:14.525844,COMP,25.19,25.18,25.19,102800.0,137100.0,,25000.0,0,0,0,0,0,0,0,0,0,0,0,0,0,0,0,0
1.0,1.0,1.0,,Welcome to the RITC 2026 Liquidity Risk Case - practice server,Good Luck!,183,2026-02-01 13:25:15.547115,RITC,9.78,9.76,9.77,202400.0,192400.0,5000.0,,0,0,0,0,0,0,0,0,0,0,0,0,0,0,0,0
,,,,,,183,2026-02-01 13:25:15.547115,COMP,25.18,25.18,25.19,111100.0,137100.0,,20000.0,0,0,0,0,0,0,0,0,0,0,0,0,0,0,0,0
1.0,1.0,1.0,,Welcome to the RITC 2026 Liquidity Risk Case - practice server,Good Luck!,184,2026-02-01 13:25:16.582125,RITC,9.78,9.76,9.77,200900.0,192400.0,5000.0,,0,0,0,0,0,0,0,0,0,0,0,0,0,0,0,0
,,,,,,184,2026-02-01 13:25:16.582125,COMP,25.25,25.26,25.29,95700.0,138100.0,,30000.0,0,0,0,0,0,0,0,0,0,0,0,0,0,0,0,0
1.0,1.0,1.0,,Welcome to the RITC 2026 Liquidity Risk Case - practice server,Good Luck!,185,2026-02-01 13:25:17.611945,RITC,9.77,9.76,9.77,200000.0,192400.0,5000.0,,0,0,0,0,0,0,0,0,0,0,0,0,0,0,0,0
,,,,,,185,2026-02-01 13:25:17.611945,COMP,25.25,25.26,25.29,95700.0,136200.0,,30000.0,0,0,0,0,0,0,0,0,0,0,0,0,0,0,0,0
1.0,1.0,1.0,,Welcome to the RITC 2026 Liquidity Risk Case - practice server,Good Luck!,186,2026-02-01 13:25:18.632096,RITC,9.77,9.77,9.78,198100.0,191300.0,5000.0,,0,0,0,0,0,0,0,0,0,0,0,0,0,0,0,0
,,,,,,186,2026-02-01 13:25:18.632096,COMP,25.32,25.26,25.32,95700.0,135800.0,,30000.0,0,0,0,0,0,0,0,0,0,0,0,0,0,0,0,0
1.0,1.0,1.0,,Welcome to the RITC 2026 Liquidity Risk Case - practice server,Good Luck!,187,2026-02-01 13:25:19.657402,RITC,9.77,9.77,9.78,202600.0,191300.0,5000.0,,0,0,0,0,0,0,0,0,0,0,0,0,0,0,0,0
,,,,,,187,2026-02-01 13:25:19.657402,COMP,25.32,25.26,25.3,95700.0,135300.0,,30000.0,0,0,0,0,0,0,0,0,0,0,0,0,0,0,0,0
1.0,1.0,1.0,,Welcome to the RITC 2026 Liquidity Risk Case - practice server,Good Luck!,188,2026-02-01 13:25:20.696189,RITC,9.79,9.78,9.79,198600.0,192000.0,5000.0,,0,0,0,0,0,0,0,0,0,0,0,0,0,0,0,0
,,,,,,188,2026-02-01 13:25:20.696189,COMP,25.32,25.26,25.29,96700.0,134200.0,,30000.0,0,0,0,0,0,0,0,0,0,0,0,0,0,0,0,0
1.0,1.0,1.0,,Welcome to the RITC 2026 Liquidity Risk Case - practice server,Good Luck!,189,2026-02-01 13:25:21.726852,RITC,9.8,9.77,9.8,203400.0,192300.0,5000.0,,0,0,0,0,0,0,0,0,0,0,0,0,0,0,0,0
,,,,,,189,2026-02-01 13:25:21.726852,COMP,25.26,25.19,25.2,97800.0,135800.0,,30000.0,0,0,0,0,0,0,0,0,0,0,0,0,0,0,0,0
1.0,1.0,1.0,,Welcome to the RITC 2026 Liquidity Risk Case - practice server,Good Luck!,190,2026-02-01 13:25:22.741946,RITC,9.8,9.77,9.8,203400.0,191400.0,5000.0,,0,0,0,0,0,0,0,0,0,0,0,0,0,0,0,0
,,,,,,190,2026-02-01 13:25:22.741946,COMP,25.2,25.25,25.29,98600.0,134200.0,,30000.0,0,0,0,0,0,0,0,0,0,0,0,0,0,0,0,0
1.0,1.0,1.0,,Welcome to the RITC 2026 Liquidity Risk Case - practice server,Good Luck!,191,2026-02-01 13:25:23.772044,RITC,9.8,9.79,9.8,203100.0,192500.0,5000.0,,0,0,0,0,0,0,0,0,0,0,0,0,0,0,0,0
,,,,,,191,2026-02-01 13:25:23.772044,COMP,25.2,25.19,25.2,98600.0,134900.0,,30000.0,0,0,0,0,0,0,0,0,0,0,0,0,0,0,0,0
1.0,1.0,1.0,,Welcome to the RITC 2026 Liquidity Risk Case - practice server,Good Luck!,192,2026-02-01 13:25:24.806124,RITC,9.8,9.79,9.8,203100.0,191800.0,5000.0,,0,0,0,0,0,0,0,0,0,0,0,0,0,0,0,0
,,,,,,192,2026-02-01 13:25:24.806124,COMP,25.18,25.19,25.2,97300.0,134900.0,,30000.0,0,0,0,0,0,0,0,0,0,0,0,0,0,0,0,0
1.0,1.0,1.0,,Welcome to the RITC 2026 Liquidity Risk Case - practice server,Good Luck!,193,2026-02-01 13:25:25.831688,RITC,9.89,9.77,9.78,203400.0,190400.0,5000.0,,0,0,0,0,0,0,0,0,0,0,0,0,0,0,0,0
,,,,,,193,2026-02-01 13:25:25.831688,COMP,25.2,25.25,25.29,96400.0,134200.0,,30000.0,0,0,0,0,0,0,0,0,0,0,0,0,0,0,0,0
1.0,1.0,1.0,,Welcome to the RITC 2026 Liquidity Risk Case - practice server,Good Luck!,194,2026-02-01 13:25:26.851830,RITC,9.89,9.77,9.78,201000.0,190400.0,5000.0,,0,0,0,0,0,0,0,0,0,0,0,0,0,0,0,0
,,,,,,194,2026-02-01 13:25:26.851830,COMP,25.2,25.26,25.29,96600.0,134200.0,,30000.0,0,0,0,0,0,0,0,0,0,0,0,0,0,0,0,0
1.0,1.0,1.0,,Welcome to the RITC 2026 Liquidity Risk Case - practice server,Good Luck!,195,2026-02-01 13:25:27.885972,RITC,9.89,9.77,9.78,202900.0,190400.0,5000.0,,0,0,0,0,0,0,0,0,0,0,0,0,0,0,0,0
,,,,,,195,2026-02-01 13:25:27.885972,COMP,25.3,25.26,25.3,96600.0,135300.0,,30000.0,0,0,0,0,0,0,0,0,0,0,0,0,0,0,0,0
1.0,1.0,1.0,,Welcome to the RITC 2026 Liquidity Risk Case - practice server,Good Luck!,196,2026-02-01 13:25:28.906661,RITC,9.78,9.79,9.8,208300.0,191800.0,5000.0,,,0,0,0,0,0,0,0,0,0,0,0,0,0,0,0
,,,,,,196,2026-02-01 13:25:28.906661,COMP,25.3,25.26,25.3,96600.0,114100.0,,30000.0,12000.0,0,0,0,0,0,0,0,0,0,0,0,0,0,0,0
1.0,1.0,1.0,,Welcome to the RITC 2026 Liquidity Risk Case - practice server,Good Luck!,197,2026-02-01 13:25:29.950782,RITC,9.8,9.79,9.8,208300.0,193800.0,5000.0,,,0,0,0,0,0,0,0,0,0,0,0,0,0,0,0
,,,,,,197,2026-02-01 13:25:29.950782,COMP,25.3,25.26,25.3,98200.0,112300.0,,30000.0,12000.0,0,0,0,0,0,0,0,0,0,0,0,0,0,0,0
1.0,1.0,1.0,,Welcome to the RITC 2026 Liquidity Risk Case - practice server,Good Luck!,198,2026-02-01 13:25:30.981700,RITC,9.8,9.79,9.8,205100.0,193800.0,5000.0,,,0,0,0,0,0,0,0,0,0,0,0,0,0,0,0
,,,,,,198,2026-02-01 13:25:30.981700,COMP,25.3,25.26,25.29,98200.0,112000.0,,30000.0,12000.0,0,0,0,0,0,0,0,0,0,0,0,0,0,0,0
1.0,1.0,1.0,,Welcome to the RITC 2026 Liquidity Risk Case - practice server,Good Luck!,199,2026-02-01 13:25:32.006694,RITC,9.81,9.79,9.81,205100.0,191900.0,5000.0,,,0,0,0,0,0,0,0,0,0,0,0,0,0,0,0
,,,,,,199,2026-02-01 13:25:32.006694,COMP,25.26,25.25,25.26,96900.0,112100.0,,30000.0,12000.0,0,0,0,0,0,0,0,0,0,0,0,0,0,0,0
1.0,1.0,1.0,,Welcome to the RITC 2026 Liquidity Risk Case - practice server,Good Luck!,200,2026-02-01 13:25:33.031621,RITC,9.81,9.79,9.81,203500.0,189000.0,5000.0,,,0,0,0,0,0,0,0,0,0,0,0,0,0,0,0
,,,,,,200,2026-02-01 13:25:33.031621,COMP,25.24,25.24,25.26,96200.0,112100.0,,30000.0,12000.0,0,0,0,0,0,0,0,0,0,0,0,0,0,0,0
1.0,1.0,1.0,,Welcome to the RITC 2026 Liquidity Risk Case - practice server,Good Luck!,201,2026-02-01 13:25:34.041646,RITC,9.81,9.8,9.81,204000.0,189000.0,5000.0,,,0,0,0,0,0,0,0,0,0,0,0,0,0,0,0
,,,,,,201,2026-02-01 13:25:34.041646,COMP,25.31,25.24,25.31,96200.0,112600.0,,30000.0,12000.0,0,0,0,0,0,0,0,0,0,0,0,0,0,0,0
1.0,1.0,1.0,,Welcome to the RITC 2026 Liquidity Risk Case - practice server,Good Luck!,202,2026-02-01 13:25:35.055926,RITC,9.82,9.8,9.82,204000.0,189800.0,5000.0,,,0,0,0,0,0,0,0,0,0,0,0,0,0,0,0
,,,,,,202,2026-02-01 13:25:35.055926,COMP,25.31,25.24,25.29,96200.0,113500.0,,30000.0,12000.0,0,0,0,0,0,0,0,0,0,0,0,0,0,0,0
1.0,1.0,1.0,,Welcome to the RITC 2026 Liquidity Risk Case - practice server,Good Luck!,203,2026-02-01 13:25:36.082069,RITC,9.83,9.8,9.83,203400.0,192100.0,5000.0,,,0,0,0,0,0,0,0,0,0,0,0,0,0,0,0
,,,,,,203,2026-02-01 13:25:36.082069,COMP,25.31,25.25,25.29,95800.0,113500.0,,30000.0,12000.0,0,0,0,0,0,0,0,0,0,0,0,0,0,0,0
1.0,1.0,1.0,,Welcome to the RITC 2026 Liquidity Risk Case - practice server,Good Luck!,204,2026-02-01 13:25:37.111207,RITC,9.91,9.81,9.83,203000.0,190000.0,5000.0,,,0,0,0,0,0,0,0,0,0,0,0,0,0,0,0
,,,,,,204,2026-02-01 13:25:37.111207,COMP,25.29,25.25,25.29,95800.0,113500.0,,30000.0,12000.0,0,0,0,0,0,0,0,0,0,0,0,0,0,0,0
1.0,1.0,1.0,,Welcome to the RITC 2026 Liquidity Risk Case - practice server,Good Luck!,205,2026-02-01 13:25:38.141475,RITC,9.84,9.83,9.84,15000.0,174200.0,192300.0,5000.0,,0,0,0,0,0,0,0,0,0,0,0,0,0,0,0
,,,,,,205,2026-02-01 13:25:38.141475,COMP,25.23,25.23,25.32,30000.0,96800.0,128000.0,,5000.0,0,0,0,0,0,0,0,0,0,0,0,0,0,0,0
1.0,1.0,1.0,,Welcome to the RITC 2026 Liquidity Risk Case - practice server,Good Luck!,206,2026-02-01 13:25:39.171626,RITC,9.84,9.83,9.84,15000.0,174200.0,189800.0,5000.0,,,0,0,0,0,0,0,0,0,0,0,0,0,0,0
,,,,,,206,2026-02-01 13:25:39.171626,COMP,25.32,25.24,25.32,30000.0,89600.0,127200.0,,10000.0,5000.0,0,0,0,0,0,0,0,0,0,0,0,0,0,0
1.0,1.0,1.0,,Welcome to the RITC 2026 Liquidity Risk Case - practice server,Good Luck!,207,2026-02-01 13:25:40.201280,RITC,9.85,9.83,9.85,20000.0,162800.0,182100.0,10000.0,,,0,0,0,0,0,0,0,0,0,0,0,0,0,0
,,,,,,207,2026-02-01 13:25:40.201280,COMP,25.13,25.28,25.32,30000.0,82800.0,127200.0,,20000.0,5000.0,0,0,0,0,0,0,0,0,0,0,0,0,0,0
1.0,1.0,1.0,,Welcome to the RITC 2026 Liquidity Risk Case - practice server,Good Luck!,208,2026-02-01 13:25:41.226402,RITC,9.85,9.83,9.85,20000.0,160800.0,182100.0,10000.0,,,0,0,0,0,0,0,0,0,0,0,0,0,0,0
,,,,,,208,2026-02-01 13:25:41.226402,COMP,25.28,25.28,25.32,40000.0,68900.0,127900.0,,20000.0,5000.0,0,0,0,0,0,0,0,0,0,0,0,0,0,0
1.0,1.0,1.0,,Welcome to the RITC 2026 Liquidity Risk Case - practice server,Good Luck!,209,2026-02-01 13:25:42.261445,RITC,9.85,9.84,9.85,158200.0,20000.0,182100.0,10000.0,,,0,0,0,0,0,0,0,0,0,0,0,0,0,0
,,,,,,209,2026-02-01 13:25:42.261445,COMP,25.26,25.25,25.32,83000.0,35000.0,127900.0,,10000.0,5000.0,0,0,0,0,0,0,0,0,0,0,0,0,0,0
1.0,1.0,1.0,,Welcome to the RITC 2026 Liquidity Risk Case - practice server,Good Luck!,210,2026-02-01 13:25:43.271552,RITC,9.83,9.83,9.85,20000.0,159600.0,182100.0,10000.0,0,0,0,0,0,0,0,0,0,0,0,0,0,0,0,0
,,,,,,210,2026-02-01 13:25:43.271552,COMP,25.19,25.19,25.32,30000.0,97300.0,135800.0,,0,0,0,0,0,0,0,0,0,0,0,0,0,0,0,0
1.0,1.0,1.0,,Welcome to the RITC 2026 Liquidity Risk Case - practice server,Good Luck!,211,2026-02-01 13:25:44.301823,RITC,9.84,9.83,9.84,20000.0,160900.0,179800.0,10000.0,0,0,0,0,0,0,0,0,0,0,0,0,0,0,0,0
,,,,,,211,2026-02-01 13:25:44.301823,COMP,25.18,25.18,25.33,20000.0,109500.0,137700.0,,0,0,0,0,0,0,0,0,0,0,0,0,0,0,0,0
1.0,1.0,1.0,,Welcome to the RITC 2026 Liquidity Risk Case - practice server,Good Luck!,212,2026-02-01 13:25:45.321259,RITC,9.71,9.83,9.84,20000.0,164600.0,179800.0,10000.0,0,0,0,0,0,0,0,0,0,0,0,0,0,0,0,0
,,,,,,212,2026-02-01 13:25:45.321259,COMP,25.33,25.23,25.33,15000.0,117300.0,138300.0,,0,0,0,0,0,0,0,0,0,0,0,0,0,0,0,0
1.0,1.0,1.0,,Welcome to the RITC 2026 Liquidity Risk Case - practice server,Good Luck!,213,2026-02-01 13:25:46.356829,RITC,9.86,9.83,9.84,20000.0,164600.0,193500.0,5000.0,,0,0,0,0,0,0,0,0,0,0,0,0,0,0,0
,,,,,,213,2026-02-01 13:25:46.356829,COMP,25.33,25.24,25.28,15000.0,110800.0,139600.0,,10000.0,0,0,0,0,0,0,0,0,0,0,0,0,0,0,0
1.0,1.0,1.0,,Welcome to the RITC 2026 Liquidity Risk Case - practice server,Good Luck!,214,2026-02-01 13:25:47.401223,RITC,9.84,9.84,9.86,163400.0,20000.0,181900.0,10000.0,0,0,0,0,0,0,0,0,0,0,0,0,0,0,0,0
,,,,,,214,2026-02-01 13:25:47.401223,COMP,25.23,25.23,25.28,117300.0,15000.0,139600.0,,0,0,0,0,0,0,0,0,0,0,0,0,0,0,0,0
1.0,1.0,1.0,,Welcome to the RITC 2026 Liquidity Risk Case - practice server,Good Luck!,215,2026-02-01 13:25:48.421504,RITC,9.84,9.84,9.86,154900.0,25000.0,181900.0,10000.0,,0,0,0,0,0,0,0,0,0,0,0,0,0,0,0
,,,,,,215,2026-02-01 13:25:48.421504,COMP,25.17,25.26,25.28,124000.0,5000.0,139600.0,,10000.0,0,0,0,0,0,0,0,0,0,0,0,0,0,0,0
1.0,1.0,1.0,,Welcome to the RITC 2026 Liquidity Risk Case - practice server,Good Luck!,216,2026-02-01 13:25:49.451533,RITC,9.86,9.85,9.86,155600.0,25000.0,170800.0,15000.0,,0,0,0,0,0,0,0,0,0,0,0,0,0,0,0
,,,,,,216,2026-02-01 13:25:49.451533,COMP,25.26,25.26,25.28,124000.0,5000.0,139800.0,,10000.0,0,0,0,0,0,0,0,0,0,0,0,0,0,0,0
1.0,1.0,1.0,,Welcome to the RITC 2026 Liquidity Risk Case - practice server,Good Luck!,217,2026-02-01 13:25:50.486390,RITC,9.86,9.85,9.86,151300.0,25000.0,170800.0,15000.0,,0,0,0,0,0,0,0,0,0,0,0,0,0,0,0
,,,,,,217,2026-02-01 13:25:50.486390,COMP,25.26,25.26,25.28,103100.0,20000.0,140800.0,,10000.0,0,0,0,0,0,0,0,0,0,0,0,0,0,0,0
1.0,1.0,1.0,,Welcome to the RITC 2026 Liquidity Risk Case - practice server,Good Luck!,218,2026-02-01 13:25:51.506212,RITC,9.86,9.85,9.86,154200.0,25000.0,172400.0,15000.0,0,0,0,0,0,0,0,0,0,0,0,0,0,0,0,0
,,,,,,218,2026-02-01 13:25:51.506212,COMP,25.19,25.24,25.28,108200.0,20000.0,140800.0,,0,0,0,0,0,0,0,0,0,0,0,0,0,0,0,0
1.0,1.0,1.0,,Welcome to the RITC 2026 Liquidity Risk Case - practice server,Good Luck!,220,2026-02-01 13:25:52.524429,RITC,9.86,9.85,9.86,156600.0,25000.0,172400.0,15000.0,0,0,0,0,0,0,0,0,0,0,0,0,0,0,0,0
,,,,,,220,2026-02-01 13:25:52.524429,COMP,25.19,25.24,25.28,109600.0,20000.0,140800.0,,0,0,0,0,0,0,0,0,0,0,0,0,0,0,0,0
1.0,1.0,1.0,,Welcome to the RITC 2026 Liquidity Risk Case - practice server,Good Luck!,221,2026-02-01 13:25:53.541406,RITC,9.87,9.86,9.87,155600.0,25000.0,173600.0,15000.0,0,0,0,0,0,0,0,0,0,0,0,0,0,0,0,0
,,,,,,221,2026-02-01 13:25:53.541406,COMP,25.28,25.24,25.28,109600.0,20000.0,139900.0,,0,0,0,0,0,0,0,0,0,0,0,0,0,0,0,0
1.0,1.0,1.0,,Welcome to the RITC 2026 Liquidity Risk Case - practice server,Good Luck!,222,2026-02-01 13:25:54.571125,RITC,9.87,9.86,9.87,145400.0,30000.0,173600.0,15000.0,0,0,0,0,0,0,0,0,0,0,0,0,0,0,0,0
,,,,,,222,2026-02-01 13:25:54.571125,COMP,25.19,25.24,25.28,108700.0,20000.0,139900.0,,0,0,0,0,0,0,0,0,0,0,0,0,0,0,0,0
1.0,1.0,1.0,,Welcome to the RITC 2026 Liquidity Risk Case - practice server,Good Luck!,223,2026-02-01 13:25:55.601449,RITC,9.87,9.86,9.87,144100.0,30000.0,172500.0,15000.0,0,0,0,0,0,0,0,0,0,0,0,0,0,0,0,0
,,,,,,223,2026-02-01 13:25:55.601449,COMP,25.28,25.31,25.33,110300.0,20000.0,139700.0,,0,0,0,0,0,0,0,0,0,0,0,0,0,0,0,0
1.0,1.0,1.0,,Welcome to the RITC 2026 Liquidity Risk Case - practice server,Good Luck!,224,2026-02-01 13:25:56.624731,RITC,9.88,9.86,9.88,144100.0,30000.0,170800.0,15000.0,0,0,0,0,0,0,0,0,0,0,0,0,0,0,0,0
,,,,,,224,2026-02-01 13:25:56.624731,COMP,25.35,25.31,25.35,110300.0,20000.0,138500.0,,0,0,0,0,0,0,0,0,0,0,0,0,0,0,0,0
1.0,1.0,1.0,,Welcome to the RITC 2026 Liquidity Risk Case - practice server,Good Luck!,225,2026-02-01 13:25:57.644741,RITC,9.88,9.86,9.88,142900.0,30000.0,172900.0,15000.0,0,0,0,0,0,0,0,0,0,0,0,0,0,0,0,0
,,,,,,225,2026-02-01 13:25:57.644741,COMP,25.35,25.31,25.35,110400.0,20000.0,138500.0,,0,0,0,0,0,0,0,0,0,0,0,0,0,0,0,0
1.0,1.0,1.0,,Welcome to the RITC 2026 Liquidity Risk Case - practice server,Good Luck!,226,2026-02-01 13:25:58.670185,RITC,9.88,9.88,9.89,153000.0,25000.0,173200.0,15000.0,0,0,0,0,0,0,0,0,0,0,0,0,0,0,0,0
,,,,,,226,2026-02-01 13:25:58.670185,COMP,25.31,25.31,25.35,110400.0,20000.0,138500.0,,0,0,0,0,0,0,0,0,0,0,0,0,0,0,0,0
1.0,1.0,1.0,,Welcome to the RITC 2026 Liquidity Risk Case - practice server,Good Luck!,227,2026-02-01 13:25:59.701001,RITC,9.89,9.88,9.89,149700.0,25000.0,175200.0,15000.0,0,0,0,0,0,0,0,0,0,0,0,0,0,0,0,0
,,,,,,227,2026-02-01 13:25:59.701001,COMP,25.35,25.35,25.36,109700.0,20000.0,137400.0,,0,0,0,0,0,0,0,0,0,0,0,0,0,0,0,0
1.0,1.0,1.0,,Welcome to the RITC 2026 Liquidity Risk Case - practice server,Good Luck!,228,2026-02-01 13:26:00.724809,RITC,9.89,9.88,9.89,149700.0,25000.0,171700.0,15000.0,0,0,0,0,0,0,0,0,0,0,0,0,0,0,0,0
,,,,,,228,2026-02-01 13:26:00.724809,COMP,25.36,25.36,25.39,109400.0,20000.0,134800.0,,0,0,0,0,0,0,0,0,0,0,0,0,0,0,0,0
1.0,1.0,1.0,,Welcome to the RITC 2026 Liquidity Risk Case - practice server,Good Luck!,229,2026-02-01 13:26:01.755763,RITC,9.89,9.88,9.89,149700.0,25000.0,171800.0,15000.0,0,0,0,0,0,0,0,0,0,0,0,0,0,0,0,0
,,,,,,229,2026-02-01 13:26:01.755763,COMP,25.33,25.31,25.33,110400.0,20000.0,138100.0,,0,0,0,0,0,0,0,0,0,0,0,0,0,0,0,0
1.0,1.0,1.0,,Welcome to the RITC 2026 Liquidity Risk Case - practice server,Good Luck!,230,2026-02-01 13:26:02.794194,RITC,9.89,9.88,9.89,161600.0,20000.0,171100.0,15000.0,0,0,0,0,0,0,0,0,0,0,0,0,0,0,0,0
,,,,,,230,2026-02-01 13:26:02.794194,COMP,25.33,25.31,25.33,108700.0,20000.0,138100.0,,0,0,0,0,0,0,0,0,0,0,0,0,0,0,0,0
1.0,1.0,1.0,,Welcome to the RITC 2026 Liquidity Risk Case - practice server,Good Luck!,231,2026-02-01 13:26:03.821053,RITC,9.9,9.88,9.9,169700.0,15000.0,170100.0,15000.0,0,0,0,0,0,0,0,0,0,0,0,0,0,0,0,0
,,,,,,231,2026-02-01 13:26:03.821053,COMP,25.38,25.31,25.38,108300.0,20000.0,135900.0,,0,0,0,0,0,0,0,0,0,0,0,0,0,0,0,0
1.0,1.0,1.0,,Welcome to the RITC 2026 Liquidity Risk Case - practice server,Good Luck!,232,2026-02-01 13:26:04.854523,RITC,9.9,9.88,9.9,169700.0,15000.0,170100.0,15000.0,0,0,0,0,0,0,0,0,0,0,0,0,0,0,0,0
,,,,,,232,2026-02-01 13:26:04.854523,COMP,25.39,25.38,25.39,106700.0,20000.0,134800.0,,0,0,0,0,0,0,0,0,0,0,0,0,0,0,0,0
1.0,1.0,1.0,,Welcome to the RITC 2026 Liquidity Risk Case - practice server,Good Luck!,233,2026-02-01 13:26:05.870596,RITC,9.91,9.89,9.91,20000.0,159900.0,179100.0,10000.0,0,0,0,0,0,0,0,0,0,0,0,0,0,0,0,0
,,,,,,233,2026-02-01 13:26:05.870596,COMP,25.39,25.38,25.39,20000.0,106700.0,134800.0,,0,0,0,0,0,0,0,0,0,0,0,0,0,0,0,0
1.0,1.0,1.0,,Welcome to the RITC 2026 Liquidity Risk Case - practice server,Good Luck!,234,2026-02-01 13:26:06.900682,RITC,9.91,9.9,9.91,169000.0,15000.0,179100.0,10000.0,0,0,0,0,0,0,0,0,0,0,0,0,0,0,0,0
,,,,,,234,2026-02-01 13:26:06.900682,COMP,25.39,25.38,25.39,106100.0,20000.0,134500.0,,0,0,0,0,0,0,0,0,0,0,0,0,0,0,0,0
1.0,1.0,1.0,,Welcome to the RITC 2026 Liquidity Risk Case - practice server,Good Luck!,235,2026-02-01 13:26:07.940354,RITC,9.91,9.9,9.91,170800.0,15000.0,179800.0,10000.0,0,0,0,0,0,0,0,0,0,0,0,0,0,0,0,0
,,,,,,235,2026-02-01 13:26:07.940354,COMP,25.4,25.38,25.4,106100.0,20000.0,133700.0,,0,0,0,0,0,0,0,0,0,0,0,0,0,0,0,0
1.0,1.0,1.0,,Welcome to the RITC 2026 Liquidity Risk Case - practice server,Good Luck!,236,2026-02-01 13:26:08.957647,RITC,9.91,9.9,9.91,169500.0,15000.0,179800.0,10000.0,0,0,0,0,0,0,0,0,0,0,0,0,0,0,0,0
,,,,,,236,2026-02-01 13:26:08.957647,COMP,25.38,25.34,25.38,106200.0,20000.0,134100.0,,0,0,0,0,0,0,0,0,0,0,0,0,0,0,0,0
1.0,1.0,1.0,,Welcome to the RITC 2026 Liquidity Risk Case - practice server,Good Luck!,237,2026-02-01 13:26:09.985513,RITC,9.92,9.9,9.92,169500.0,15000.0,197100.0,0,0,0,0,0,0,0,0,0,0,0,0,0,0,0,0,0
,,,,,,237,2026-02-01 13:26:09.985513,COMP,25.38,25.34,25.38,106200.0,20000.0,134100.0,0,0,0,0,0,0,0,0,0,0,0,0,0,0,0,0,0
1.0,1.0,1.0,,Welcome to the RITC 2026 Liquidity Risk Case - practice server,Good Luck!,238,2026-02-01 13:26:11.006002,RITC,9.92,9.91,9.92,167200.0,15000.0,198800.0,0,0,0,0,0,0,0,0,0,0,0,0,0,0,0,0,0
,,,,,,238,2026-02-01 13:26:11.006002,COMP,25.38,25.34,25.38,106200.0,20000.0,133000.0,0,0,0,0,0,0,0,0,0,0,0,0,0,0,0,0,0
1.0,1.0,1.0,,Welcome to the RITC 2026 Liquidity Risk Case - practice server,Good Luck!,239,2026-02-01 13:26:12.029996,RITC,9.93,9.91,9.93,166500.0,15000.0,198900.0,0,0,0,0,0,0,0,0,0,0,0,0,0,0,0,0,0
,,,,,,239,2026-02-01 13:26:12.029996,COMP,25.38,25.34,25.37,106200.0,20000.0,133500.0,0,0,0,0,0,0,0,0,0,0,0,0,0,0,0,0,0
1.0,1.0,1.0,,Welcome to the RITC 2026 Liquidity Risk Case - practice server,Good Luck!,240,2026-02-01 13:26:13.040688,RITC,9.93,9.93,9.94,166700.0,15000.0,199600.0,0,0,0,0,0,0,0,0,0,0,0,0,0,0,0,0,0
,,,,,,240,2026-02-01 13:26:13.040688,COMP,25.31,25.31,25.35,109300.0,20000.0,134000.0,0,0,0,0,0,0,0,0,0,0,0,0,0,0,0,0,0
1.0,1.0,1.0,,Welcome to the RITC 2026 Liquidity Risk Case - practice server,Good Luck!,241,2026-02-01 13:26:14.060883,RITC,9.93,9.93,9.94,187000.0,5000.0,199600.0,0,0,0,0,0,0,0,0,0,0,0,0,0,0,0,0,0
,,,,,,241,2026-02-01 13:26:14.060883,COMP,25.3,25.3,25.35,110800.0,20000.0,134000.0,0,0,0,0,0,0,0,0,0,0,0,0,0,0,0,0,0
1.0,1.0,1.0,,Welcome to the RITC 2026 Liquidity Risk Case - practice server,Good Luck!,242,2026-02-01 13:26:15.090424,RITC,9.94,9.93,9.94,187000.0,5000.0,198700.0,0,0,0,0,0,0,0,0,0,0,0,0,0,0,0,0,0
,,,,,,242,2026-02-01 13:26:15.090424,COMP,25.3,25.31,25.35,110000.0,20000.0,134000.0,0,0,0,0,0,0,0,0,0,0,0,0,0,0,0,0,0
1.0,1.0,1.0,,Welcome to the RITC 2026 Liquidity Risk Case - practice server,Good Luck!,243,2026-02-01 13:26:16.130594,RITC,9.94,9.93,9.94,188800.0,5000.0,197400.0,0,0,0,0,0,0,0,0,0,0,0,0,0,0,0,0,0
,,,,,,243,2026-02-01 13:26:16.130594,COMP,25.3,25.31,25.34,109600.0,20000.0,135700.0,0,0,0,0,0,0,0,0,0,0,0,0,0,0,0,0,0
1.0,1.0,1.0,,Welcome to the RITC 2026 Liquidity Risk Case - practice server,Good Luck!,244,2026-02-01 13:26:17.170573,RITC,9.94,9.93,9.94,188800.0,5000.0,197400.0,0,0,0,0,0,0,0,0,0,0,0,0,0,0,0,0,0
,,,,,,244,2026-02-01 13:26:17.170573,COMP,25.34,25.31,25.34,109600.0,20000.0,135700.0,0,0,0,0,0,0,0,0,0,0,0,0,0,0,0,0,0
1.0,1.0,1.0,,Welcome to the RITC 2026 Liquidity Risk Case - practice server,Good Luck!,245,2026-02-01 13:26:18.200453,RITC,9.95,9.93,9.95,188800.0,5000.0,193400.0,0,0,0,0,0,0,0,0,0,0,0,0,0,0,0,0,0
,,,,,,245,2026-02-01 13:26:18.200453,COMP,25.35,25.31,25.35,109600.0,20000.0,135400.0,0,0,0,0,0,0,0,0,0,0,0,0,0,0,0,0,0
1.0,1.0,1.0,,Welcome to the RITC 2026 Liquidity Risk Case - practice server,Good Luck!,246,2026-02-01 13:26:19.235116,RITC,9.95,9.95,9.96,188200.0,5000.0,196700.0,0,0,0,0,0,0,0,0,0,0,0,0,0,0,0,0,0
,,,,,,246,2026-02-01 13:26:19.235116,COMP,25.35,25.31,25.35,109600.0,20000.0,136400.0,0,0,0,0,0,0,0,0,0,0,0,0,0,0,0,0,0
1.0,1.0,1.0,,Welcome to the RITC 2026 Liquidity Risk Case - practice server,Good Luck!,247,2026-02-01 13:26:20.256640,RITC,9.96,9.95,9.96,188300.0,5000.0,196400.0,0,0,0,0,0,0,0,0,0,0,0,0,0,0,0,0,0
,,,,,,247,2026-02-01 13:26:20.256640,COMP,25.35,25.31,25.33,109600.0,20000.0,133500.0,0,0,0,0,0,0,0,0,0,0,0,0,0,0,0,0,0
1.0,1.0,1.0,,Welcome to the RITC 2026 Liquidity Risk Case - practice server,Good Luck!,248,2026-02-01 13:26:21.274082,RITC,9.96,9.95,9.96,183400.0,5000.0,196400.0,0,0,0,0,0,0,0,0,0,0,0,0,0,0,0,0,0
,,,,,,248,2026-02-01 13:26:21.274082,COMP,25.31,25.31,25.33,109600.0,20000.0,133500.0,0,0,0,0,0,0,0,0,0,0,0,0,0,0,0,0,0
1.0,1.0,1.0,,Welcome to the RITC 2026 Liquidity Risk Case - practice server,Good Luck!,249,2026-02-01 13:26:22.300034,RITC,9.96,9.97,9.98,188300.0,5000.0,196300.0,0,0,0,0,0,0,0,0,0,0,0,0,0,0,0,0,0
,,,,,,249,2026-02-01 13:26:22.300034,COMP,25.27,25.27,25.33,111500.0,20000.0,134200.0,0,0,0,0,0,0,0,0,0,0,0,0,0,0,0,0,0
1.0,1.0,1.0,,Welcome to the RITC 2026 Liquidity Risk Case - practice server,Good Luck!,250,2026-02-01 13:26:23.330335,RITC,9.99,9.97,9.99,188300.0,5000.0,197400.0,0,0,0,0,0,0,0,0,0,0,0,0,0,0,0,0,0
,,,,,,250,2026-02-01 13:26:23.330335,COMP,25.27,25.27,25.33,111500.0,20000.0,134600.0,0,0,0,0,0,0,0,0,0,0,0,0,0,0,0,0,0
1.0,1.0,1.0,,Welcome to the RITC 2026 Liquidity Risk Case - practice server,Good Luck!,251,2026-02-01 13:26:24.353909,RITC,10.0,9.98,10.0,190400.0,5000.0,198900.0,0,0,0,0,0,0,0,0,0,0,0,0,0,0,0,0,0
,,,,,,251,2026-02-01 13:26:24.353909,COMP,25.27,25.27,25.33,111500.0,20000.0,134600.0,0,0,0,0,0,0,0,0,0,0,0,0,0,0,0,0,0
1.0,1.0,1.0,,Welcome to the RITC 2026 Liquidity Risk Case - practice server,Good Luck!,252,2026-02-01 13:26:25.372241,RITC,10.0,9.99,10.0,190800.0,5000.0,198900.0,0,0,0,0,0,0,0,0,0,0,0,0,0,0,0,0,0
,,,,,,252,2026-02-01 13:26:25.372241,COMP,25.24,25.24,25.33,109500.0,20000.0,134600.0,0,0,0,0,0,0,0,0,0,0,0,0,0,0,0,0,0
1.0,1.0,1.0,,Welcome to the RITC 2026 Liquidity Risk Case - practice server,Good Luck!,253,2026-02-01 13:26:26.405038,RITC,10.0,9.99,10.0,188200.0,5000.0,197100.0,0,0,0,0,0,0,0,0,0,0,0,0,0,0,0,0,0
,,,,,,253,2026-02-01 13:26:26.405038,COMP,25.24,25.24,25.33,109500.0,20000.0,134600.0,0,0,0,0,0,0,0,0,0,0,0,0,0,0,0,0,0
1.0,1.0,1.0,,Welcome to the RITC 2026 Liquidity Risk Case - practice server,Good Luck!,254,2026-02-01 13:26:27.432852,RITC,10.01,9.99,10.01,158900.0,14000.0,195500.0,,0,0,0,0,0,0,0,0,0,0,0,0,0,0,0,0
,,,,,,254,2026-02-01 13:26:27.432852,COMP,25.24,25.24,25.29,109500.0,,133800.0,20000.0,0,0,0,0,0,0,0,0,0,0,0,0,0,0,0,0
1.0,1.0,1.0,,Welcome to the RITC 2026 Liquidity Risk Case - practice server,Good Luck!,255,2026-02-01 13:26:28.457017,RITC,10.01,9.99,10.01,158900.0,14000.0,191100.0,,0,0,0,0,0,0,0,0,0,0,0,0,0,0,0,0
,,,,,,255,2026-02-01 13:26:28.457017,COMP,25.24,25.24,25.28,109500.0,,134300.0,20000.0,0,0,0,0,0,0,0,0,0,0,0,0,0,0,0,0
1.0,1.0,1.0,,Welcome to the RITC 2026 Liquidity Risk Case - practice server,Good Luck!,256,2026-02-01 13:26:29.473994,RITC,10.02,9.99,10.02,158100.0,14000.0,194500.0,,0,0,0,0,0,0,0,0,0,0,0,0,0,0,0,0
,,,,,,256,2026-02-01 13:26:29.473994,COMP,25.23,25.23,25.28,110100.0,,134300.0,20000.0,0,0,0,0,0,0,0,0,0,0,0,0,0,0,0,0
1.0,1.0,1.0,,Welcome to the RITC 2026 Liquidity Risk Case - practice server,Good Luck!,257,2026-02-01 13:26:30.490734,RITC,10.02,9.99,10.02,158100.0,14000.0,196400.0,,0,0,0,0,0,0,0,0,0,0,0,0,0,0,0,0
,,,,,,257,2026-02-01 13:26:30.490734,COMP,25.23,25.23,25.26,110100.0,,135100.0,20000.0,0,0,0,0,0,0,0,0,0,0,0,0,0,0,0,0
1.0,1.0,1.0,,Welcome to the RITC 2026 Liquidity Risk Case - practice server,Good Luck!,258,2026-02-01 13:26:31.523441,RITC,10.04,10.02,10.04,198100.0,194100.0,,0,0,0,0,0,0,0,0,0,0,0,0,0,0,0,0,0
,,,,,,258,2026-02-01 13:26:31.523441,COMP,25.23,25.23,25.26,110100.0,133800.0,20000.0,0,0,0,0,0,0,0,0,0,0,0,0,0,0,0,0,0
1.0,1.0,1.0,,Welcome to the RITC 2026 Liquidity Risk Case - practice server,Good Luck!,259,2026-02-01 13:26:32.556209,RITC,10.06,10.02,10.06,198100.0,199200.0,,0,0,0,0,0,0,0,0,0,0,0,0,0,0,0,0,0
,,,,,,259,2026-02-01 13:26:32.556209,COMP,25.19,25.19,25.26,117800.0,133800.0,15000.0,0,0,0,0,0,0,0,0,0,0,0,0,0,0,0,0,0
1.0,1.0,1.0,,Welcome to the RITC 2026 Liquidity Risk Case - practice server,Good Luck!,260,2026-02-01 13:26:33.573416,RITC,10.07,10.02,10.07,198300.0,199100.0,,0,0,0,0,0,0,0,0,0,0,0,0,0,0,0,0,0
,,,,,,260,2026-02-01 13:26:33.573416,COMP,25.24,25.24,25.26,115900.0,133800.0,15000.0,0,0,0,0,0,0,0,0,0,0,0,0,0,0,0,0,0
1.0,1.0,1.0,,Welcome to the RITC 2026 Liquidity Risk Case - practice server,Good Luck!,261,2026-02-01 13:26:34.613070,RITC,10.07,10.04,10.07,199400.0,199100.0,,0,0,0,0,0,0,0,0,0,0,0,0,0,0,0,0,0
,,,,,,261,2026-02-01 13:26:34.613070,COMP,25.24,25.24,25.26,115900.0,135900.0,15000.0,0,0,0,0,0,0,0,0,0,0,0,0,0,0,0,0,0
1.0,1.0,1.0,,Welcome to the RITC 2026 Liquidity Risk Case - practice server,Good Luck!,262,2026-02-01 13:26:35.638763,RITC,10.07,10.06,10.07,200300.0,199100.0,,0,0,0,0,0,0,0,0,0,0,0,0,0,0,0,0,0
,,,,,,262,2026-02-01 13:26:35.638763,COMP,25.24,25.19,25.2,117800.0,135600.0,15000.0,0,0,0,0,0,0,0,0,0,0,0,0,0,0,0,0,0
1.0,1.0,1.0,,Welcome to the RITC 2026 Liquidity Risk Case - practice server,Good Luck!,263,2026-02-01 13:26:36.655608,RITC,10.07,10.06,10.07,202800.0,196500.0,,0,0,0,0,0,0,0,0,0,0,0,0,0,0,0,0,0
,,,,,,263,2026-02-01 13:26:36.655608,COMP,25.18,25.18,25.2,123900.0,137100.0,10000.0,0,0,0,0,0,0,0,0,0,0,0,0,0,0,0,0,0
1.0,1.0,1.0,,Welcome to the RITC 2026 Liquidity Risk Case - practice server,Good Luck!,264,2026-02-01 13:26:37.687741,RITC,10.07,10.06,10.07,202800.0,184800.0,,0,0,0,0,0,0,0,0,0,0,0,0,0,0,0,0,0
,,,,,,264,2026-02-01 13:26:37.687741,COMP,25.25,25.18,25.25,123900.0,137200.0,10000.0,0,0,0,0,0,0,0,0,0,0,0,0,0,0,0,0,0
1.0,1.0,1.0,,Welcome to the RITC 2026 Liquidity Risk Case - practice server,Good Luck!,265,2026-02-01 13:26:38.709845,RITC,10.07,10.06,10.07,202200.0,184800.0,0,0,0,0,0,0,0,0,0,0,0,0,0,0,0,0,0,0
,,,,,,265,2026-02-01 13:26:38.709845,COMP,25.17,25.17,25.25,138200.0,136600.0,0,0,0,0,0,0,0,0,0,0,0,0,0,0,0,0,0,0
1.0,1.0,1.0,,Welcome to the RITC 2026 Liquidity Risk Case - practice server,Good Luck!,266,2026-02-01 13:26:39.740348,RITC,10.08,10.06,10.08,202200.0,157600.0,0,0,0,0,0,0,0,0,0,0,0,0,0,0,0,0,0,0
,,,,,,266,2026-02-01 13:26:39.740348,COMP,25.17,25.17,25.22,138200.0,137600.0,0,0,0,0,0,0,0,0,0,0,0,0,0,0,0,0,0,0
1.0,1.0,1.0,,Welcome to the RITC 2026 Liquidity Risk Case - practice server,Good Luck!,267,2026-02-01 13:26:40.764456,RITC,9.91,10.07,10.08,200300.0,157600.0,0,0,0,0,0,0,0,0,0,0,0,0,0,0,0,0,0,0
,,,,,,267,2026-02-01 13:26:40.764456,COMP,25.17,25.17,25.22,138200.0,139500.0,0,0,0,0,0,0,0,0,0,0,0,0,0,0,0,0,0,0
1.0,1.0,1.0,,Welcome to the RITC 2026 Liquidity Risk Case - practice server,Good Luck!,268,2026-02-01 13:26:41.790256,RITC,10.09,10.09,10.1,200100.0,140400.0,0,0,0,0,0,0,0,0,0,0,0,0,0,0,0,0,0,0
,,,,,,268,2026-02-01 13:26:41.790256,COMP,25.16,25.16,25.22,137400.0,140300.0,0,0,0,0,0,0,0,0,0,0,0,0,0,0,0,0,0,0
1.0,1.0,1.0,,Welcome to the RITC 2026 Liquidity Risk Case - practice server,Good Luck!,270,2026-02-01 13:26:42.815507,RITC,10.1,10.09,10.1,197600.0,129400.0,0,0,0,0,0,0,0,0,0,0,0,0,0,0,0,0,0,0
,,,,,,270,2026-02-01 13:26:42.815507,COMP,25.16,25.16,25.22,137400.0,140300.0,0,0,0,0,0,0,0,0,0,0,0,0,0,0,0,0,0,0
1.0,1.0,1.0,,Welcome to the RITC 2026 Liquidity Risk Case - practice server,Good Luck!,271,2026-02-01 13:26:43.845681,RITC,10.1,10.09,10.1,196200.0,129400.0,0,0,0,0,0,0,0,0,0,0,0,0,0,0,0,0,0,0
,,,,,,271,2026-02-01 13:26:43.845681,COMP,25.23,25.16,25.23,137400.0,139800.0,0,0,0,0,0,0,0,0,0,0,0,0,0,0,0,0,0,0
1.0,1.0,1.0,,Welcome to the RITC 2026 Liquidity Risk Case - practice server,Good Luck!,272,2026-02-01 13:26:44.865435,RITC,10.1,10.09,10.1,196700.0,117600.0,0,0,0,0,0,0,0,0,0,0,0,0,0,0,0,0,0,0
,,,,,,272,2026-02-01 13:26:44.865435,COMP,25.16,25.16,25.2,138600.0,140300.0,0,0,0,0,0,0,0,0,0,0,0,0,0,0,0,0,0,0
1.0,1.0,1.0,,Welcome to the RITC 2026 Liquidity Risk Case - practice server,Good Luck!,273,2026-02-01 13:26:45.891235,RITC,10.1,10.1,10.12,197600.0,97100.0,0,0,0,0,0,0,0,0,0,0,0,0,0,0,0,0,0,0
,,,,,,273,2026-02-01 13:26:45.891235,COMP,25.16,25.16,25.2,138600.0,140300.0,0,0,0,0,0,0,0,0,0,0,0,0,0,0,0,0,0,0
1.0,1.0,1.0,,Welcome to the RITC 2026 Liquidity Risk Case - practice server,Good Luck!,274,2026-02-01 13:26:46.906002,RITC,10.1,10.1,10.12,197000.0,97100.0,0,0,0,0,0,0,0,0,0,0,0,0,0,0,0,0,0,0
,,,,,,274,2026-02-01 13:26:46.906002,COMP,25.16,25.16,25.2,138600.0,138700.0,0,0,0,0,0,0,0,0,0,0,0,0,0,0,0,0,0,0
1.0,1.0,1.0,,Welcome to the RITC 2026 Liquidity Risk Case - practice server,Good Luck!,275,2026-02-01 13:26:47.929396,RITC,10.13,10.1,10.13,197700.0,97100.0,0,0,0,0,0,0,0,0,0,0,0,0,0,0,0,0,0,0
,,,,,,275,2026-02-01 13:26:47.929396,COMP,25.32,25.16,25.2,138300.0,138700.0,0,0,0,0,0,0,0,0,0,0,0,0,0,0,0,0,0,0
1.0,1.0,1.0,,Welcome to the RITC 2026 Liquidity Risk Case - practice server,Good Luck!,276,2026-02-01 13:26:48.956872,RITC,10.13,10.1,10.13,197200.0,98100.0,0,0,0,0,0,0,0,0,0,0,0,0,0,0,0,0,0,0
,,,,,,276,2026-02-01 13:26:48.956872,COMP,25.32,25.16,25.2,138300.0,138700.0,0,0,0,0,0,0,0,0,0,0,0,0,0,0,0,0,0,0
1.0,1.0,1.0,,Welcome to the RITC 2026 Liquidity Risk Case - practice server,Good Luck!,277,2026-02-01 13:26:49.983871,RITC,10.13,10.15,10.16,199300.0,98400.0,0,0,0,0,0,0,0,0,0,0,0,0,0,0,0,0,0,0
,,,,,,277,2026-02-01 13:26:49.983871,COMP,25.2,25.16,25.17,138300.0,138100.0,0,0,0,0,0,0,0,0,0,0,0,0,0,0,0,0,0,0
1.0,1.0,1.0,,Welcome to the RITC 2026 Liquidity Risk Case - practice server,Good Luck!,278,2026-02-01 13:26:50.999478,RITC,10.17,10.17,10.18,199500.0,95000.0,0,0,0,0,0,0,0,0,0,0,0,0,0,0,0,0,0,0
,,,,,,278,2026-02-01 13:26:50.999478,COMP,25.16,25.16,25.17,138300.0,138100.0,0,0,0,0,0,0,0,0,0,0,0,0,0,0,0,0,0,0
1.0,1.0,1.0,,Welcome to the RITC 2026 Liquidity Risk Case - practice server,Good Luck!,279,2026-02-01 13:26:52.029661,RITC,10.17,10.17,10.18,200000.0,95000.0,,0,0,0,0,0,0,0,0,0,0,0,0,0,0,0,0,0
,,,,,,279,2026-02-01 13:26:52.029661,COMP,25.16,25.16,25.17,137200.0,131200.0,5000.0,0,0,0,0,0,0,0,0,0,0,0,0,0,0,0,0,0
1.0,1.0,1.0,,Welcome to the RITC 2026 Liquidity Risk Case - practice server,Good Luck!,280,2026-02-01 13:26:53.058691,RITC,10.19,10.17,10.19,197700.0,94700.0,,0,0,0,0,0,0,0,0,0,0,0,0,0,0,0,0,0
,,,,,,280,2026-02-01 13:26:53.058691,COMP,25.17,25.16,25.17,137200.0,125500.0,10000.0,0,0,0,0,0,0,0,0,0,0,0,0,0,0,0,0,0
1.0,1.0,1.0,,Welcome to the RITC 2026 Liquidity Risk Case - practice server,Good Luck!,281,2026-02-01 13:26:54.083141,RITC,10.19,10.17,10.19,197400.0,97000.0,,0,0,0,0,0,0,0,0,0,0,0,0,0,0,0,0,0
,,,,,,281,2026-02-01 13:26:54.083141,COMP,25.17,25.16,25.17,137200.0,131400.0,5000.0,0,0,0,0,0,0,0,0,0,0,0,0,0,0,0,0,0
1.0,1.0,1.0,,Welcome to the RITC 2026 Liquidity Risk Case - practice server,Good Luck!,282,2026-02-01 13:26:55.114221,RITC,10.19,10.18,10.19,197900.0,97000.0,,0,0,0,0,0,0,0,0,0,0,0,0,0,0,0,0,0
,,,,,,282,2026-02-01 13:26:55.114221,COMP,25.15,25.15,25.17,139400.0,131400.0,5000.0,0,0,0,0,0,0,0,0,0,0,0,0,0,0,0,0,0
1.0,1.0,1.0,,Welcome to the RITC 2026 Liquidity Risk Case - practice server,Good Luck!,283,2026-02-01 13:26:56.135330,RITC,10.2,10.18,10.2,197900.0,99000.0,0,0,0,0,0,0,0,0,0,0,0,0,0,0,0,0,0,0
,,,,,,283,2026-02-01 13:26:56.135330,COMP,25.15,25.15,25.17,139400.0,137300.0,0,0,0,0,0,0,0,0,0,0,0,0,0,0,0,0,0,0
1.0,1.0,1.0,,Welcome to the RITC 2026 Liquidity Risk Case - practice server,Good Luck!,284,2026-02-01 13:26:57.163504,RITC,10.2,10.18,10.2,198100.0,99000.0,,0,0,0,0,0,0,0,0,0,0,0,0,0,0,0,0,0
,,,,,,284,2026-02-01 13:26:57.163504,COMP,25.14,25.14,25.16,140800.0,132100.0,5000.0,0,0,0,0,0,0,0,0,0,0,0,0,0,0,0,0,0
1.0,1.0,1.0,,Welcome to the RITC 2026 Liquidity Risk Case - practice server,Good Luck!,285,2026-02-01 13:26:58.189043,RITC,10.2,10.19,10.2,199500.0,99000.0,,0,0,0,0,0,0,0,0,0,0,0,0,0,0,0,0,0
,,,,,,285,2026-02-01 13:26:58.189043,COMP,25.14,25.14,25.16,140800.0,132800.0,5000.0,0,0,0,0,0,0,0,0,0,0,0,0,0,0,0,0,0
1.0,1.0,1.0,,Welcome to the RITC 2026 Liquidity Risk Case - practice server,Good Luck!,286,2026-02-01 13:26:59.207157,RITC,10.2,10.19,10.2,198400.0,99800.0,,0,0,0,0,0,0,0,0,0,0,0,0,0,0,0,0,0
,,,,,,286,2026-02-01 13:26:59.207157,COMP,25.14,25.14,25.16,140800.0,132800.0,5000.0,0,0,0,0,0,0,0,0,0,0,0,0,0,0,0,0,0
1.0,1.0,1.0,,Welcome to the RITC 2026 Liquidity Risk Case - practice server,Good Luck!,287,2026-02-01 13:27:00.225326,RITC,10.21,10.19,10.21,198400.0,98000.0,,0,0,0,0,0,0,0,0,0,0,0,0,0,0,0,0,0
,,,,,,287,2026-02-01 13:27:00.225326,COMP,25.13,25.13,25.16,139700.0,125300.0,10000.0,0,0,0,0,0,0,0,0,0,0,0,0,0,0,0,0,0
1.0,1.0,1.0,,Welcome to the RITC 2026 Liquidity Risk Case - practice server,Good Luck!,288,2026-02-01 13:27:01.254240,RITC,10.22,10.21,10.22,198300.0,95600.0,,0,0,0,0,0,0,0,0,0,0,0,0,0,0,0,0,0
,,,,,,288,2026-02-01 13:27:01.254240,COMP,25.16,25.13,25.16,139700.0,131700.0,5000.0,0,0,0,0,0,0,0,0,0,0,0,0,0,0,0,0,0
1.0,1.0,1.0,,Welcome to the RITC 2026 Liquidity Risk Case - practice server,Good Luck!,289,2026-02-01 13:27:02.289353,RITC,10.24,10.21,10.24,198300.0,92700.0,,0,0,0,0,0,0,0,0,0,0,0,0,0,0,0,0,0
,,,,,,289,2026-02-01 13:27:02.289353,COMP,25.12,25.12,25.16,138700.0,131700.0,5000.0,0,0,0,0,0,0,0,0,0,0,0,0,0,0,0,0,0
1.0,1.0,1.0,,Welcome to the RITC 2026 Liquidity Risk Case - practice server,Good Luck!,290,2026-02-01 13:27:03.309100,RITC,10.26,10.22,10.26,198500.0,91600.0,,0,0,0,0,0,0,0,0,0,0,0,0,0,0,0,0,0
,,,,,,290,2026-02-01 13:27:03.309100,COMP,25.12,25.12,25.16,138700.0,131700.0,5000.0,0,0,0,0,0,0,0,0,0,0,0,0,0,0,0,0,0
1.0,1.0,1.0,,Welcome to the RITC 2026 Liquidity Risk Case - practice server,Good Luck!,291,2026-02-01 13:27:04.329126,RITC,10.26,10.28,10.31,199900.0,91800.0,,0,0,0,0,0,0,0,0,0,0,0,0,0,0,0,0,0
,,,,,,291,2026-02-01 13:27:04.329126,COMP,25.12,25.12,25.15,140300.0,133500.0,5000.0,0,0,0,0,0,0,0,0,0,0,0,0,0,0,0,0,0
1.0,1.0,1.0,,Welcome to the RITC 2026 Liquidity Risk Case - practice server,Good Luck!,292,2026-02-01 13:27:05.349022,RITC,10.26,10.28,10.31,199400.0,91800.0,,0,0,0,0,0,0,0,0,0,0,0,0,0,0,0,0,0
,,,,,,292,2026-02-01 13:27:05.349022,COMP,25.12,25.12,25.15,140300.0,133500.0,5000.0,0,0,0,0,0,0,0,0,0,0,0,0,0,0,0,0,0
1.0,1.0,1.0,,Welcome to the RITC 2026 Liquidity Risk Case - practice server,Good Luck!,293,2026-02-01 13:27:06.381968,RITC,10.26,10.3,10.31,200200.0,91800.0,,0,0,0,0,0,0,0,0,0,0,0,0,0,0,0,0,0
,,,,,,293,2026-02-01 13:27:06.381968,COMP,25.16,25.1,25.16,139400.0,131700.0,5000.0,0,0,0,0,0,0,0,0,0,0,0,0,0,0,0,0,0
1.0,1.0,1.0,,Welcome to the RITC 2026 Liquidity Risk Case - practice server,Good Luck!,294,2026-02-01 13:27:07.408987,RITC,10.32,10.31,10.32,198500.0,94000.0,0,0,0,0,0,0,0,0,0,0,0,0,0,0,0,0,0,0
,,,,,,294,2026-02-01 13:27:07.408987,COMP,25.09,25.09,25.17,142100.0,138000.0,0,0,0,0,0,0,0,0,0,0,0,0,0,0,0,0,0,0
1.0,1.0,1.0,,Welcome to the RITC 2026 Liquidity Risk Case - practice server,Good Luck!,295,2026-02-01 13:27:08.443981,RITC,10.33,10.3,10.33,200200.0,97400.0,0,0,0,0,0,0,0,0,0,0,0,0,0,0,0,0,0,0
,,,,,,295,2026-02-01 13:27:08.443981,COMP,25.09,25.09,25.17,142100.0,138000.0,0,0,0,0,0,0,0,0,0,0,0,0,0,0,0,0,0,0
1.0,1.0,1.0,,Welcome to the RITC 2026 Liquidity Risk Case - practice server,Good Luck!,296,2026-02-01 13:27:09.459242,RITC,10.33,10.3,10.33,200200.0,97400.0,0,0,0,0,0,0,0,0,0,0,0,0,0,0,0,0,0,0
,,,,,,296,2026-02-01 13:27:09.459242,COMP,25.18,25.09,25.18,142100.0,136500.0,0,0,0,0,0,0,0,0,0,0,0,0,0,0,0,0,0,0
1.0,1.0,1.0,,Welcome to the RITC 2026 Liquidity Risk Case - practice server,Good Luck!,297,2026-02-01 13:27:10.478959,RITC,10.33,10.32,10.33,196100.0,97400.0,0,0,0,0,0,0,0,0,0,0,0,0,0,0,0,0,0,0
,,,,,,297,2026-02-01 13:27:10.478959,COMP,25.09,25.08,25.09,141300.0,136700.0,0,0,0,0,0,0,0,0,0,0,0,0,0,0,0,0,0,0
1.0,1.0,1.0,,Welcome to the RITC 2026 Liquidity Risk Case - practice server,Good Luck!,298,2026-02-01 13:27:11.500070,RITC,10.33,10.32,10.33,194500.0,97400.0,0,0,0,0,0,0,0,0,0,0,0,0,0,0,0,0,0,0
,,,,,,298,2026-02-01 13:27:11.500070,COMP,25.08,25.08,25.09,142800.0,135900.0,0,0,0,0,0,0,0,0,0,0,0,0,0,0,0,0,0,0
1.0,1.0,1.0,,Welcome to the RITC 2026 Liquidity Risk Case - practice server,Good Luck!,299,2026-02-01 13:27:12.529746,RITC,10.33,10.32,10.33,195000.0,98400.0,0,0,0,0,0,0,0,0,0,0,0,0,0,0,0,0,0,0
,,,,,,299,2026-02-01 13:27:12.529746,COMP,25.08,25.08,25.09,142800.0,136700.0,0,0,0,0,0,0,0,0,0,0,0,0,0,0,0,0,0,0
1.0,1.0,1.0,,Welcome to the RITC 2026 Liquidity Risk Case - practice server,Good Luck!,300,2026-02-01 13:27:13.558767,RITC,10.33,10.34,10.35,200800.0,97100.0,0,0,0,0,0,0,0,0,0,0,0,0,0,0,0,0,0,0
,,,,,,300,2026-02-01 13:27:13.558767,COMP,25.07,25.07,25.09,144000.0,136700.0,0,0,0,0,0,0,0,0,0,0,0,0,0,0,0,0,0,0
1.0,1.0,1.0,,Welcome to the RITC 2026 Liquidity Risk Case - practice server,Good Luck!,301,2026-02-01 13:27:14.582071,RITC,10.35,10.34,10.35,200100.0,97100.0,,0,0,0,0,0,0,0,0,0,0,0,0,0,0,0,0,0
,,,,,,301,2026-02-01 13:27:14.582071,COMP,25.07,25.07,25.08,144000.0,131500.0,3000.0,0,0,0,0,0,0,0,0,0,0,0,0,0,0,0,0,0
1.0,1.0,1.0,,Welcome to the RITC 2026 Liquidity Risk Case - practice server,Good Luck!,302,2026-02-01 13:27:15.599329,RITC,10.36,10.36,10.37,197200.0,94700.0,0,0,0,0,0,0,0,0,0,0,0,0,0,0,0,0,0,0
,,,,,,302,2026-02-01 13:27:15.599329,COMP,25.08,25.08,25.09,141800.0,137600.0,0,0,0,0,0,0,0,0,0,0,0,0,0,0,0,0,0,0
1.0,1.0,1.0,,Welcome to the RITC 2026 Liquidity Risk Case - practice server,Good Luck!,303,2026-02-01 13:27:16.629610,RITC,10.37,10.36,10.37,199600.0,94700.0,0,0,0,0,0,0,0,0,0,0,0,0,0,0,0,0,0,0
,,,,,,303,2026-02-01 13:27:16.629610,COMP,25.06,25.06,25.09,144500.0,137600.0,0,0,0,0,0,0,0,0,0,0,0,0,0,0,0,0,0,0
1.0,1.0,1.0,,Welcome to the RITC 2026 Liquidity Risk Case - practice server,Good Luck!,304,2026-02-01 13:27:17.661247,RITC,10.37,10.37,10.39,203300.0,95600.0,0,0,0,0,0,0,0,0,0,0,0,0,0,0,0,0,0,0
,,,,,,304,2026-02-01 13:27:17.661247,COMP,25.06,25.06,25.08,144500.0,136800.0,0,0,0,0,0,0,0,0,0,0,0,0,0,0,0,0,0,0
1.0,1.0,1.0,,Welcome to the RITC 2026 Liquidity Risk Case - practice server,Good Luck!,305,2026-02-01 13:27:18.695018,RITC,10.37,10.37,10.39,206300.0,95600.0,0,0,0,0,0,0,0,0,0,0,0,0,0,0,0,0,0,0
,,,,,,305,2026-02-01 13:27:18.695018,COMP,25.09,25.06,25.09,144500.0,137600.0,0,0,0,0,0,0,0,0,0,0,0,0,0,0,0,0,0,0
1.0,1.0,1.0,,Welcome to the RITC 2026 Liquidity Risk Case - practice server,Good Luck!,306,2026-02-01 13:27:19.718823,RITC,10.39,10.41,10.43,204500.0,96100.0,0,0,0,0,0,0,0,0,0,0,0,0,0,0,0,0,0,0
,,,,,,306,2026-02-01 13:27:19.718823,COMP,25.1,25.07,25.1,144900.0,137000.0,0,0,0,0,0,0,0,0,0,0,0,0,0,0,0,0,0,0
1.0,1.0,1.0,,Welcome to the RITC 2026 Liquidity Risk Case - practice server,Good Luck!,307,2026-02-01 13:27:20.763763,RITC,10.39,10.41,10.43,203900.0,96100.0,0,0,0,0,0,0,0,0,0,0,0,0,0,0,0,0,0,0
,,,,,,307,2026-02-01 13:27:20.763763,COMP,25.1,25.07,25.1,142900.0,138900.0,0,0,0,0,0,0,0,0,0,0,0,0,0,0,0,0,0,0
1.0,1.0,1.0,,Welcome to the RITC 2026 Liquidity Risk Case - practice server,Good Luck!,308,2026-02-01 13:27:21.798541,RITC,10.43,10.41,10.43,202100.0,96000.0,0,0,0,0,0,0,0,0,0,0,0,0,0,0,0,0,0,0
,,,,,,308,2026-02-01 13:27:21.798541,COMP,25.11,25.07,25.11,142900.0,138300.0,0,0,0,0,0,0,0,0,0,0,0,0,0,0,0,0,0,0
1.0,1.0,1.0,,Welcome to the RITC 2026 Liquidity Risk Case - practice server,Good Luck!,309,2026-02-01 13:27:22.835188,RITC,10.43,10.42,10.43,198300.0,96000.0,0,0,0,0,0,0,0,0,0,0,0,0,0,0,0,0,0,0
,,,,,,309,2026-02-01 13:27:22.835188,COMP,25.11,25.15,25.16,140900.0,136300.0,0,0,0,0,0,0,0,0,0,0,0,0,0,0,0,0,0,0
1.0,1.0,1.0,,Welcome to the RITC 2026 Liquidity Risk Case - practice server,Good Luck!,310,2026-02-01 13:27:23.868703,RITC,10.46,10.45,10.46,197500.0,97800.0,0,0,0,0,0,0,0,0,0,0,0,0,0,0,0,0,0,0
,,,,,,310,2026-02-01 13:27:23.868703,COMP,25.11,25.15,25.16,140900.0,138800.0,0,0,0,0,0,0,0,0,0,0,0,0,0,0,0,0,0,0
1.0,1.0,1.0,,Welcome to the RITC 2026 Liquidity Risk Case - practice server,Good Luck!,311,2026-02-01 13:27:24.908469,RITC,10.46,10.45,10.46,197600.0,97800.0,0,0,0,0,0,0,0,0,0,0,0,0,0,0,0,0,0,0
,,,,,,311,2026-02-01 13:27:24.908469,COMP,25.16,25.15,25.16,139800.0,138800.0,0,0,0,0,0,0,0,0,0,0,0,0,0,0,0,0,0,0
1.0,1.0,1.0,,Welcome to the RITC 2026 Liquidity Risk Case - practice server,Good Luck!,312,2026-02-01 13:27:25.943622,RITC,10.46,10.49,10.53,198700.0,94400.0,0,0,0,0,0,0,0,0,0,0,0,0,0,0,0,0,0,0
,,,,,,312,2026-02-01 13:27:25.943622,COMP,25.16,25.15,25.16,138900.0,137800.0,0,0,0,0,0,0,0,0,0,0,0,0,0,0,0,0,0,0
1.0,1.0,1.0,,Welcome to the RITC 2026 Liquidity Risk Case - practice server,Good Luck!,313,2026-02-01 13:27:26.968729,RITC,10.46,10.51,10.53,198800.0,94400.0,0,0,0,0,0,0,0,0,0,0,0,0,0,0,0,0,0,0
,,,,,,313,2026-02-01 13:27:26.968729,COMP,25.16,25.15,25.16,139500.0,137800.0,0,0,0,0,0,0,0,0,0,0,0,0,0,0,0,0,0,0
1.0,1.0,1.0,,Welcome to the RITC 2026 Liquidity Risk Case - practice server,Good Luck!,314,2026-02-01 13:27:27.988626,RITC,10.57,10.55,10.57,198500.0,96100.0,0,0,0,0,0,0,0,0,0,0,0,0,0,0,0,0,0,0
,,,,,,314,2026-02-01 13:27:27.988626,COMP,25.16,25.15,25.16,139500.0,139300.0,0,0,0,0,0,0,0,0,0,0,0,0,0,0,0,0,0,0
1.0,1.0,1.0,,Welcome to the RITC 2026 Liquidity Risk Case - practice server,Good Luck!,315,2026-02-01 13:27:29.003696,RITC,10.57,10.56,10.57,194000.0,96100.0,0,0,0,0,0,0,0,0,0,0,0,0,0,0,0,0,0,0
,,,,,,315,2026-02-01 13:27:29.003696,COMP,25.16,25.15,25.16,139600.0,139300.0,0,0,0,0,0,0,0,0,0,0,0,0,0,0,0,0,0,0
1.0,1.0,1.0,,Welcome to the RITC 2026 Liquidity Risk Case - practice server,Good Luck!,316,2026-02-01 13:27:30.029614,RITC,10.58,10.56,10.58,191700.0,96700.0,,0,0,0,0,0,0,0,0,0,0,0,0,0,0,0,0,0
,,,,,,316,2026-02-01 13:27:30.029614,COMP,25.17,25.15,25.17,109600.0,136800.0,14000.0,0,0,0,0,0,0,0,0,0,0,0,0,0,0,0,0,0
1.0,1.0,1.0,,Welcome to the RITC 2026 Liquidity Risk Case - practice server,Good Luck!,318,2026-02-01 13:27:31.060068,RITC,10.59,10.59,10.61,192100.0,96700.0,,0,0,0,0,0,0,0,0,0,0,0,0,0,0,0,0,0
,,,,,,318,2026-02-01 13:27:31.060068,COMP,25.15,25.14,25.15,116200.0,139300.0,12000.0,0,0,0,0,0,0,0,0,0,0,0,0,0,0,0,0,0
1.0,1.0,1.0,,Welcome to the RITC 2026 Liquidity Risk Case - practice server,Good Luck!,319,2026-02-01 13:27:32.078582,RITC,10.29,10.59,10.61,190300.0,97100.0,,0,0,0,0,0,0,0,0,0,0,0,0,0,0,0,0,0
,,,,,,319,2026-02-01 13:27:32.078582,COMP,25.15,25.15,25.17,115100.0,139300.0,12000.0,0,0,0,0,0,0,0,0,0,0,0,0,0,0,0,0,0
1.0,1.0,1.0,,Welcome to the RITC 2026 Liquidity Risk Case - practice server,Good Luck!,320,2026-02-01 13:27:33.108734,RITC,10.29,10.59,10.61,185600.0,97100.0,,0,0,0,0,0,0,0,0,0,0,0,0,0,0,0,0,0
,,,,,,320,2026-02-01 13:27:33.108734,COMP,25.13,25.13,25.17,124400.0,139300.0,10000.0,0,0,0,0,0,0,0,0,0,0,0,0,0,0,0,0,0
1.0,1.0,1.0,,Welcome to the RITC 2026 Liquidity Risk Case - practice server,Good Luck!,321,2026-02-01 13:27:34.138234,RITC,10.29,10.59,10.61,185900.0,97100.0,10000.0,,0,0,0,0,0,0,0,0,0,0,0,0,0,0,0,0
,,,,,,321,2026-02-01 13:27:34.138234,COMP,25.18,25.13,25.18,124400.0,137900.0,,10000.0,0,0,0,0,0,0,0,0,0,0,0,0,0,0,0,0
1.0,1.0,1.0,,Welcome to the RITC 2026 Liquidity Risk Case - practice server,Good Luck!,322,2026-02-01 13:27:35.155583,RITC,10.62,10.59,10.62,184300.0,100000.0,10000.0,,0,0,0,0,0,0,0,0,0,0,0,0,0,0,0,0
,,,,,,322,2026-02-01 13:27:35.155583,COMP,25.16,25.16,25.18,123200.0,137900.0,,10000.0,0,0,0,0,0,0,0,0,0,0,0,0,0,0,0,0
1.0,1.0,1.0,,Welcome to the RITC 2026 Liquidity Risk Case - practice server,Good Luck!,323,2026-02-01 13:27:36.178131,RITC,10.62,10.61,10.62,183900.0,10000.0,100200.0,,0,0,0,0,0,0,0,0,0,0,0,0,0,0,0,0
,,,,,,323,2026-02-01 13:27:36.178131,COMP,25.18,25.16,25.18,123200.0,,137300.0,10000.0,0,0,0,0,0,0,0,0,0,0,0,0,0,0,0,0
1.0,1.0,1.0,,Welcome to the RITC 2026 Liquidity Risk Case - practice server,Good Luck!,324,2026-02-01 13:27:37.198369,RITC,10.62,10.61,10.62,181700.0,10000.0,100200.0,,0,0,0,0,0,0,0,0,0,0,0,0,0,0,0,0
,,,,,,324,2026-02-01 13:27:37.198369,COMP,25.18,25.17,25.18,123200.0,,138200.0,10000.0,0,0,0,0,0,0,0,0,0,0,0,0,0,0,0,0
1.0,1.0,1.0,,Welcome to the RITC 2026 Liquidity Risk Case - practice server,Good Luck!,325,2026-02-01 13:27:38.218427,RITC,10.63,10.63,10.64,185000.0,100200.0,,0,0,0,0,0,0,0,0,0,0,0,0,0,0,0,0,0
,,,,,,325,2026-02-01 13:27:38.218427,COMP,25.18,25.17,25.18,123300.0,138200.0,10000.0,0,0,0,0,0,0,0,0,0,0,0,0,0,0,0,0,0
1.0,1.0,1.0,,Welcome to the RITC 2026 Liquidity Risk Case - practice server,Good Luck!,326,2026-02-01 13:27:39.237939,RITC,10.65,10.64,10.65,185500.0,99200.0,,0,0,0,0,0,0,0,0,0,0,0,0,0,0,0,0,0
,,,,,,326,2026-02-01 13:27:39.237939,COMP,25.18,25.17,25.18,123300.0,138400.0,10000.0,0,0,0,0,0,0,0,0,0,0,0,0,0,0,0,0,0
1.0,1.0,1.0,,Welcome to the RITC 2026 Liquidity Risk Case - practice server,Good Luck!,327,2026-02-01 13:27:40.252907,RITC,10.65,10.64,10.65,185200.0,99200.0,0,0,0,0,0,0,0,0,0,0,0,0,0,0,0,0,0,0
,,,,,,327,2026-02-01 13:27:40.252907,COMP,25.2,25.17,25.2,137900.0,135400.0,0,0,0,0,0,0,0,0,0,0,0,0,0,0,0,0,0,0
