tick,timestamp,ticker,last_price,bid_price,ask_price,BUY_ANON,SELL_ANON,SELL_COLB-2,SELL_COLA-3,BUY_CNCD-1,BUY_COLB-2,BUY_COLB-1,SELL_COLB-5,SELL_LUIS-1,BUY_LUIS-1,BUY_CHUL-2,SELL_CHUL-2,SELL_OTWA-2,BUY_COLA-4,SELL_CNCD-1,SELL_COLA-4,SELL_ELON-1,BUY_DUBL-6,SELL_COLB-1,BUY_OTWA-2,SELL_BOST-3,SELL_DUBL-6
0,2026-02-01 13:33:24.278676,RITC,0.0,0.0,10.01,196400.0,199500.0,0,0,0,0,0,0,0,0,0,0,0,0,0,0,0,0,0,0,0,0
0,2026-02-01 13:33:24.278676,COMP,0.0,0.0,0.0,138700.0,139000.0,0,0,0,0,0,0,0,0,0,0,0,0,0,0,0,0,0,0,0,0
1.0,1.0,1.0,,Welcome to the RITC 2026 Liquidity Risk Case - practice server,Good Luck!,1,2026-02-01 13:33:25.298568,RITC,10.01,9.99,10.01,196400.0,199500.0,0,0,0,0,0,0,0,0,0,0,0,0,0,0,0,0,0,0,0,0
,,,,,,1,2026-02-01 13:33:25.298568,COMP,24.95,24.95,25.04,138700.0,138500.0,0,0,0,0,0,0,0,0,0,0,0,0,0,0,0,0,0,0,0,0
1.0,1.0,1.0,,Welcome to the RITC 2026 Liquidity Risk Case - practice server,Good Luck!,2,2026-02-01 13:33:26.318709,RITC,10.01,9.99,10.01,197500.0,201200.0,0,0,0,0,0,0,0,0,0,0,0,0,0,0,0,0,0,0,0,0
,,,,,,2,2026-02-01 13:33:26.318709,COMP,24.95,24.95,24.96,138700.0,141500.0,0,0,0,0,0,0,0,0,0,0,0,0,0,0,0,0,0,0,0,0
1.0,1.0,1.0,,Welcome to the RITC 2026 Liquidity Risk Case - practice server,Good Luck!,3,2026-02-01 13:33:27.329017,RITC,9.99,9.99,10.01,197500.0,201200.0,0,0,0,0,0,0,0,0,0,0,0,0,0,0,0,0,0,0,0,0
,,,,,,3,2026-02-01 13:33:27.329017,COMP,24.95,24.95,24.96,138900.0,143300.0,0,0,0,0,0,0,0,0,0,0,0,0,0,0,0,0,0,0,0,0
1.0,1.0,1.0,,Welcome to the RITC 2026 Liquidity Risk Case - practice server,Good Luck!,4,2026-02-01 13:33:28.348333,RITC,9.99,10.0,10.01,198200.0,201200.0,0,0,0,0,0,0,0,0,0,0,0,0,0,0,0,0,0,0,0,0
,,,,,,4,2026-02-01 13:33:28.348333,COMP,24.96,24.95,24.96,138900.0,143300.0,0,0,0,0,0,0,0,0,0,0,0,0,0,0,0,0,0,0,0,0
1.0,1.0,1.0,,Welcome to the RITC 2026 Liquidity Risk Case - practice server,Good Luck!,5,2026-02-01 13:33:29.377127,RITC,10.02,10.0,10.02,198200.0,199300.0,0,0,0,0,0,0,0,0,0,0,0,0,0,0,0,0,0,0,0,0
,,,,,,5,2026-02-01 13:33:29.377127,COMP,24.96,24.95,24.96,138900.0,141900.0,0,0,0,0,0,0,0,0,0,0,0,0,0,0,0,0,0,0,0,0
1.0,1.0,1.0,,Welcome to the RITC 2026 Liquidity Risk Case - practice server,Good Luck!,6,2026-02-01 13:33:30.414936,RITC,10.02,10.01,10.02,196000.0,199300.0,0,0,0,0,0,0,0,0,0,0,0,0,0,0,0,0,0,0,0,0
,,,,,,6,2026-02-01 13:33:30.414936,COMP,24.96,24.95,24.96,138900.0,141100.0,0,0,0,0,0,0,0,0,0,0,0,0,0,0,0,0,0,0,0,0
1.0,1.0,1.0,,Welcome to the RITC 2026 Liquidity Risk Case - practice server,Good Luck!,7,2026-02-01 13:33:31.438249,RITC,10.02,10.01,10.02,198100.0,198500.0,0,0,0,0,0,0,0,0,0,0,0,0,0,0,0,0,0,0,0,0
,,,,,,7,2026-02-01 13:33:31.438249,COMP,24.95,24.95,24.96,138700.0,141100.0,0,0,0,0,0,0,0,0,0,0,0,0,0,0,0,0,0,0,0,0
1.0,1.0,1.0,,Welcome to the RITC 2026 Liquidity Risk Case - practice server,Good Luck!,8,2026-02-01 13:33:32.468546,RITC,10.02,10.01,10.02,198100.0,195400.0,0,0,0,0,0,0,0,0,0,0,0,0,0,0,0,0,0,0,0,0
,,,,,,8,2026-02-01 13:33:32.468546,COMP,24.89,24.89,24.96,139400.0,139100.0,0,0,0,0,0,0,0,0,0,0,0,0,0,0,0,0,0,0,0,0
1.0,1.0,1.0,,Welcome to the RITC 2026 Liquidity Risk Case - practice server,Good Luck!,9,2026-02-01 13:33:33.483258,RITC,10.0,10.0,10.02,199000.0,195400.0,0,0,0,0,0,0,0,0,0,0,0,0,0,0,0,0,0,0,0,0
,,,,,,9,2026-02-01 13:33:33.483258,COMP,24.89,24.89,24.92,139400.0,139500.0,0,0,0,0,0,0,0,0,0,0,0,0,0,0,0,0,0,0,0,0
1.0,1.0,1.0,,Welcome to the RITC 2026 Liquidity Risk Case - practice server,Good Luck!,10,2026-02-01 13:33:34.508294,RITC,10.0,10.0,10.01,199000.0,198400.0,0,0,0,0,0,0,0,0,0,0,0,0,0,0,0,0,0,0,0,0
,,,,,,10,2026-02-01 13:33:34.508294,COMP,24.89,24.89,24.92,139700.0,139500.0,0,0,0,0,0,0,0,0,0,0,0,0,0,0,0,0,0,0,0,0
1.0,1.0,1.0,,Welcome to the RITC 2026 Liquidity Risk Case - practice server,Good Luck!,11,2026-02-01 13:33:35.528607,RITC,10.0,10.0,10.01,199000.0,198800.0,0,0,0,0,0,0,0,0,0,0,0,0,0,0,0,0,0,0,0,0
,,,,,,11,2026-02-01 13:33:35.528607,COMP,24.92,24.89,24.92,139700.0,140400.0,0,0,0,0,0,0,0,0,0,0,0,0,0,0,0,0,0,0,0,0
1.0,1.0,1.0,,Welcome to the RITC 2026 Liquidity Risk Case - practice server,Good Luck!,12,2026-02-01 13:33:36.563123,RITC,9.99,9.99,10.02,198100.0,197300.0,0,0,0,0,0,0,0,0,0,0,0,0,0,0,0,0,0,0,0,0
,,,,,,12,2026-02-01 13:33:36.563123,COMP,24.92,24.89,24.92,139700.0,140600.0,0,0,0,0,0,0,0,0,0,0,0,0,0,0,0,0,0,0,0,0
1.0,1.0,1.0,,Welcome to the RITC 2026 Liquidity Risk Case - practice server,Good Luck!,13,2026-02-01 13:33:37.590842,RITC,9.99,10.0,10.02,202100.0,195500.0,0,0,0,0,0,0,0,0,0,0,0,0,0,0,0,0,0,0,0,0
,,,,,,13,2026-02-01 13:33:37.590842,COMP,24.88,24.88,24.92,140600.0,139400.0,0,0,0,0,0,0,0,0,0,0,0,0,0,0,0,0,0,0,0,0
1.0,1.0,1.0,,Welcome to the RITC 2026 Liquidity Risk Case - practice server,Good Luck!,14,2026-02-01 13:33:38.608743,RITC,10.0,10.0,10.02,199100.0,195500.0,0,0,0,0,0,0,0,0,0,0,0,0,0,0,0,0,0,0,0,0
,,,,,,14,2026-02-01 13:33:38.608743,COMP,24.88,24.88,24.92,140300.0,139400.0,0,0,0,0,0,0,0,0,0,0,0,0,0,0,0,0,0,0,0,0
1.0,1.0,1.0,,Welcome to the RITC 2026 Liquidity Risk Case - practice server,Good Luck!,15,2026-02-01 13:33:39.623332,RITC,10.01,10.01,10.02,200300.0,195500.0,0,0,0,0,0,0,0,0,0,0,0,0,0,0,0,0,0,0,0,0
,,,,,,15,2026-02-01 13:33:39.623332,COMP,24.88,24.87,24.88,142000.0,141600.0,0,0,0,0,0,0,0,0,0,0,0,0,0,0,0,0,0,0,0,0
1.0,1.0,1.0,,Welcome to the RITC 2026 Liquidity Risk Case - practice server,Good Luck!,16,2026-02-01 13:33:40.645042,RITC,9.99,9.99,10.02,198400.0,195500.0,0,0,0,0,0,0,0,0,0,0,0,0,0,0,0,0,0,0,0,0
,,,,,,16,2026-02-01 13:33:40.645042,COMP,24.88,24.87,24.88,142000.0,143100.0,0,0,0,0,0,0,0,0,0,0,0,0,0,0,0,0,0,0,0,0
1.0,1.0,1.0,,Welcome to the RITC 2026 Liquidity Risk Case - practice server,Good Luck!,17,2026-02-01 13:33:41.662977,RITC,9.99,10.01,10.02,198300.0,195500.0,0,0,0,0,0,0,0,0,0,0,0,0,0,0,0,0,0,0,0,0
,,,,,,17,2026-02-01 13:33:41.662977,COMP,24.86,24.86,24.88,143500.0,143100.0,0,0,0,0,0,0,0,0,0,0,0,0,0,0,0,0,0,0,0,0
1.0,1.0,1.0,,Welcome to the RITC 2026 Liquidity Risk Case - practice server,Good Luck!,18,2026-02-01 13:33:42.688439,RITC,10.02,10.01,10.02,198300.0,194500.0,0,0,0,0,0,0,0,0,0,0,0,0,0,0,0,0,0,0,0,0
,,,,,,18,2026-02-01 13:33:42.688439,COMP,24.86,24.86,24.88,135700.0,143100.0,0,0,0,0,0,0,0,0,0,0,0,0,0,0,0,0,0,0,0,0
1.0,1.0,1.0,,Welcome to the RITC 2026 Liquidity Risk Case - practice server,Good Luck!,19,2026-02-01 13:33:43.710488,RITC,10.12,10.01,10.02,195600.0,196600.0,0,0,0,0,0,0,0,0,0,0,0,0,0,0,0,0,0,0,0,0
,,,,,,19,2026-02-01 13:33:43.710488,COMP,25.02,24.86,24.88,143200.0,140400.0,0,0,0,0,0,0,0,0,0,0,0,0,0,0,0,0,0,0,0,0
1.0,1.0,1.0,,Welcome to the RITC 2026 Liquidity Risk Case - practice server,Good Luck!,21,2026-02-01 13:33:44.733375,RITC,10.03,10.01,10.03,195600.0,196700.0,,0,0,0,0,0,0,0,0,0,0,0,0,0,0,0,0,0,0,0
,,,,,,21,2026-02-01 13:33:44.733375,COMP,24.88,24.9,24.91,136200.0,140000.0,5000.0,0,0,0,0,0,0,0,0,0,0,0,0,0,0,0,0,0,0,0
1.0,1.0,1.0,,Welcome to the RITC 2026 Liquidity Risk Case - practice server,Good Luck!,22,2026-02-01 13:33:45.767992,RITC,10.01,10.01,10.03,195600.0,197700.0,,0,0,0,0,0,0,0,0,0,0,0,0,0,0,0,0,0,0,0
,,,,,,22,2026-02-01 13:33:45.767992,COMP,24.86,24.86,24.91,136900.0,140000.0,5000.0,0,0,0,0,0,0,0,0,0,0,0,0,0,0,0,0,0,0,0
1.0,1.0,1.0,,Welcome to the RITC 2026 Liquidity Risk Case - practice server,Good Luck!,23,2026-02-01 13:33:46.788138,RITC,10.01,10.02,10.03,197200.0,197700.0,,0,0,0,0,0,0,0,0,0,0,0,0,0,0,0,0,0,0,0
,,,,,,23,2026-02-01 13:33:46.788138,COMP,24.86,24.86,24.91,136900.0,140000.0,5000.0,0,0,0,0,0,0,0,0,0,0,0,0,0,0,0,0,0,0,0
1.0,1.0,1.0,,Welcome to the RITC 2026 Liquidity Risk Case - practice server,Good Luck!,24,2026-02-01 13:33:47.808371,RITC,10.01,10.02,10.03,198300.0,197700.0,,0,0,0,0,0,0,0,0,0,0,0,0,0,0,0,0,0,0,0
,,,,,,24,2026-02-01 13:33:47.808371,COMP,24.92,24.88,24.92,136700.0,138500.0,5000.0,0,0,0,0,0,0,0,0,0,0,0,0,0,0,0,0,0,0,0
1.0,1.0,1.0,,Welcome to the RITC 2026 Liquidity Risk Case - practice server,Good Luck!,25,2026-02-01 13:33:48.818361,RITC,10.01,10.02,10.03,199000.0,197700.0,,0,0,0,0,0,0,0,0,0,0,0,0,0,0,0,0,0,0,0
,,,,,,25,2026-02-01 13:33:48.818361,COMP,24.92,24.91,24.92,130300.0,138500.0,10000.0,0,0,0,0,0,0,0,0,0,0,0,0,0,0,0,0,0,0,0
1.0,1.0,1.0,,Welcome to the RITC 2026 Liquidity Risk Case - practice server,Good Luck!,26,2026-02-01 13:33:49.847931,RITC,10.03,10.02,10.03,201500.0,195800.0,,0,0,0,0,0,0,0,0,0,0,0,0,0,0,0,0,0,0,0
,,,,,,26,2026-02-01 13:33:49.847931,COMP,24.91,24.93,24.96,122300.0,140800.0,15000.0,0,0,0,0,0,0,0,0,0,0,0,0,0,0,0,0,0,0,0
1.0,1.0,1.0,,Welcome to the RITC 2026 Liquidity Risk Case - practice server,Good Luck!,27,2026-02-01 13:33:50.868230,RITC,10.04,10.02,10.04,201500.0,196500.0,,0,0,0,0,0,0,0,0,0,0,0,0,0,0,0,0,0,0,0
,,,,,,27,2026-02-01 13:33:50.868230,COMP,24.96,24.94,24.96,116000.0,140000.0,20000.0,0,0,0,0,0,0,0,0,0,0,0,0,0,0,0,0,0,0,0
1.0,1.0,1.0,,Welcome to the RITC 2026 Liquidity Risk Case - practice server,Good Luck!,28,2026-02-01 13:33:51.887830,RITC,10.05,10.02,10.05,201500.0,197100.0,,0,0,0,0,0,0,0,0,0,0,0,0,0,0,0,0,0,0,0
,,,,,,28,2026-02-01 13:33:51.887830,COMP,24.96,24.94,24.96,117600.0,140000.0,20000.0,0,0,0,0,0,0,0,0,0,0,0,0,0,0,0,0,0,0,0
1.0,1.0,1.0,,Welcome to the RITC 2026 Liquidity Risk Case - practice server,Good Luck!,29,2026-02-01 13:33:52.918020,RITC,10.05,10.04,10.05,203100.0,196900.0,,0,0,0,0,0,0,0,0,0,0,0,0,0,0,0,0,0,0,0
,,,,,,29,2026-02-01 13:33:52.918020,COMP,24.98,24.97,24.98,115200.0,142000.0,20000.0,0,0,0,0,0,0,0,0,0,0,0,0,0,0,0,0,0,0,0
1.0,1.0,1.0,,Welcome to the RITC 2026 Liquidity Risk Case - practice server,Good Luck!,30,2026-02-01 13:33:53.938255,RITC,10.06,10.05,10.06,205500.0,195000.0,,0,0,0,0,0,0,0,0,0,0,0,0,0,0,0,0,0,0,0
,,,,,,30,2026-02-01 13:33:53.938255,COMP,25.04,24.97,25.04,115200.0,140400.0,20000.0,0,0,0,0,0,0,0,0,0,0,0,0,0,0,0,0,0,0,0
1.0,1.0,1.0,,Welcome to the RITC 2026 Liquidity Risk Case - practice server,Good Luck!,31,2026-02-01 13:33:54.957418,RITC,10.04,10.04,10.06,203800.0,195000.0,,0,0,0,0,0,0,0,0,0,0,0,0,0,0,0,0,0,0,0
,,,,,,31,2026-02-01 13:33:54.957418,COMP,25.04,24.94,25.04,117600.0,140400.0,20000.0,0,0,0,0,0,0,0,0,0,0,0,0,0,0,0,0,0,0,0
1.0,1.0,1.0,,Welcome to the RITC 2026 Liquidity Risk Case - practice server,Good Luck!,32,2026-02-01 13:33:55.967961,RITC,10.06,10.04,10.06,203400.0,193700.0,,0,0,0,0,0,0,0,0,0,0,0,0,0,0,0,0,0,0,0
,,,,,,32,2026-02-01 13:33:55.967961,COMP,25.04,24.94,25.01,117600.0,141700.0,20000.0,0,0,0,0,0,0,0,0,0,0,0,0,0,0,0,0,0,0,0
1.0,1.0,1.0,,Welcome to the RITC 2026 Liquidity Risk Case - practice server,Good Luck!,33,2026-02-01 13:33:56.988149,RITC,10.17,10.05,10.06,3666.0,197400.0,194200.0,,0,0,0,0,0,0,0,0,0,0,0,0,0,0,0,0,0,0,0
,,,,,,33,2026-02-01 13:33:56.988149,COMP,24.93,24.93,24.97,,124200.0,141700.0,15000.0,0,0,0,0,0,0,0,0,0,0,0,0,0,0,0,0,0,0,0
1.0,1.0,1.0,,Welcome to the RITC 2026 Liquidity Risk Case - practice server,Good Luck!,34,2026-02-01 13:33:58.019887,RITC,10.06,10.05,10.06,3666.0,196400.0,197900.0,,0,0,0,0,0,0,0,0,0,0,0,0,0,0,0,0,0,0,0
,,,,,,34,2026-02-01 13:33:58.019887,COMP,24.93,24.93,24.97,,124200.0,142300.0,15000.0,0,0,0,0,0,0,0,0,0,0,0,0,0,0,0,0,0,0,0
1.0,1.0,1.0,,Welcome to the RITC 2026 Liquidity Risk Case - practice server,Good Luck!,35,2026-02-01 13:33:59.037684,RITC,10.07,10.06,10.07,6754.0,185000.0,177300.0,0,0,0,0,0,0,0,0,0,0,0,0,0,0,0,0,0,0,0,0
,,,,,,35,2026-02-01 13:33:59.037684,COMP,24.93,24.91,24.97,,145300.0,140000.0,0,0,0,0,0,0,0,0,0,0,0,0,0,0,0,0,0,0,0,0
1.0,1.0,1.0,,Welcome to the RITC 2026 Liquidity Risk Case - practice server,Good Luck!,36,2026-02-01 13:34:00.057744,RITC,10.06,10.05,10.06,3666.0,196400.0,174000.0,0,0,0,0,0,0,0,0,0,0,0,0,0,0,0,0,0,0,0,0
,,,,,,36,2026-02-01 13:34:00.057744,COMP,24.93,24.91,24.97,,145300.0,140600.0,0,0,0,0,0,0,0,0,0,0,0,0,0,0,0,0,0,0,0,0
1.0,1.0,1.0,,Welcome to the RITC 2026 Liquidity Risk Case - practice server,Good Luck!,37,2026-02-01 13:34:01.100547,RITC,10.07,10.06,10.07,6127.0,185000.0,156300.0,,0,0,0,0,0,0,0,0,0,0,0,0,0,0,0,0,0,0,0
,,,,,,37,2026-02-01 13:34:01.100547,COMP,24.93,24.92,24.97,,137100.0,140600.0,5000.0,0,0,0,0,0,0,0,0,0,0,0,0,0,0,0,0,0,0,0
1.0,1.0,1.0,,Welcome to the RITC 2026 Liquidity Risk Case - practice server,Good Luck!,38,2026-02-01 13:34:02.132529,RITC,10.08,10.07,10.08,8452.0,173300.0,137000.0,,0,0,0,0,0,0,0,0,0,0,0,0,0,0,0,0,0,0,0
,,,,,,38,2026-02-01 13:34:02.132529,COMP,24.93,24.92,24.97,,137700.0,141200.0,5000.0,0,0,0,0,0,0,0,0,0,0,0,0,0,0,0,0,0,0,0
1.0,1.0,1.0,,Welcome to the RITC 2026 Liquidity Risk Case - practice server,Good Luck!,39,2026-02-01 13:34:03.182740,RITC,10.07,10.07,10.09,8452.0,172700.0,126700.0,,0,0,0,0,0,0,0,0,0,0,0,0,0,0,0,0,0,0,0
,,,,,,39,2026-02-01 13:34:03.182740,COMP,24.93,24.92,24.97,,137700.0,139600.0,5000.0,0,0,0,0,0,0,0,0,0,0,0,0,0,0,0,0,0,0,0
1.0,1.0,1.0,,Welcome to the RITC 2026 Liquidity Risk Case - practice server,Good Luck!,40,2026-02-01 13:34:04.207947,RITC,10.08,10.08,10.09,166000.0,10115.0,126700.0,0,0,0,0,0,0,0,0,0,0,0,0,0,0,0,0,0,0,0,0
,,,,,,40,2026-02-01 13:34:04.207947,COMP,24.91,24.91,24.97,144000.0,,139600.0,0,0,0,0,0,0,0,0,0,0,0,0,0,0,0,0,0,0,0,0
1.0,1.0,1.0,,Welcome to the RITC 2026 Liquidity Risk Case - practice server,Good Luck!,41,2026-02-01 13:34:05.235804,RITC,10.08,10.07,10.08,8452.0,172700.0,148700.0,,0,0,0,0,0,0,0,0,0,0,0,0,0,0,0,0,0,0,0
,,,,,,41,2026-02-01 13:34:05.235804,COMP,24.97,24.91,24.97,,135800.0,140500.0,5000.0,0,0,0,0,0,0,0,0,0,0,0,0,0,0,0,0,0,0,0
1.0,1.0,1.0,,Welcome to the RITC 2026 Liquidity Risk Case - practice server,Good Luck!,42,2026-02-01 13:34:06.262285,RITC,10.08,10.07,10.08,8452.0,172700.0,158400.0,,0,0,0,0,0,0,0,0,0,0,0,0,0,0,0,0,0,0,0
,,,,,,42,2026-02-01 13:34:06.262285,COMP,24.97,24.91,24.97,,135800.0,138200.0,5000.0,0,0,0,0,0,0,0,0,0,0,0,0,0,0,0,0,0,0,0
1.0,1.0,1.0,,Welcome to the RITC 2026 Liquidity Risk Case - practice server,Good Luck!,43,2026-02-01 13:34:07.285991,RITC,10.08,10.07,10.08,4786.0,183200.0,166800.0,,0,0,0,0,0,0,0,0,0,0,0,0,0,0,0,0,0,0,0
,,,,,,43,2026-02-01 13:34:07.285991,COMP,25.0,24.98,25.0,,137900.0,139300.0,5000.0,0,0,0,0,0,0,0,0,0,0,0,0,0,0,0,0,0,0,0
1.0,1.0,1.0,,Welcome to the RITC 2026 Liquidity Risk Case - practice server,Good Luck!,44,2026-02-01 13:34:08.307710,RITC,10.08,10.08,10.09,6082.0,174400.0,179100.0,,0,0,0,0,0,0,0,0,0,0,0,0,0,0,0,0,0,0,0
,,,,,,44,2026-02-01 13:34:08.307710,COMP,25.01,24.98,25.01,,137900.0,139700.0,5000.0,0,0,0,0,0,0,0,0,0,0,0,0,0,0,0,0,0,0,0
1.0,1.0,1.0,,Welcome to the RITC 2026 Liquidity Risk Case - practice server,Good Luck!,45,2026-02-01 13:34:09.337569,RITC,10.09,10.08,10.09,6082.0,172300.0,179100.0,,0,0,0,0,0,0,0,0,0,0,0,0,0,0,0,0,0,0,0
,,,,,,45,2026-02-01 13:34:09.337569,COMP,24.98,24.91,24.93,,135800.0,139100.0,5000.0,0,0,0,0,0,0,0,0,0,0,0,0,0,0,0,0,0,0,0
1.0,1.0,1.0,,Welcome to the RITC 2026 Liquidity Risk Case - practice server,Good Luck!,46,2026-02-01 13:34:10.357707,RITC,10.09,10.08,10.09,6082.0,172300.0,159300.0,,0,0,0,0,0,0,0,0,0,0,0,0,0,0,0,0,0,0,0
,,,,,,46,2026-02-01 13:34:10.357707,COMP,24.98,24.91,24.93,,135800.0,139100.0,5000.0,0,0,0,0,0,0,0,0,0,0,0,0,0,0,0,0,0,0,0
1.0,1.0,1.0,,Welcome to the RITC 2026 Liquidity Risk Case - practice server,Good Luck!,47,2026-02-01 13:34:11.382085,RITC,10.09,10.08,10.09,3621.0,183400.0,147000.0,,0,0,0,0,0,0,0,0,0,0,0,0,0,0,0,0,0,0,0
,,,,,,47,2026-02-01 13:34:11.382085,COMP,24.98,24.91,24.93,,135000.0,139100.0,5000.0,0,0,0,0,0,0,0,0,0,0,0,0,0,0,0,0,0,0,0
1.0,1.0,1.0,,Welcome to the RITC 2026 Liquidity Risk Case - practice server,Good Luck!,48,2026-02-01 13:34:12.397369,RITC,10.09,10.08,10.09,1296.0,191800.0,148900.0,,0,0,0,0,0,0,0,0,0,0,0,0,0,0,0,0,0,0,0
,,,,,,48,2026-02-01 13:34:12.397369,COMP,24.98,24.92,24.93,,133000.0,139100.0,5000.0,0,0,0,0,0,0,0,0,0,0,0,0,0,0,0,0,0,0,0
1.0,1.0,1.0,,Welcome to the RITC 2026 Liquidity Risk Case - practice server,Good Luck!,49,2026-02-01 13:34:13.417717,RITC,10.09,10.08,10.09,1296.0,191800.0,147100.0,,0,0,0,0,0,0,0,0,0,0,0,0,0,0,0,0,0,0,0
,,,,,,49,2026-02-01 13:34:13.417717,COMP,24.98,24.92,24.93,,132700.0,139100.0,5000.0,0,0,0,0,0,0,0,0,0,0,0,0,0,0,0,0,0,0,0
1.0,1.0,1.0,,Welcome to the RITC 2026 Liquidity Risk Case - practice server,Good Luck!,50,2026-02-01 13:34:14.447298,RITC,10.09,10.08,10.09,1296.0,191800.0,149000.0,,0,0,0,0,0,0,0,0,0,0,0,0,0,0,0,0,0,0,0
,,,,,,50,2026-02-01 13:34:14.447298,COMP,25.01,24.96,25.01,,131300.0,139700.0,5000.0,0,0,0,0,0,0,0,0,0,0,0,0,0,0,0,0,0,0,0
1.0,1.0,1.0,,Welcome to the RITC 2026 Liquidity Risk Case - practice server,Good Luck!,51,2026-02-01 13:34:15.469617,RITC,10.08,10.07,10.08,203200.0,157500.0,,0,0,0,0,0,0,0,0,0,0,0,0,0,0,0,0,0,0,0,0
,,,,,,51,2026-02-01 13:34:15.469617,COMP,25.02,24.96,25.02,129300.0,139700.0,5000.0,0,0,0,0,0,0,0,0,0,0,0,0,0,0,0,0,0,0,0,0
1.0,1.0,1.0,,Welcome to the RITC 2026 Liquidity Risk Case - practice server,Good Luck!,52,2026-02-01 13:34:16.497639,RITC,10.1,10.08,10.1,748.0,194800.0,138300.0,,0,0,0,0,0,0,0,0,0,0,0,0,0,0,0,0,0,0,0
,,,,,,52,2026-02-01 13:34:16.497639,COMP,25.02,25.03,25.04,,129800.0,140400.0,5000.0,0,0,0,0,0,0,0,0,0,0,0,0,0,0,0,0,0,0,0
1.0,1.0,1.0,,Welcome to the RITC 2026 Liquidity Risk Case - practice server,Good Luck!,53,2026-02-01 13:34:17.522108,RITC,10.1,10.09,10.1,1455.0,183300.0,138300.0,,0,0,0,0,0,0,0,0,0,0,0,0,0,0,0,0,0,0,0
,,,,,,53,2026-02-01 13:34:17.522108,COMP,25.03,24.96,24.97,,128800.0,141500.0,5000.0,0,0,0,0,0,0,0,0,0,0,0,0,0,0,0,0,0,0,0
1.0,1.0,1.0,,Welcome to the RITC 2026 Liquidity Risk Case - practice server,Good Luck!,54,2026-02-01 13:34:18.576955,RITC,10.09,10.08,10.09,748.0,192300.0,146900.0,,0,0,0,0,0,0,0,0,0,0,0,0,0,0,0,0,0,0,0
,,,,,,54,2026-02-01 13:34:18.576955,COMP,25.03,24.96,24.97,,128800.0,140300.0,5000.0,0,0,0,0,0,0,0,0,0,0,0,0,0,0,0,0,0,0,0
1.0,1.0,1.0,,Welcome to the RITC 2026 Liquidity Risk Case - practice server,Good Luck!,55,2026-02-01 13:34:19.607234,RITC,10.09,10.07,10.09,205600.0,146900.0,0,0,0,0,0,0,0,0,0,0,0,0,0,0,0,0,0,0,0,0,0
,,,,,,55,2026-02-01 13:34:19.607234,COMP,24.95,24.95,24.97,136200.0,140300.0,0,0,0,0,0,0,0,0,0,0,0,0,0,0,0,0,0,0,0,0,0
1.0,1.0,1.0,,Welcome to the RITC 2026 Liquidity Risk Case - practice server,Good Luck!,56,2026-02-01 13:34:20.627020,RITC,10.09,10.08,10.09,531.0,196900.0,146900.0,0,0,0,0,0,0,0,0,0,0,0,0,0,0,0,0,0,0,0,0
,,,,,,56,2026-02-01 13:34:20.627020,COMP,24.95,24.95,24.96,,135900.0,140500.0,0,0,0,0,0,0,0,0,0,0,0,0,0,0,0,0,0,0,0,0
1.0,1.0,1.0,,Welcome to the RITC 2026 Liquidity Risk Case - practice server,Good Luck!,57,2026-02-01 13:34:21.666912,RITC,10.09,10.08,10.09,531.0,197100.0,156600.0,0,0,0,0,0,0,0,0,0,0,0,0,0,0,0,0,0,0,0,0
,,,,,,57,2026-02-01 13:34:21.666912,COMP,24.92,24.92,24.96,,137500.0,140500.0,0,0,0,0,0,0,0,0,0,0,0,0,0,0,0,0,0,0,0,0
1.0,1.0,1.0,,Welcome to the RITC 2026 Liquidity Risk Case - practice server,Good Luck!,58,2026-02-01 13:34:22.687084,RITC,10.1,10.09,10.1,925.0,187700.0,148700.0,0,0,0,0,0,0,0,0,0,0,0,0,0,0,0,0,0,0,0,0
,,,,,,58,2026-02-01 13:34:22.687084,COMP,24.96,24.93,24.96,,138500.0,140500.0,0,0,0,0,0,0,0,0,0,0,0,0,0,0,0,0,0,0,0,0
1.0,1.0,1.0,,Welcome to the RITC 2026 Liquidity Risk Case - practice server,Good Luck!,59,2026-02-01 13:34:23.715369,RITC,10.1,10.09,10.1,925.0,186200.0,148700.0,0,0,0,0,0,0,0,0,0,0,0,0,0,0,0,0,0,0,0,0
,,,,,,59,2026-02-01 13:34:23.715369,COMP,24.96,24.93,24.96,,138500.0,140600.0,0,0,0,0,0,0,0,0,0,0,0,0,0,0,0,0,0,0,0,0
1.0,1.0,1.0,,Welcome to the RITC 2026 Liquidity Risk Case - practice server,Good Luck!,60,2026-02-01 13:34:24.739440,RITC,10.1,10.09,10.1,925.0,183900.0,157700.0,0,0,0,0,0,0,0,0,0,0,0,0,0,0,0,0,0,0,0,0
,,,,,,60,2026-02-01 13:34:24.739440,COMP,24.96,24.96,24.97,,140200.0,139300.0,0,0,0,0,0,0,0,0,0,0,0,0,0,0,0,0,0,0,0,0
1.0,1.0,1.0,,Welcome to the RITC 2026 Liquidity Risk Case - practice server,Good Luck!,61,2026-02-01 13:34:25.764720,RITC,10.1,10.09,10.1,925.0,183900.0,137700.0,0,0,0,0,0,0,0,0,0,0,0,0,0,0,0,0,0,0,0,0
,,,,,,61,2026-02-01 13:34:25.764720,COMP,24.96,24.96,24.97,,140200.0,137000.0,0,0,0,0,0,0,0,0,0,0,0,0,0,0,0,0,0,0,0,0
1.0,1.0,1.0,,Welcome to the RITC 2026 Liquidity Risk Case - practice server,Good Luck!,62,2026-02-01 13:34:26.781423,RITC,10.11,10.1,10.11,1167.0,175200.0,127600.0,0,0,0,0,0,0,0,0,0,0,0,0,0,0,0,0,0,0,0,0
,,,,,,62,2026-02-01 13:34:26.781423,COMP,24.99,24.96,24.99,,140200.0,136800.0,0,0,0,0,0,0,0,0,0,0,0,0,0,0,0,0,0,0,0,0
1.0,1.0,1.0,,Welcome to the RITC 2026 Liquidity Risk Case - practice server,Good Luck!,63,2026-02-01 13:34:27.802149,RITC,10.11,10.1,10.11,1167.0,175400.0,136300.0,0,0,0,0,0,0,0,0,0,0,0,0,0,0,0,0,0,0,0,0
,,,,,,63,2026-02-01 13:34:27.802149,COMP,24.96,24.93,24.95,,138500.0,134400.0,0,0,0,0,0,0,0,0,0,0,0,0,0,0,0,0,0,0,0,0
1.0,1.0,1.0,,Welcome to the RITC 2026 Liquidity Risk Case - practice server,Good Luck!,64,2026-02-01 13:34:28.817112,RITC,10.11,10.1,10.11,1167.0,174600.0,135700.0,0,0,0,0,0,0,0,0,0,0,0,0,0,0,0,0,0,0,0,0
,,,,,,64,2026-02-01 13:34:28.817112,COMP,24.93,24.93,24.95,,138500.0,134400.0,0,0,0,0,0,0,0,0,0,0,0,0,0,0,0,0,0,0,0,0
1.0,1.0,1.0,,Welcome to the RITC 2026 Liquidity Risk Case - practice server,Good Luck!,65,2026-02-01 13:34:29.846251,RITC,10.11,10.1,10.11,636.0,183600.0,126400.0,0,0,0,0,0,0,0,0,0,0,0,0,0,0,0,0,0,0,0,0
,,,,,,65,2026-02-01 13:34:29.846251,COMP,24.93,24.92,24.93,,137500.0,134700.0,0,0,0,0,0,0,0,0,0,0,0,0,0,0,0,0,0,0,0,0
1.0,1.0,1.0,,Welcome to the RITC 2026 Liquidity Risk Case - practice server,Good Luck!,66,2026-02-01 13:34:30.863744,RITC,10.11,10.1,10.11,636.0,183600.0,148200.0,0,0,0,0,0,0,0,0,0,0,0,0,0,0,0,0,0,0,0,0
,,,,,,66,2026-02-01 13:34:30.863744,COMP,24.93,24.92,24.93,,137500.0,134700.0,0,0,0,0,0,0,0,0,0,0,0,0,0,0,0,0,0,0,0,0
1.0,1.0,1.0,,Welcome to the RITC 2026 Liquidity Risk Case - practice server,Good Luck!,67,2026-02-01 13:34:31.880967,RITC,10.08,10.1,10.11,165.0,194400.0,148200.0,0,0,0,0,0,0,0,0,0,0,0,0,0,0,0,0,0,0,0,0
,,,,,,67,2026-02-01 13:34:31.880967,COMP,24.95,24.98,24.99,,137200.0,136800.0,0,0,0,0,0,0,0,0,0,0,0,0,0,0,0,0,0,0,0,0
1.0,1.0,1.0,,Welcome to the RITC 2026 Liquidity Risk Case - practice server,Good Luck!,68,2026-02-01 13:34:32.906775,RITC,10.08,10.07,10.08,207800.0,168600.0,0,0,0,0,0,0,0,0,0,0,0,0,0,0,0,0,0,0,0,0,0
,,,,,,68,2026-02-01 13:34:32.906775,COMP,24.99,25.0,25.04,138900.0,137400.0,0,0,0,0,0,0,0,0,0,0,0,0,0,0,0,0,0,0,0,0,0
1.0,1.0,1.0,,Welcome to the RITC 2026 Liquidity Risk Case - practice server,Good Luck!,69,2026-02-01 13:34:33.932590,RITC,10.08,10.07,10.08,211200.0,179800.0,0,0,0,0,0,0,0,0,0,0,0,0,0,0,0,0,0,0,0,0,0
,,,,,,69,2026-02-01 13:34:33.932590,COMP,25.04,25.0,25.04,138900.0,137500.0,0,0,0,0,0,0,0,0,0,0,0,0,0,0,0,0,0,0,0,0,0
1.0,1.0,1.0,,Welcome to the RITC 2026 Liquidity Risk Case - practice server,Good Luck!,70,2026-02-01 13:34:34.959950,RITC,10.08,10.07,10.08,211200.0,199100.0,0,0,0,0,0,0,0,0,0,0,0,0,0,0,0,0,0,0,0,0,0
,,,,,,70,2026-02-01 13:34:34.959950,COMP,25.04,25.0,25.04,138900.0,139200.0,0,0,0,0,0,0,0,0,0,0,0,0,0,0,0,0,0,0,0,0,0
1.0,1.0,1.0,,Welcome to the RITC 2026 Liquidity Risk Case - practice server,Good Luck!,71,2026-02-01 13:34:35.982907,RITC,10.08,10.07,10.08,209200.0,197400.0,0,0,0,0,0,0,0,0,0,0,0,0,0,0,0,0,0,0,0,0,0
,,,,,,71,2026-02-01 13:34:35.982907,COMP,25.04,25.0,25.04,139600.0,139200.0,0,0,0,0,0,0,0,0,0,0,0,0,0,0,0,0,0,0,0,0,0
1.0,1.0,1.0,,Welcome to the RITC 2026 Liquidity Risk Case - practice server,Good Luck!,72,2026-02-01 13:34:37.006696,RITC,10.08,10.07,10.08,209200.0,197400.0,0,0,0,0,0,0,0,0,0,0,0,0,0,0,0,0,0,0,0,0,0
,,,,,,72,2026-02-01 13:34:37.006696,COMP,25.04,25.04,25.05,138500.0,139700.0,0,0,0,0,0,0,0,0,0,0,0,0,0,0,0,0,0,0,0,0,0
1.0,1.0,1.0,,Welcome to the RITC 2026 Liquidity Risk Case - practice server,Good Luck!,74,2026-02-01 13:34:38.041471,RITC,10.21,10.07,10.08,208500.0,194600.0,0,0,0,0,0,0,0,0,0,0,0,0,0,0,0,0,0,0,0,0,0
,,,,,,74,2026-02-01 13:34:38.041471,COMP,25.04,25.04,25.05,138500.0,138400.0,0,0,0,0,0,0,0,0,0,0,0,0,0,0,0,0,0,0,0,0,0
1.0,1.0,1.0,,Welcome to the RITC 2026 Liquidity Risk Case - practice server,Good Luck!,75,2026-02-01 13:34:39.055214,RITC,10.16,10.07,10.08,171700.0,14000.0,194600.0,0,0,0,0,0,0,0,0,0,0,0,0,0,0,0,0,0,0,0,0
,,,,,,75,2026-02-01 13:34:39.055214,COMP,25.04,25.0,25.03,139600.0,,139400.0,0,0,0,0,0,0,0,0,0,0,0,0,0,0,0,0,0,0,0,0
1.0,1.0,1.0,,Welcome to the RITC 2026 Liquidity Risk Case - practice server,Good Luck!,75,2026-02-01 13:34:40.066889,RITC,10.07,10.07,10.08,12000.0,180700.0,194600.0,0,0,0,0,0,0,0,0,0,0,0,0,0,0,0,0,0,0,0,0
,,,,,,75,2026-02-01 13:34:40.066889,COMP,25.04,25.0,25.03,,139600.0,137000.0,0,0,0,0,0,0,0,0,0,0,0,0,0,0,0,0,0,0,0,0
1.0,1.0,1.0,,Welcome to the RITC 2026 Liquidity Risk Case - practice server,Good Luck!,77,2026-02-01 13:34:41.096411,RITC,10.06,10.06,10.08,201400.0,5000.0,194600.0,0,0,0,0,0,0,0,0,0,0,0,0,0,0,0,0,0,0,0,0
,,,,,,77,2026-02-01 13:34:41.096411,COMP,25.05,25.0,25.05,139600.0,,139700.0,0,0,0,0,0,0,0,0,0,0,0,0,0,0,0,0,0,0,0,0
1.0,1.0,1.0,,Welcome to the RITC 2026 Liquidity Risk Case - practice server,Good Luck!,78,2026-02-01 13:34:42.121305,RITC,10.05,10.07,10.08,100.0,198000.0,194600.0,0,0,0,0,0,0,0,0,0,0,0,0,0,0,0,0,0,0,0,0
,,,,,,78,2026-02-01 13:34:42.121305,COMP,25.05,25.02,25.05,,138800.0,139700.0,0,0,0,0,0,0,0,0,0,0,0,0,0,0,0,0,0,0,0,0
1.0,1.0,1.0,,Welcome to the RITC 2026 Liquidity Risk Case - practice server,Good Luck!,79,2026-02-01 13:34:43.146083,RITC,10.05,10.05,10.07,204500.0,194300.0,0,0,0,0,0,0,0,0,0,0,0,0,0,0,0,0,0,0,0,0,0
,,,,,,79,2026-02-01 13:34:43.146083,COMP,25.05,25.02,25.05,138800.0,139600.0,0,0,0,0,0,0,0,0,0,0,0,0,0,0,0,0,0,0,0,0,0
1.0,1.0,1.0,,Welcome to the RITC 2026 Liquidity Risk Case - practice server,Good Luck!,80,2026-02-01 13:34:44.176672,RITC,10.07,10.07,10.08,164400.0,14000.0,194600.0,0,0,0,0,0,0,0,0,0,0,0,0,0,0,0,0,0,0,0,0
,,,,,,80,2026-02-01 13:34:44.176672,COMP,25.05,25.02,25.05,138800.0,,139700.0,0,0,0,0,0,0,0,0,0,0,0,0,0,0,0,0,0,0,0,0
1.0,1.0,1.0,,Welcome to the RITC 2026 Liquidity Risk Case - practice server,Good Luck!,81,2026-02-01 13:34:45.195407,RITC,10.05,10.05,10.08,193000.0,5000.0,194600.0,0,0,0,0,0,0,0,0,0,0,0,0,0,0,0,0,0,0,0,0
,,,,,,81,2026-02-01 13:34:45.195407,COMP,25.05,25.05,25.06,138000.0,,139600.0,0,0,0,0,0,0,0,0,0,0,0,0,0,0,0,0,0,0,0,0
1.0,1.0,1.0,,Welcome to the RITC 2026 Liquidity Risk Case - practice server,Good Luck!,82,2026-02-01 13:34:46.216131,RITC,10.05,10.05,10.08,191300.0,5000.0,195200.0,0,0,0,0,0,0,0,0,0,0,0,0,0,0,0,0,0,0,0,0
,,,,,,82,2026-02-01 13:34:46.216131,COMP,25.06,25.05,25.06,138800.0,,141800.0,0,0,0,0,0,0,0,0,0,0,0,0,0,0,0,0,0,0,0,0
1.0,1.0,1.0,,Welcome to the RITC 2026 Liquidity Risk Case - practice server,Good Luck!,83,2026-02-01 13:34:47.246492,RITC,10.04,10.04,10.05,194000.0,5000.0,194400.0,0,0,0,0,0,0,0,0,0,0,0,0,0,0,0,0,0,0,0,0
,,,,,,83,2026-02-01 13:34:47.246492,COMP,25.02,25.02,25.06,139400.0,,141800.0,0,0,0,0,0,0,0,0,0,0,0,0,0,0,0,0,0,0,0,0
1.0,1.0,1.0,,Welcome to the RITC 2026 Liquidity Risk Case - practice server,Good Luck!,84,2026-02-01 13:34:48.266275,RITC,10.04,10.04,10.05,193700.0,5000.0,194400.0,0,0,0,0,0,0,0,0,0,0,0,0,0,0,0,0,0,0,0,0
,,,,,,84,2026-02-01 13:34:48.266275,COMP,25.02,25.02,25.04,139800.0,,141400.0,0,0,0,0,0,0,0,0,0,0,0,0,0,0,0,0,0,0,0,0
1.0,1.0,1.0,,Welcome to the RITC 2026 Liquidity Risk Case - practice server,Good Luck!,85,2026-02-01 13:34:49.286385,RITC,10.04,10.04,10.05,191800.0,5000.0,194400.0,0,0,0,0,0,0,0,0,0,0,0,0,0,0,0,0,0,0,0,0
,,,,,,85,2026-02-01 13:34:49.286385,COMP,25.02,25.02,25.04,138600.0,,141400.0,0,0,0,0,0,0,0,0,0,0,0,0,0,0,0,0,0,0,0,0
1.0,1.0,1.0,,Welcome to the RITC 2026 Liquidity Risk Case - practice server,Good Luck!,86,2026-02-01 13:34:50.306490,RITC,10.04,10.04,10.05,189200.0,5000.0,193500.0,0,0,0,0,0,0,0,0,0,0,0,0,0,0,0,0,0,0,0,0
,,,,,,86,2026-02-01 13:34:50.306490,COMP,25.02,25.02,25.04,138600.0,,140900.0,0,0,0,0,0,0,0,0,0,0,0,0,0,0,0,0,0,0,0,0
1.0,1.0,1.0,,Welcome to the RITC 2026 Liquidity Risk Case - practice server,Good Luck!,87,2026-02-01 13:34:51.339302,RITC,9.91,10.04,10.05,189200.0,5000.0,195500.0,0,0,0,0,0,0,0,0,0,0,0,0,0,0,0,0,0,0,0,0
,,,,,,87,2026-02-01 13:34:51.339302,COMP,25.02,25.02,25.04,138600.0,,140900.0,0,0,0,0,0,0,0,0,0,0,0,0,0,0,0,0,0,0,0,0
1.0,1.0,1.0,,Welcome to the RITC 2026 Liquidity Risk Case - practice server,Good Luck!,88,2026-02-01 13:34:52.346030,RITC,10.04,10.04,10.05,187900.0,5000.0,195500.0,0,0,0,0,0,0,0,0,0,0,0,0,0,0,0,0,0,0,0,0
,,,,,,88,2026-02-01 13:34:52.346030,COMP,25.02,25.0,25.02,137000.0,,143200.0,0,0,0,0,0,0,0,0,0,0,0,0,0,0,0,0,0,0,0,0
1.0,1.0,1.0,,Welcome to the RITC 2026 Liquidity Risk Case - practice server,Good Luck!,89,2026-02-01 13:34:53.366212,RITC,10.04,10.04,10.05,189400.0,5000.0,197200.0,0,0,0,0,0,0,0,0,0,0,0,0,0,0,0,0,0,0,0,0
,,,,,,89,2026-02-01 13:34:53.366212,COMP,25.0,24.98,25.02,137400.0,,143200.0,0,0,0,0,0,0,0,0,0,0,0,0,0,0,0,0,0,0,0,0
1.0,1.0,1.0,,Welcome to the RITC 2026 Liquidity Risk Case - practice server,Good Luck!,90,2026-02-01 13:34:54.385961,RITC,10.14,10.04,10.05,189400.0,5000.0,198400.0,0,0,0,0,0,0,0,0,0,0,0,0,0,0,0,0,0,0,0,0
,,,,,,90,2026-02-01 13:34:54.385961,COMP,25.04,24.98,25.04,137400.0,,140900.0,0,0,0,0,0,0,0,0,0,0,0,0,0,0,0,0,0,0,0,0
1.0,1.0,1.0,,Welcome to the RITC 2026 Liquidity Risk Case - practice server,Good Luck!,91,2026-02-01 13:34:55.415813,RITC,10.05,10.03,10.05,4000.0,182200.0,199500.0,0,0,0,0,0,0,0,0,0,0,0,0,0,0,0,0,0,0,0,0
,,,,,,91,2026-02-01 13:34:55.415813,COMP,25.04,24.98,25.04,,137400.0,142000.0,0,0,0,0,0,0,0,0,0,0,0,0,0,0,0,0,0,0,0,0
1.0,1.0,1.0,,Welcome to the RITC 2026 Liquidity Risk Case - practice server,Good Luck!,92,2026-02-01 13:34:56.444477,RITC,10.04,10.03,10.04,182200.0,10000.0,5000.0,191000.0,0,0,0,0,0,0,0,0,0,0,0,0,0,0,0,0,0,0,0
,,,,,,92,2026-02-01 13:34:56.444477,COMP,25.04,24.98,25.04,137400.0,,,139800.0,0,0,0,0,0,0,0,0,0,0,0,0,0,0,0,0,0,0,0
1.0,1.0,1.0,,Welcome to the RITC 2026 Liquidity Risk Case - practice server,Good Luck!,93,2026-02-01 13:34:57.456436,RITC,10.03,10.03,10.05,5000.0,190700.0,199600.0,0,0,0,0,0,0,0,0,0,0,0,0,0,0,0,0,0,0,0,0
,,,,,,93,2026-02-01 13:34:57.456436,COMP,24.98,24.98,25.04,,138400.0,140400.0,0,0,0,0,0,0,0,0,0,0,0,0,0,0,0,0,0,0,0,0
1.0,1.0,1.0,,Welcome to the RITC 2026 Liquidity Risk Case - practice server,Good Luck!,94,2026-02-01 13:34:58.481126,RITC,10.04,10.03,10.04,199200.0,196100.0,0,0,0,0,0,0,0,0,0,0,0,0,0,0,0,0,0,0,0,0,0
,,,,,,94,2026-02-01 13:34:58.481126,COMP,24.98,24.98,25.02,138400.0,139400.0,0,0,0,0,0,0,0,0,0,0,0,0,0,0,0,0,0,0,0,0,0
1.0,1.0,1.0,,Welcome to the RITC 2026 Liquidity Risk Case - practice server,Good Luck!,95,2026-02-01 13:34:59.515998,RITC,10.03,10.03,10.04,5000.0,2583.0,179500.0,196400.0,0,0,0,0,0,0,0,0,0,0,0,0,0,0,0,0,0,0,0
,,,,,,95,2026-02-01 13:34:59.515998,COMP,24.98,24.96,24.97,,,137700.0,139200.0,0,0,0,0,0,0,0,0,0,0,0,0,0,0,0,0,0,0,0
1.0,1.0,1.0,,Welcome to the RITC 2026 Liquidity Risk Case - practice server,Good Luck!,96,2026-02-01 13:35:00.535881,RITC,10.02,10.03,10.04,2000.0,2271.0,179900.0,196400.0,0,0,0,0,0,0,0,0,0,0,0,0,0,0,0,0,0,0,0
,,,,,,96,2026-02-01 13:35:00.535881,COMP,24.97,24.97,25.02,,,138400.0,138900.0,0,0,0,0,0,0,0,0,0,0,0,0,0,0,0,0,0,0,0
1.0,1.0,1.0,,Welcome to the RITC 2026 Liquidity Risk Case - practice server,Good Luck!,97,2026-02-01 13:35:01.555737,RITC,10.04,10.02,10.04,196700.0,196500.0,0,0,0,0,0,0,0,0,0,0,0,0,0,0,0,0,0,0,0,0,0
,,,,,,97,2026-02-01 13:35:01.555737,COMP,25.04,24.97,25.04,137900.0,139300.0,0,0,0,0,0,0,0,0,0,0,0,0,0,0,0,0,0,0,0,0,0
1.0,1.0,1.0,,Welcome to the RITC 2026 Liquidity Risk Case - practice server,Good Luck!,98,2026-02-01 13:35:02.584320,RITC,10.03,10.02,10.03,197900.0,5000.0,187800.0,0,0,0,0,0,0,0,0,0,0,0,0,0,0,0,0,0,0,0,0
,,,,,,98,2026-02-01 13:35:02.584320,COMP,24.96,24.96,25.04,138400.0,,139300.0,0,0,0,0,0,0,0,0,0,0,0,0,0,0,0,0,0,0,0,0
1.0,1.0,1.0,,Welcome to the RITC 2026 Liquidity Risk Case - practice server,Good Luck!,99,2026-02-01 13:35:03.618994,RITC,10.03,10.02,10.03,197900.0,5000.0,189300.0,0,0,0,0,0,0,0,0,0,0,0,0,0,0,0,0,0,0,0,0
,,,,,,99,2026-02-01 13:35:03.618994,COMP,24.96,24.96,25.04,138400.0,,138300.0,0,0,0,0,0,0,0,0,0,0,0,0,0,0,0,0,0,0,0,0
1.0,1.0,1.0,,Welcome to the RITC 2026 Liquidity Risk Case - practice server,Good Luck!,100,2026-02-01 13:35:04.653761,RITC,10.03,10.02,10.03,197900.0,203900.0,0,0,0,0,0,0,0,0,0,0,0,0,0,0,0,0,0,0,0,0,0
,,,,,,100,2026-02-01 13:35:04.653761,COMP,24.96,24.97,25.04,138200.0,138300.0,0,0,0,0,0,0,0,0,0,0,0,0,0,0,0,0,0,0,0,0,0
1.0,1.0,1.0,,Welcome to the RITC 2026 Liquidity Risk Case - practice server,Good Luck!,101,2026-02-01 13:35:05.676424,RITC,10.01,10.02,10.03,1270.0,186600.0,203900.0,0,0,0,0,0,0,0,0,0,0,0,0,0,0,0,0,0,0,0,0
,,,,,,101,2026-02-01 13:35:05.676424,COMP,24.97,24.97,25.04,,138200.0,138300.0,0,0,0,0,0,0,0,0,0,0,0,0,0,0,0,0,0,0,0,0
1.0,1.0,1.0,,Welcome to the RITC 2026 Liquidity Risk Case - practice server,Good Luck!,102,2026-02-01 13:35:06.705415,RITC,10.03,10.01,10.03,192600.0,206700.0,0,0,0,0,0,0,0,0,0,0,0,0,0,0,0,0,0,0,0,0,0
,,,,,,102,2026-02-01 13:35:06.705415,COMP,24.95,24.95,25.04,138500.0,138300.0,0,0,0,0,0,0,0,0,0,0,0,0,0,0,0,0,0,0,0,0,0
1.0,1.0,1.0,,Welcome to the RITC 2026 Liquidity Risk Case - practice server,Good Luck!,103,2026-02-01 13:35:07.726168,RITC,10.03,10.02,10.03,1047.0,183100.0,207900.0,0,0,0,0,0,0,0,0,0,0,0,0,0,0,0,0,0,0,0,0
,,,,,,103,2026-02-01 13:35:07.726168,COMP,24.95,24.95,24.99,,138500.0,139300.0,0,0,0,0,0,0,0,0,0,0,0,0,0,0,0,0,0,0,0,0
1.0,1.0,1.0,,Welcome to the RITC 2026 Liquidity Risk Case - practice server,Good Luck!,104,2026-02-01 13:35:08.750790,RITC,10.03,10.02,10.03,192400.0,210700.0,0,0,0,0,0,0,0,0,0,0,0,0,0,0,0,0,0,0,0,0,0
,,,,,,104,2026-02-01 13:35:08.750790,COMP,24.95,24.97,24.98,137800.0,137200.0,0,0,0,0,0,0,0,0,0,0,0,0,0,0,0,0,0,0,0,0,0
1.0,1.0,1.0,,Welcome to the RITC 2026 Liquidity Risk Case - practice server,Good Luck!,105,2026-02-01 13:35:09.775869,RITC,10.0,10.02,10.03,758.0,183500.0,210700.0,0,0,0,0,0,0,0,0,0,0,0,0,0,0,0,0,0,0,0,0
,,,,,,105,2026-02-01 13:35:09.775869,COMP,24.97,24.97,24.98,,137800.0,137200.0,0,0,0,0,0,0,0,0,0,0,0,0,0,0,0,0,0,0,0,0
1.0,1.0,1.0,,Welcome to the RITC 2026 Liquidity Risk Case - practice server,Good Luck!,106,2026-02-01 13:35:10.802267,RITC,10.03,10.02,10.03,758.0,183500.0,209200.0,0,0,0,0,0,0,0,0,0,0,0,0,0,0,0,0,0,0,0,0
,,,,,,106,2026-02-01 13:35:10.802267,COMP,24.98,24.92,24.98,,138900.0,137200.0,0,0,0,0,0,0,0,0,0,0,0,0,0,0,0,0,0,0,0,0
1.0,1.0,1.0,,Welcome to the RITC 2026 Liquidity Risk Case - practice server,Good Luck!,107,2026-02-01 13:35:11.825458,RITC,10.01,10.0,10.01,194400.0,208700.0,0,0,0,0,0,0,0,0,0,0,0,0,0,0,0,0,0,0,0,0,0
,,,,,,107,2026-02-01 13:35:11.825458,COMP,24.99,24.92,24.99,138900.0,138800.0,0,0,0,0,0,0,0,0,0,0,0,0,0,0,0,0,0,0,0,0,0
1.0,1.0,1.0,,Welcome to the RITC 2026 Liquidity Risk Case - practice server,Good Luck!,108,2026-02-01 13:35:12.865570,RITC,10.01,10.0,10.01,194900.0,207300.0,0,0,0,0,0,0,0,0,0,0,0,0,0,0,0,0,0,0,0,0,0
,,,,,,108,2026-02-01 13:35:12.865570,COMP,24.99,24.92,24.99,140400.0,138800.0,0,0,0,0,0,0,0,0,0,0,0,0,0,0,0,0,0,0,0,0,0
1.0,1.0,1.0,,Welcome to the RITC 2026 Liquidity Risk Case - practice server,Good Luck!,109,2026-02-01 13:35:13.888676,RITC,10.01,10.0,10.01,194900.0,207000.0,0,0,0,0,0,0,0,0,0,0,0,0,0,0,0,0,0,0,0,0,0
,,,,,,109,2026-02-01 13:35:13.888676,COMP,25.04,24.94,25.04,138800.0,138900.0,0,0,0,0,0,0,0,0,0,0,0,0,0,0,0,0,0,0,0,0,0
1.0,1.0,1.0,,Welcome to the RITC 2026 Liquidity Risk Case - practice server,Good Luck!,110,2026-02-01 13:35:14.905579,RITC,10.01,10.0,10.01,194900.0,209700.0,0,0,0,0,0,0,0,0,0,0,0,0,0,0,0,0,0,0,0,0,0
,,,,,,110,2026-02-01 13:35:14.905579,COMP,25.04,24.94,25.04,138800.0,138100.0,0,0,0,0,0,0,0,0,0,0,0,0,0,0,0,0,0,0,0,0,0
1.0,1.0,1.0,,Welcome to the RITC 2026 Liquidity Risk Case - practice server,Good Luck!,111,2026-02-01 13:35:15.928514,RITC,10.0,9.99,10.0,195600.0,208700.0,0,0,0,0,0,0,0,0,0,0,0,0,0,0,0,0,0,0,0,0,0
,,,,,,111,2026-02-01 13:35:15.928514,COMP,24.92,24.98,25.04,138500.0,138100.0,0,0,0,0,0,0,0,0,0,0,0,0,0,0,0,0,0,0,0,0,0
1.0,1.0,1.0,,Welcome to the RITC 2026 Liquidity Risk Case - practice server,Good Luck!,112,2026-02-01 13:35:16.936467,RITC,10.0,9.99,10.0,195600.0,207700.0,0,0,0,0,0,0,0,0,0,0,0,0,0,0,0,0,0,0,0,0,0
,,,,,,112,2026-02-01 13:35:16.936467,COMP,24.92,24.98,25.04,138500.0,138100.0,0,0,0,0,0,0,0,0,0,0,0,0,0,0,0,0,0,0,0,0,0
1.0,1.0,1.0,,Welcome to the RITC 2026 Liquidity Risk Case - practice server,Good Luck!,113,2026-02-01 13:35:17.965290,RITC,10.0,9.98,10.0,193500.0,208700.0,0,0,0,0,0,0,0,0,0,0,0,0,0,0,0,0,0,0,0,0,0
,,,,,,113,2026-02-01 13:35:17.965290,COMP,24.98,24.98,25.02,138500.0,137500.0,0,0,0,0,0,0,0,0,0,0,0,0,0,0,0,0,0,0,0,0,0
1.0,1.0,1.0,,Welcome to the RITC 2026 Liquidity Risk Case - practice server,Good Luck!,114,2026-02-01 13:35:19.005388,RITC,9.98,9.98,10.0,195600.0,208700.0,0,0,0,0,0,0,0,0,0,0,0,0,0,0,0,0,0,0,0,0,0
,,,,,,114,2026-02-01 13:35:19.005388,COMP,24.92,24.92,25.02,140900.0,137900.0,0,0,0,0,0,0,0,0,0,0,0,0,0,0,0,0,0,0,0,0,0
1.0,1.0,1.0,,Welcome to the RITC 2026 Liquidity Risk Case - practice server,Good Luck!,115,2026-02-01 13:35:20.035534,RITC,9.99,9.98,9.99,194500.0,208400.0,0,0,0,0,0,0,0,0,0,0,0,0,0,0,0,0,0,0,0,0,0
,,,,,,115,2026-02-01 13:35:20.035534,COMP,25.03,24.92,25.03,140900.0,139600.0,0,0,0,0,0,0,0,0,0,0,0,0,0,0,0,0,0,0,0,0,0
1.0,1.0,1.0,,Welcome to the RITC 2026 Liquidity Risk Case - practice server,Good Luck!,116,2026-02-01 13:35:21.055486,RITC,9.98,9.98,9.99,191600.0,208000.0,0,0,0,0,0,0,0,0,0,0,0,0,0,0,0,0,0,0,0,0,0
,,,,,,116,2026-02-01 13:35:21.055486,COMP,24.92,24.92,25.03,141700.0,139600.0,0,0,0,0,0,0,0,0,0,0,0,0,0,0,0,0,0,0,0,0,0
1.0,1.0,1.0,,Welcome to the RITC 2026 Liquidity Risk Case - practice server,Good Luck!,117,2026-02-01 13:35:22.084087,RITC,9.98,9.97,9.98,194700.0,207700.0,0,0,0,0,0,0,0,0,0,0,0,0,0,0,0,0,0,0,0,0,0
,,,,,,117,2026-02-01 13:35:22.084087,COMP,24.92,25.0,25.03,141500.0,139600.0,0,0,0,0,0,0,0,0,0,0,0,0,0,0,0,0,0,0,0,0,0
1.0,1.0,1.0,,Welcome to the RITC 2026 Liquidity Risk Case - practice server,Good Luck!,118,2026-02-01 13:35:23.115408,RITC,9.98,9.97,9.98,194100.0,207700.0,0,0,0,0,0,0,0,0,0,0,0,0,0,0,0,0,0,0,0,0,0
,,,,,,118,2026-02-01 13:35:23.115408,COMP,24.92,25.0,25.03,141400.0,139600.0,0,0,0,0,0,0,0,0,0,0,0,0,0,0,0,0,0,0,0,0,0
1.0,1.0,1.0,,Welcome to the RITC 2026 Liquidity Risk Case - practice server,Good Luck!,119,2026-02-01 13:35:24.148486,RITC,9.98,9.97,9.98,194100.0,206400.0,0,0,0,0,0,0,0,0,0,0,0,0,0,0,0,0,0,0,0,0,0
,,,,,,119,2026-02-01 13:35:24.148486,COMP,25.04,25.0,25.04,141400.0,137800.0,0,0,0,0,0,0,0,0,0,0,0,0,0,0,0,0,0,0,0,0,0
1.0,1.0,1.0,,Welcome to the RITC 2026 Liquidity Risk Case - practice server,Good Luck!,120,2026-02-01 13:35:25.165708,RITC,9.98,9.97,9.98,194100.0,205200.0,0,0,0,0,0,0,0,0,0,0,0,0,0,0,0,0,0,0,0,0,0
,,,,,,120,2026-02-01 13:35:25.165708,COMP,25.06,25.0,25.06,141400.0,138800.0,0,0,0,0,0,0,0,0,0,0,0,0,0,0,0,0,0,0,0,0,0
1.0,1.0,1.0,,Welcome to the RITC 2026 Liquidity Risk Case - practice server,Good Luck!,121,2026-02-01 13:35:26.199714,RITC,9.98,9.97,9.98,193600.0,204400.0,0,0,0,0,0,0,0,0,0,0,0,0,0,0,0,0,0,0,0,0,0
,,,,,,121,2026-02-01 13:35:26.199714,COMP,25.0,24.97,24.98,142200.0,138500.0,0,0,0,0,0,0,0,0,0,0,0,0,0,0,0,0,0,0,0,0,0
1.0,1.0,1.0,,Welcome to the RITC 2026 Liquidity Risk Case - practice server,Good Luck!,122,2026-02-01 13:35:27.225279,RITC,9.96,9.96,9.98,197500.0,204400.0,0,0,0,0,0,0,0,0,0,0,0,0,0,0,0,0,0,0,0,0,0
,,,,,,122,2026-02-01 13:35:27.225279,COMP,24.98,25.01,25.06,142800.0,138800.0,0,0,0,0,0,0,0,0,0,0,0,0,0,0,0,0,0,0,0,0,0
1.0,1.0,1.0,,Welcome to the RITC 2026 Liquidity Risk Case - practice server,Good Luck!,123,2026-02-01 13:35:28.247757,RITC,9.95,9.95,9.98,187900.0,204600.0,0,0,0,0,0,0,0,0,0,0,0,0,0,0,0,0,0,0,0,0,0
,,,,,,123,2026-02-01 13:35:28.247757,COMP,25.01,24.97,25.01,142200.0,138000.0,0,0,0,0,0,0,0,0,0,0,0,0,0,0,0,0,0,0,0,0,0
1.0,1.0,1.0,,Welcome to the RITC 2026 Liquidity Risk Case - practice server,Good Luck!,125,2026-02-01 13:35:29.274829,RITC,9.98,9.97,9.98,187900.0,204600.0,0,0,0,0,0,0,0,0,0,0,0,0,0,0,0,0,0,0,0,0,0
,,,,,,125,2026-02-01 13:35:29.274829,COMP,25.01,25.0,25.01,142500.0,138000.0,0,0,0,0,0,0,0,0,0,0,0,0,0,0,0,0,0,0,0,0,0
1.0,1.0,1.0,,Welcome to the RITC 2026 Liquidity Risk Case - practice server,Good Luck!,126,2026-02-01 13:35:30.318104,RITC,9.96,9.94,9.96,169600.0,203200.0,0,0,0,0,0,0,0,0,0,0,0,0,0,0,0,0,0,0,0,0,0
,,,,,,126,2026-02-01 13:35:30.318104,COMP,25.01,25.0,25.01,143200.0,138500.0,0,0,0,0,0,0,0,0,0,0,0,0,0,0,0,0,0,0,0,0,0
1.0,1.0,1.0,,Welcome to the RITC 2026 Liquidity Risk Case - practice server,Good Luck!,127,2026-02-01 13:35:31.335087,RITC,9.95,9.94,9.95,169600.0,201600.0,0,0,0,0,0,0,0,0,0,0,0,0,0,0,0,0,0,0,0,0,0
,,,,,,127,2026-02-01 13:35:31.335087,COMP,25.01,25.01,25.06,144100.0,138100.0,0,0,0,0,0,0,0,0,0,0,0,0,0,0,0,0,0,0,0,0,0
1.0,1.0,1.0,,Welcome to the RITC 2026 Liquidity Risk Case - practice server,Good Luck!,128,2026-02-01 13:35:32.361259,RITC,9.95,9.94,9.95,169600.0,196500.0,0,0,0,0,0,0,0,0,0,0,0,0,0,0,0,0,0,0,0,0,0
,,,,,,128,2026-02-01 13:35:32.361259,COMP,25.0,25.0,25.06,143200.0,137000.0,0,0,0,0,0,0,0,0,0,0,0,0,0,0,0,0,0,0,0,0,0
1.0,1.0,1.0,,Welcome to the RITC 2026 Liquidity Risk Case - practice server,Good Luck!,129,2026-02-01 13:35:33.392985,RITC,9.93,9.93,9.95,151800.0,196500.0,0,0,0,0,0,0,0,0,0,0,0,0,0,0,0,0,0,0,0,0,0
,,,,,,129,2026-02-01 13:35:33.392985,COMP,25.0,25.0,25.06,143200.0,137000.0,0,0,0,0,0,0,0,0,0,0,0,0,0,0,0,0,0,0,0,0,0
1.0,1.0,1.0,,Welcome to the RITC 2026 Liquidity Risk Case - practice server,Good Luck!,130,2026-02-01 13:35:34.414978,RITC,9.9,9.9,9.93,130400.0,196400.0,0,0,0,0,0,0,0,0,0,0,0,0,0,0,0,0,0,0,0,0,0
,,,,,,130,2026-02-01 13:35:34.414978,COMP,25.0,25.0,25.04,143200.0,137100.0,0,0,0,0,0,0,0,0,0,0,0,0,0,0,0,0,0,0,0,0,0
1.0,1.0,1.0,,Welcome to the RITC 2026 Liquidity Risk Case - practice server,Good Luck!,131,2026-02-01 13:35:35.454892,RITC,9.9,9.9,9.93,130400.0,197800.0,0,0,0,0,0,0,0,0,0,0,0,0,0,0,0,0,0,0,0,0,0
,,,,,,131,2026-02-01 13:35:35.454892,COMP,24.9,24.99,25.04,143100.0,137100.0,0,0,0,0,0,0,0,0,0,0,0,0,0,0,0,0,0,0,0,0,0
1.0,1.0,1.0,,Welcome to the RITC 2026 Liquidity Risk Case - practice server,Good Luck!,132,2026-02-01 13:35:36.485217,RITC,9.9,9.9,9.92,130400.0,196900.0,0,0,0,0,0,0,0,0,0,0,0,0,0,0,0,0,0,0,0,0,0
,,,,,,132,2026-02-01 13:35:36.485217,COMP,24.91,24.91,25.06,143400.0,137000.0,0,0,0,0,0,0,0,0,0,0,0,0,0,0,0,0,0,0,0,0,0
1.0,1.0,1.0,,Welcome to the RITC 2026 Liquidity Risk Case - practice server,Good Luck!,133,2026-02-01 13:35:37.505070,RITC,9.9,9.9,9.92,120800.0,196900.0,0,0,0,0,0,0,0,0,0,0,0,0,0,0,0,0,0,0,0,0,0
,,,,,,133,2026-02-01 13:35:37.505070,COMP,24.9,24.9,24.95,143000.0,136500.0,0,0,0,0,0,0,0,0,0,0,0,0,0,0,0,0,0,0,0,0,0
1.0,1.0,1.0,,Welcome to the RITC 2026 Liquidity Risk Case - practice server,Good Luck!,134,2026-02-01 13:35:38.527851,RITC,9.9,9.9,9.91,120800.0,193600.0,0,0,0,0,0,0,0,0,0,0,0,0,0,0,0,0,0,0,0,0,0
,,,,,,134,2026-02-01 13:35:38.527851,COMP,24.95,24.99,25.06,144300.0,137000.0,0,0,0,0,0,0,0,0,0,0,0,0,0,0,0,0,0,0,0,0,0
1.0,1.0,1.0,,Welcome to the RITC 2026 Liquidity Risk Case - practice server,Good Luck!,135,2026-02-01 13:35:39.539648,RITC,9.9,9.9,9.91,120800.0,193400.0,0,0,0,0,0,0,0,0,0,0,0,0,0,0,0,0,0,0,0,0,0
,,,,,,135,2026-02-01 13:35:39.539648,COMP,24.95,24.99,25.06,144700.0,137100.0,0,0,0,0,0,0,0,0,0,0,0,0,0,0,0,0,0,0,0,0,0
1.0,1.0,1.0,,Welcome to the RITC 2026 Liquidity Risk Case - practice server,Good Luck!,136,2026-02-01 13:35:40.562370,RITC,9.91,9.89,9.91,101300.0,193400.0,0,0,0,0,0,0,0,0,0,0,0,0,0,0,0,0,0,0,0,0,0
,,,,,,136,2026-02-01 13:35:40.562370,COMP,24.95,24.99,25.06,143500.0,137100.0,0,0,0,0,0,0,0,0,0,0,0,0,0,0,0,0,0,0,0,0,0
1.0,1.0,1.0,,Welcome to the RITC 2026 Liquidity Risk Case - practice server,Good Luck!,137,2026-02-01 13:35:41.597103,RITC,9.91,9.9,9.91,4231.0,99100.0,192600.0,0,0,0,0,0,0,0,0,0,0,0,0,0,0,0,0,0,0,0,0
,,,,,,137,2026-02-01 13:35:41.597103,COMP,24.95,24.99,25.02,,142500.0,136900.0,0,0,0,0,0,0,0,0,0,0,0,0,0,0,0,0,0,0,0,0
1.0,1.0,1.0,,Welcome to the RITC 2026 Liquidity Risk Case - practice server,Good Luck!,138,2026-02-01 13:35:42.626871,RITC,9.95,9.88,9.89,100600.0,191700.0,0,0,0,0,0,0,0,0,0,0,0,0,0,0,0,0,0,0,0,0,0
,,,,,,138,2026-02-01 13:35:42.626871,COMP,25.06,24.99,25.06,142500.0,137100.0,0,0,0,0,0,0,0,0,0,0,0,0,0,0,0,0,0,0,0,0,0
1.0,1.0,1.0,,Welcome to the RITC 2026 Liquidity Risk Case - practice server,Good Luck!,139,2026-02-01 13:35:43.648653,RITC,9.88,9.87,9.88,102500.0,195900.0,0,0,0,0,0,0,0,0,0,0,0,0,0,0,0,0,0,0,0,0,0
,,,,,,139,2026-02-01 13:35:43.648653,COMP,25.06,25.01,25.06,141800.0,137100.0,0,0,0,0,0,0,0,0,0,0,0,0,0,0,0,0,0,0,0,0,0
1.0,1.0,1.0,,Welcome to the RITC 2026 Liquidity Risk Case - practice server,Good Luck!,140,2026-02-01 13:35:44.675195,RITC,9.88,9.87,9.88,102500.0,197800.0,0,0,0,0,0,0,0,0,0,0,0,0,0,0,0,0,0,0,0,0,0
,,,,,,140,2026-02-01 13:35:44.675195,COMP,25.06,25.01,25.06,140100.0,136400.0,0,0,0,0,0,0,0,0,0,0,0,0,0,0,0,0,0,0,0,0,0
1.0,1.0,1.0,,Welcome to the RITC 2026 Liquidity Risk Case - practice server,Good Luck!,141,2026-02-01 13:35:45.695052,RITC,9.86,9.86,9.87,102900.0,201000.0,0,0,0,0,0,0,0,0,0,0,0,0,0,0,0,0,0,0,0,0,0
,,,,,,141,2026-02-01 13:35:45.695052,COMP,25.07,25.01,25.07,140100.0,136200.0,0,0,0,0,0,0,0,0,0,0,0,0,0,0,0,0,0,0,0,0,0
1.0,1.0,1.0,,Welcome to the RITC 2026 Liquidity Risk Case - practice server,Good Luck!,142,2026-02-01 13:35:46.710037,RITC,9.87,9.87,9.88,2278.0,123100.0,197800.0,0,0,0,0,0,0,0,0,0,0,0,0,0,0,0,0,0,0,0,0
,,,,,,142,2026-02-01 13:35:46.710037,COMP,25.07,25.05,25.07,,142000.0,136200.0,0,0,0,0,0,0,0,0,0,0,0,0,0,0,0,0,0,0,0,0
1.0,1.0,1.0,,Welcome to the RITC 2026 Liquidity Risk Case - practice server,Good Luck!,143,2026-02-01 13:35:47.735527,RITC,9.88,9.87,9.88,2278.0,132900.0,200500.0,0,0,0,0,0,0,0,0,0,0,0,0,0,0,0,0,0,0,0,0
,,,,,,143,2026-02-01 13:35:47.735527,COMP,25.07,25.05,25.07,,142000.0,136000.0,0,0,0,0,0,0,0,0,0,0,0,0,0,0,0,0,0,0,0,0
1.0,1.0,1.0,,Welcome to the RITC 2026 Liquidity Risk Case - practice server,Good Luck!,144,2026-02-01 13:35:48.745259,RITC,9.86,9.85,9.86,1624.0,124100.0,196000.0,0,0,0,0,0,0,0,0,0,0,0,0,0,0,0,0,0,0,0,0
,,,,,,144,2026-02-01 13:35:48.745259,COMP,25.07,25.05,25.07,,142000.0,134600.0,0,0,0,0,0,0,0,0,0,0,0,0,0,0,0,0,0,0,0,0
1.0,1.0,1.0,,Welcome to the RITC 2026 Liquidity Risk Case - practice server,Good Luck!,145,2026-02-01 13:35:49.779878,RITC,9.87,9.87,9.88,135400.0,4555.0,200500.0,0,0,0,0,0,0,0,0,0,0,0,0,0,0,0,0,0,0,0,0
,,,,,,145,2026-02-01 13:35:49.779878,COMP,25.07,25.05,25.07,143100.0,,137000.0,0,0,0,0,0,0,0,0,0,0,0,0,0,0,0,0,0,0,0,0
1.0,1.0,1.0,,Welcome to the RITC 2026 Liquidity Risk Case - practice server,Good Luck!,146,2026-02-01 13:35:50.798031,RITC,9.89,9.87,9.89,2846.0,124100.0,198400.0,0,0,0,0,0,0,0,0,0,0,0,0,0,0,0,0,0,0,0,0
,,,,,,146,2026-02-01 13:35:50.798031,COMP,25.08,25.05,25.08,,143100.0,139400.0,0,0,0,0,0,0,0,0,0,0,0,0,0,0,0,0,0,0,0,0
1.0,1.0,1.0,,Welcome to the RITC 2026 Liquidity Risk Case - practice server,Good Luck!,147,2026-02-01 13:35:51.830315,RITC,9.87,9.86,9.87,5000.0,1624.0,133800.0,196800.0,0,0,0,0,0,0,0,0,0,0,0,0,0,0,0,0,0,0,0
,,,,,,147,2026-02-01 13:35:51.830315,COMP,25.09,25.05,25.09,,,143100.0,140500.0,0,0,0,0,0,0,0,0,0,0,0,0,0,0,0,0,0,0,0
1.0,1.0,1.0,,Welcome to the RITC 2026 Liquidity Risk Case - practice server,Good Luck!,148,2026-02-01 13:35:52.854107,RITC,9.89,9.88,9.89,3655.0,143000.0,5000.0,196900.0,0,0,0,0,0,0,0,0,0,0,0,0,0,0,0,0,0,0,0
,,,,,,148,2026-02-01 13:35:52.854107,COMP,25.09,25.05,25.09,,143900.0,,139200.0,0,0,0,0,0,0,0,0,0,0,0,0,0,0,0,0,0,0,0
1.0,1.0,1.0,,Welcome to the RITC 2026 Liquidity Risk Case - practice server,Good Luck!,149,2026-02-01 13:35:53.891428,RITC,9.89,9.89,9.9,10000.0,4499.0,146100.0,196900.0,0,0,0,0,0,0,0,0,0,0,0,0,0,0,0,0,0,0,0
,,,,,,149,2026-02-01 13:35:53.891428,COMP,25.1,25.05,25.1,,,143900.0,139200.0,0,0,0,0,0,0,0,0,0,0,0,0,0,0,0,0,0,0,0
1.0,1.0,1.0,,Welcome to the RITC 2026 Liquidity Risk Case - practice server,Good Luck!,150,2026-02-01 13:35:54.913662,RITC,9.9,9.9,9.91,134800.0,5226.0,10000.0,196700.0,0,0,0,0,0,0,0,0,0,0,0,0,0,0,0,0,0,0,0
,,,,,,150,2026-02-01 13:35:54.913662,COMP,25.1,25.09,25.1,146500.0,,,139200.0,0,0,0,0,0,0,0,0,0,0,0,0,0,0,0,0,0,0,0
1.0,1.0,1.0,,Welcome to the RITC 2026 Liquidity Risk Case - practice server,Good Luck!,151,2026-02-01 13:35:55.934597,RITC,9.93,9.91,9.93,5853.0,124300.0,10000.0,198200.0,0,0,0,0,0,0,0,0,0,0,0,0,0,0,0,0,0,0,0
,,,,,,151,2026-02-01 13:35:55.934597,COMP,25.1,25.09,25.1,,146500.0,,140000.0,0,0,0,0,0,0,0,0,0,0,0,0,0,0,0,0,0,0,0
1.0,1.0,1.0,,Welcome to the RITC 2026 Liquidity Risk Case - practice server,Good Luck!,152,2026-02-01 13:35:56.954450,RITC,9.95,9.94,9.95,6976.0,105100.0,10000.0,198700.0,0,0,0,0,0,0,0,0,0,0,0,0,0,0,0,0,0,0,0
,,,,,,152,2026-02-01 13:35:56.954450,COMP,25.11,25.09,25.11,,146000.0,,139800.0,0,0,0,0,0,0,0,0,0,0,0,0,0,0,0,0,0,0,0
1.0,1.0,1.0,,Welcome to the RITC 2026 Liquidity Risk Case - practice server,Good Luck!,153,2026-02-01 13:35:57.984352,RITC,9.96,9.95,9.96,5854.0,123100.0,199000.0,0,0,0,0,0,0,0,0,0,0,0,0,0,0,0,0,0,0,0,0
,,,,,,153,2026-02-01 13:35:57.984352,COMP,25.11,25.1,25.11,,146700.0,139800.0,0,0,0,0,0,0,0,0,0,0,0,0,0,0,0,0,0,0,0,0
1.0,1.0,1.0,,Welcome to the RITC 2026 Liquidity Risk Case - practice server,Good Luck!,154,2026-02-01 13:35:59.004503,RITC,9.96,9.95,9.96,5854.0,125000.0,199700.0,0,0,0,0,0,0,0,0,0,0,0,0,0,0,0,0,0,0,0,0
,,,,,,154,2026-02-01 13:35:59.004503,COMP,25.11,25.1,25.11,,145700.0,139800.0,0,0,0,0,0,0,0,0,0,0,0,0,0,0,0,0,0,0,0,0
1.0,1.0,1.0,,Welcome to the RITC 2026 Liquidity Risk Case - practice server,Good Luck!,155,2026-02-01 13:36:00.044741,RITC,9.96,9.95,9.96,5854.0,127400.0,199700.0,0,0,0,0,0,0,0,0,0,0,0,0,0,0,0,0,0,0,0,0
,,,,,,155,2026-02-01 13:36:00.044741,COMP,25.11,25.1,25.11,,144300.0,139500.0,0,0,0,0,0,0,0,0,0,0,0,0,0,0,0,0,0,0,0,0
1.0,1.0,1.0,,Welcome to the RITC 2026 Liquidity Risk Case - practice server,Good Luck!,156,2026-02-01 13:36:01.074262,RITC,9.96,9.95,9.96,5854.0,127500.0,203700.0,0,0,0,0,0,0,0,0,0,0,0,0,0,0,0,0,0,0,0,0
,,,,,,156,2026-02-01 13:36:01.074262,COMP,25.11,25.1,25.11,,144300.0,138400.0,0,0,0,0,0,0,0,0,0,0,0,0,0,0,0,0,0,0,0,0
1.0,1.0,1.0,,Welcome to the RITC 2026 Liquidity Risk Case - practice server,Good Luck!,157,2026-02-01 13:36:02.119205,RITC,9.98,9.95,9.98,4801.0,136800.0,202300.0,0,0,0,0,0,0,0,0,0,0,0,0,0,0,0,0,0,0,0,0
,,,,,,157,2026-02-01 13:36:02.119205,COMP,25.12,25.1,25.12,,144900.0,140700.0,0,0,0,0,0,0,0,0,0,0,0,0,0,0,0,0,0,0,0,0
1.0,1.0,1.0,,Welcome to the RITC 2026 Liquidity Risk Case - practice server,Good Luck!,158,2026-02-01 13:36:03.134494,RITC,10.0,9.97,10.0,3471.0,147500.0,204400.0,0,0,0,0,0,0,0,0,0,0,0,0,0,0,0,0,0,0,0,0
,,,,,,158,2026-02-01 13:36:03.134494,COMP,25.12,25.1,25.12,,143200.0,140700.0,0,0,0,0,0,0,0,0,0,0,0,0,0,0,0,0,0,0,0,0
1.0,1.0,1.0,,Welcome to the RITC 2026 Liquidity Risk Case - practice server,Good Luck!,159,2026-02-01 13:36:04.164535,RITC,10.01,9.99,10.01,3988.0,136800.0,206600.0,0,0,0,0,0,0,0,0,0,0,0,0,0,0,0,0,0,0,0,0
,,,,,,159,2026-02-01 13:36:04.164535,COMP,25.15,25.1,25.15,,143200.0,139200.0,0,0,0,0,0,0,0,0,0,0,0,0,0,0,0,0,0,0,0,0
1.0,1.0,1.0,,Welcome to the RITC 2026 Liquidity Risk Case - practice server,Good Luck!,160,2026-02-01 13:36:05.184452,RITC,10.01,10.0,10.01,4434.0,126300.0,209500.0,0,0,0,0,0,0,0,0,0,0,0,0,0,0,0,0,0,0,0,0
,,,,,,160,2026-02-01 13:36:05.184452,COMP,25.15,25.1,25.15,,141900.0,139200.0,0,0,0,0,0,0,0,0,0,0,0,0,0,0,0,0,0,0,0,0
1.0,1.0,1.0,,Welcome to the RITC 2026 Liquidity Risk Case - practice server,Good Luck!,161,2026-02-01 13:36:06.229974,RITC,10.01,10.0,10.01,3080.0,149200.0,209100.0,0,0,0,0,0,0,0,0,0,0,0,0,0,0,0,0,0,0,0,0
,,,,,,161,2026-02-01 13:36:06.229974,COMP,25.15,25.1,25.15,,144300.0,139200.0,0,0,0,0,0,0,0,0,0,0,0,0,0,0,0,0,0,0,0,0
1.0,1.0,1.0,,Welcome to the RITC 2026 Liquidity Risk Case - practice server,Good Luck!,162,2026-02-01 13:36:07.264546,RITC,10.02,10.0,10.02,1957.0,168200.0,208700.0,0,0,0,0,0,0,0,0,0,0,0,0,0,0,0,0,0,0,0,0
,,,,,,162,2026-02-01 13:36:07.264546,COMP,25.15,25.1,25.15,,144500.0,141500.0,0,0,0,0,0,0,0,0,0,0,0,0,0,0,0,0,0,0,0,0
1.0,1.0,1.0,,Welcome to the RITC 2026 Liquidity Risk Case - practice server,Good Luck!,163,2026-02-01 13:36:08.284519,RITC,10.02,10.01,10.02,166000.0,1986.0,208700.0,0,0,0,0,0,0,0,0,0,0,0,0,0,0,0,0,0,0,0,0
,,,,,,163,2026-02-01 13:36:08.284519,COMP,25.15,25.1,25.15,144500.0,,141500.0,0,0,0,0,0,0,0,0,0,0,0,0,0,0,0,0,0,0,0,0
1.0,1.0,1.0,,Welcome to the RITC 2026 Liquidity Risk Case - practice server,Good Luck!,164,2026-02-01 13:36:09.304482,RITC,10.03,10.02,10.03,155300.0,2444.0,204000.0,0,0,0,0,0,0,0,0,0,0,0,0,0,0,0,0,0,0,0,0
,,,,,,164,2026-02-01 13:36:09.304482,COMP,25.15,25.12,25.15,146900.0,,141500.0,0,0,0,0,0,0,0,0,0,0,0,0,0,0,0,0,0,0,0,0
1.0,1.0,1.0,,Welcome to the RITC 2026 Liquidity Risk Case - practice server,Good Luck!,165,2026-02-01 13:36:10.326124,RITC,10.03,10.02,10.03,159500.0,2444.0,204000.0,0,0,0,0,0,0,0,0,0,0,0,0,0,0,0,0,0,0,0,0
,,,,,,165,2026-02-01 13:36:10.326124,COMP,25.15,25.15,25.16,147400.0,,139100.0,0,0,0,0,0,0,0,0,0,0,0,0,0,0,0,0,0,0,0,0
1.0,1.0,1.0,,Welcome to the RITC 2026 Liquidity Risk Case - practice server,Good Luck!,166,2026-02-01 13:36:11.348936,RITC,10.03,10.02,10.03,158100.0,2444.0,204500.0,0,0,0,0,0,0,0,0,0,0,0,0,0,0,0,0,0,0,0,0
,,,,,,166,2026-02-01 13:36:11.348936,COMP,25.15,25.15,25.16,145800.0,,139100.0,0,0,0,0,0,0,0,0,0,0,0,0,0,0,0,0,0,0,0,0
1.0,1.0,1.0,,Welcome to the RITC 2026 Liquidity Risk Case - practice server,Good Luck!,167,2026-02-01 13:36:12.363973,RITC,10.03,10.02,10.03,155900.0,2444.0,204500.0,0,0,0,0,0,0,0,0,0,0,0,0,0,0,0,0,0,0,0,0
,,,,,,167,2026-02-01 13:36:12.363973,COMP,25.15,25.15,25.16,143300.0,,139100.0,0,0,0,0,0,0,0,0,0,0,0,0,0,0,0,0,0,0,0,0
1.0,1.0,1.0,,Welcome to the RITC 2026 Liquidity Risk Case - practice server,Good Luck!,168,2026-02-01 13:36:13.383942,RITC,10.03,10.02,10.03,176800.0,1435.0,201600.0,0,0,0,0,0,0,0,0,0,0,0,0,0,0,0,0,0,0,0,0
,,,,,,168,2026-02-01 13:36:13.383942,COMP,25.15,25.15,25.16,142800.0,,139100.0,0,0,0,0,0,0,0,0,0,0,0,0,0,0,0,0,0,0,0,0
1.0,1.0,1.0,,Welcome to the RITC 2026 Liquidity Risk Case - practice server,Good Luck!,169,2026-02-01 13:36:14.404229,RITC,10.04,10.02,10.04,186500.0,989.0,203000.0,0,0,0,0,0,0,0,0,0,0,0,0,0,0,0,0,0,0,0,0
,,,,,,169,2026-02-01 13:36:14.404229,COMP,25.15,25.15,25.16,142200.0,,139100.0,0,0,0,0,0,0,0,0,0,0,0,0,0,0,0,0,0,0,0,0
1.0,1.0,1.0,,Welcome to the RITC 2026 Liquidity Risk Case - practice server,Good Luck!,170,2026-02-01 13:36:15.426947,RITC,10.04,10.03,10.04,1313.0,175700.0,203100.0,0,0,0,0,0,0,0,0,0,0,0,0,0,0,0,0,0,0,0,0
,,,,,,170,2026-02-01 13:36:15.426947,COMP,25.16,25.15,25.16,,142200.0,139800.0,0,0,0,0,0,0,0,0,0,0,0,0,0,0,0,0,0,0,0,0
1.0,1.0,1.0,,Welcome to the RITC 2026 Liquidity Risk Case - practice server,Good Luck!,171,2026-02-01 13:36:16.444082,RITC,10.04,10.03,10.04,1313.0,175700.0,204600.0,0,0,0,0,0,0,0,0,0,0,0,0,0,0,0,0,0,0,0,0
,,,,,,171,2026-02-01 13:36:16.444082,COMP,25.16,25.15,25.16,,140400.0,138800.0,0,0,0,0,0,0,0,0,0,0,0,0,0,0,0,0,0,0,0,0
1.0,1.0,1.0,,Welcome to the RITC 2026 Liquidity Risk Case - practice server,Good Luck!,172,2026-02-01 13:36:17.473873,RITC,10.04,10.03,10.04,782.0,186500.0,204800.0,0,0,0,0,0,0,0,0,0,0,0,0,0,0,0,0,0,0,0,0
,,,,,,172,2026-02-01 13:36:17.473873,COMP,25.16,25.15,25.16,,140200.0,138800.0,0,0,0,0,0,0,0,0,0,0,0,0,0,0,0,0,0,0,0,0
1.0,1.0,1.0,,Welcome to the RITC 2026 Liquidity Risk Case - practice server,Good Luck!,173,2026-02-01 13:36:18.501447,RITC,10.05,10.04,10.05,583.0,186500.0,199200.0,0,0,0,0,0,0,0,0,0,0,0,0,0,0,0,0,0,0,0,0
,,,,,,173,2026-02-01 13:36:18.501447,COMP,25.19,25.15,25.19,,140200.0,136400.0,0,0,0,0,0,0,0,0,0,0,0,0,0,0,0,0,0,0,0,0
1.0,1.0,1.0,,Welcome to the RITC 2026 Liquidity Risk Case - practice server,Good Luck!,174,2026-02-01 13:36:19.529808,RITC,10.05,10.04,10.05,583.0,186500.0,195500.0,0,0,0,0,0,0,0,0,0,0,0,0,0,0,0,0,0,0,0,0
,,,,,,174,2026-02-01 13:36:19.529808,COMP,25.19,25.15,25.19,,140900.0,136400.0,0,0,0,0,0,0,0,0,0,0,0,0,0,0,0,0,0,0,0,0
1.0,1.0,1.0,,Welcome to the RITC 2026 Liquidity Risk Case - practice server,Good Luck!,175,2026-02-01 13:36:20.559670,RITC,10.05,10.04,10.05,583.0,184200.0,194000.0,0,0,0,0,0,0,0,0,0,0,0,0,0,0,0,0,0,0,0,0
,,,,,,175,2026-02-01 13:36:20.559670,COMP,25.21,25.15,25.21,,140900.0,136100.0,0,0,0,0,0,0,0,0,0,0,0,0,0,0,0,0,0,0,0,0
1.0,1.0,1.0,,Welcome to the RITC 2026 Liquidity Risk Case - practice server,Good Luck!,177,2026-02-01 13:36:21.582765,RITC,10.05,10.04,10.05,583.0,179300.0,194000.0,0,0,0,0,0,0,0,0,0,0,0,0,0,0,0,0,0,0,0,0
,,,,,,177,2026-02-01 13:36:21.582765,COMP,25.21,25.2,25.21,,140500.0,136100.0,0,0,0,0,0,0,0,0,0,0,0,0,0,0,0,0,0,0,0,0
1.0,1.0,1.0,,Welcome to the RITC 2026 Liquidity Risk Case - practice server,Good Luck!,178,2026-02-01 13:36:22.604127,RITC,10.05,10.05,10.06,178000.0,583.0,191700.0,0,0,0,0,0,0,0,0,0,0,0,0,0,0,0,0,0,0,0,0
,,,,,,178,2026-02-01 13:36:22.604127,COMP,25.21,25.23,25.24,142100.0,,138300.0,0,0,0,0,0,0,0,0,0,0,0,0,0,0,0,0,0,0,0,0
1.0,1.0,1.0,,Welcome to the RITC 2026 Liquidity Risk Case - practice server,Good Luck!,179,2026-02-01 13:36:23.633857,RITC,10.06,10.05,10.06,177400.0,583.0,191300.0,0,0,0,0,0,0,0,0,0,0,0,0,0,0,0,0,0,0,0,0
,,,,,,179,2026-02-01 13:36:23.633857,COMP,25.24,25.23,25.24,142100.0,,138300.0,0,0,0,0,0,0,0,0,0,0,0,0,0,0,0,0,0,0,0,0
1.0,1.0,1.0,,Welcome to the RITC 2026 Liquidity Risk Case - practice server,Good Luck!,180,2026-02-01 13:36:24.663863,RITC,10.06,10.05,10.06,186600.0,259.0,191300.0,0,0,0,0,0,0,0,0,0,0,0,0,0,0,0,0,0,0,0,0
,,,,,,180,2026-02-01 13:36:24.663863,COMP,25.24,25.23,25.24,142600.0,,138300.0,0,0,0,0,0,0,0,0,0,0,0,0,0,0,0,0,0,0,0,0
1.0,1.0,1.0,,Welcome to the RITC 2026 Liquidity Risk Case - practice server,Good Luck!,181,2026-02-01 13:36:25.693493,RITC,10.07,10.05,10.07,186600.0,259.0,195400.0,0,0,0,0,0,0,0,0,0,0,0,0,0,0,0,0,0,0,0,0
,,,,,,181,2026-02-01 13:36:25.693493,COMP,25.25,25.23,25.25,142200.0,,130700.0,0,0,0,0,0,0,0,0,0,0,0,0,0,0,0,0,0,0,0,0
1.0,1.0,1.0,,Welcome to the RITC 2026 Liquidity Risk Case - practice server,Good Luck!,182,2026-02-01 13:36:26.728336,RITC,10.07,10.06,10.07,387.0,172300.0,195400.0,0,0,0,0,0,0,0,0,0,0,0,0,0,0,0,0,0,0,0,0
,,,,,,182,2026-02-01 13:36:26.728336,COMP,25.25,25.26,25.27,,142500.0,123200.0,0,0,0,0,0,0,0,0,0,0,0,0,0,0,0,0,0,0,0,0
1.0,1.0,1.0,,Welcome to the RITC 2026 Liquidity Risk Case - practice server,Good Luck!,183,2026-02-01 13:36:27.753745,RITC,10.07,10.06,10.07,387.0,172300.0,195300.0,0,0,0,0,0,0,0,0,0,0,0,0,0,0,0,0,0,0,0,0
,,,,,,183,2026-02-01 13:36:27.753745,COMP,25.27,25.26,25.27,,140700.0,123200.0,0,0,0,0,0,0,0,0,0,0,0,0,0,0,0,0,0,0,0,0
1.0,1.0,1.0,,Welcome to the RITC 2026 Liquidity Risk Case - practice server,Good Luck!,184,2026-02-01 13:36:28.773687,RITC,10.08,10.07,10.08,240.0,172300.0,196300.0,0,0,0,0,0,0,0,0,0,0,0,0,0,0,0,0,0,0,0,0
,,,,,,184,2026-02-01 13:36:28.773687,COMP,25.3,25.26,25.3,,140700.0,115200.0,0,0,0,0,0,0,0,0,0,0,0,0,0,0,0,0,0,0,0,0
1.0,1.0,1.0,,Welcome to the RITC 2026 Liquidity Risk Case - practice server,Good Luck!,185,2026-02-01 13:36:29.793253,RITC,10.08,10.08,10.09,162600.0,340.0,194000.0,0,0,0,0,0,0,0,0,0,0,0,0,0,0,0,0,0,0,0,0
,,,,,,185,2026-02-01 13:36:29.793253,COMP,25.31,25.26,25.31,140700.0,,108200.0,0,0,0,0,0,0,0,0,0,0,0,0,0,0,0,0,0,0,0,0
1.0,1.0,1.0,,Welcome to the RITC 2026 Liquidity Risk Case - practice server,Good Luck!,186,2026-02-01 13:36:30.823838,RITC,10.09,10.08,10.09,163100.0,340.0,194000.0,0,0,0,0,0,0,0,0,0,0,0,0,0,0,0,0,0,0,0,0
,,,,,,186,2026-02-01 13:36:30.823838,COMP,25.31,25.29,25.31,141000.0,,108200.0,0,0,0,0,0,0,0,0,0,0,0,0,0,0,0,0,0,0,0,0
1.0,1.0,1.0,,Welcome to the RITC 2026 Liquidity Risk Case - practice server,Good Luck!,187,2026-02-01 13:36:31.843941,RITC,10.09,10.08,10.09,163100.0,340.0,192300.0,0,0,0,0,0,0,0,0,0,0,0,0,0,0,0,0,0,0,0,0
,,,,,,187,2026-02-01 13:36:31.843941,COMP,25.33,25.29,25.33,141000.0,,101000.0,0,0,0,0,0,0,0,0,0,0,0,0,0,0,0,0,0,0,0,0
1.0,1.0,1.0,,Welcome to the RITC 2026 Liquidity Risk Case - practice server,Good Luck!,188,2026-02-01 13:36:32.863613,RITC,10.09,10.08,10.09,162000.0,340.0,192300.0,0,0,0,0,0,0,0,0,0,0,0,0,0,0,0,0,0,0,0,0
,,,,,,188,2026-02-01 13:36:32.863613,COMP,25.33,25.3,25.33,139600.0,,101000.0,0,0,0,0,0,0,0,0,0,0,0,0,0,0,0,0,0,0,0,0
1.0,1.0,1.0,,Welcome to the RITC 2026 Liquidity Risk Case - practice server,Good Luck!,189,2026-02-01 13:36:33.883463,RITC,10.09,10.08,10.09,162000.0,340.0,192300.0,0,0,0,0,0,0,0,0,0,0,0,0,0,0,0,0,0,0,0,0
,,,,,,189,2026-02-01 13:36:33.883463,COMP,25.33,25.31,25.33,137300.0,,101000.0,0,0,0,0,0,0,0,0,0,0,0,0,0,0,0,0,0,0,0,0
1.0,1.0,1.0,,Welcome to the RITC 2026 Liquidity Risk Case - practice server,Good Luck!,190,2026-02-01 13:36:34.913810,RITC,10.09,10.08,10.09,171600.0,240.0,190800.0,0,0,0,0,0,0,0,0,0,0,0,0,0,0,0,0,0,0,0,0
,,,,,,190,2026-02-01 13:36:34.913810,COMP,25.33,25.38,25.39,137400.0,,92800.0,0,0,0,0,0,0,0,0,0,0,0,0,0,0,0,0,0,0,0,0
1.0,1.0,1.0,,Welcome to the RITC 2026 Liquidity Risk Case - practice server,Good Luck!,191,2026-02-01 13:36:35.927895,RITC,10.16,10.09,10.1,212.0,171600.0,191600.0,0,0,0,0,0,0,0,0,0,0,0,0,0,0,0,0,0,0,0,0
,,,,,,191,2026-02-01 13:36:35.927895,COMP,25.33,25.38,25.39,,138600.0,92800.0,0,0,0,0,0,0,0,0,0,0,0,0,0,0,0,0,0,0,0,0
1.0,1.0,1.0,,Welcome to the RITC 2026 Liquidity Risk Case - practice server,Good Luck!,192,2026-02-01 13:36:36.943338,RITC,10.1,10.07,10.1,192700.0,192100.0,0,0,0,0,0,0,0,0,0,0,0,0,0,0,0,0,0,0,0,0,0
,,,,,,192,2026-02-01 13:36:36.943338,COMP,25.4,25.38,25.4,139800.0,87100.0,0,0,0,0,0,0,0,0,0,0,0,0,0,0,0,0,0,0,0,0,0
1.0,1.0,1.0,,Welcome to the RITC 2026 Liquidity Risk Case - practice server,Good Luck!,193,2026-02-01 13:36:37.958351,RITC,10.11,10.1,10.11,191300.0,195000.0,0,0,0,0,0,0,0,0,0,0,0,0,0,0,0,0,0,0,0,0,0
,,,,,,193,2026-02-01 13:36:37.958351,COMP,25.4,25.38,25.4,142500.0,87100.0,0,0,0,0,0,0,0,0,0,0,0,0,0,0,0,0,0,0,0,0,0
1.0,1.0,1.0,,Welcome to the RITC 2026 Liquidity Risk Case - practice server,Good Luck!,194,2026-02-01 13:36:38.993310,RITC,10.12,10.1,10.12,191300.0,182100.0,0,0,0,0,0,0,0,0,0,0,0,0,0,0,0,0,0,0,0,0,0
,,,,,,194,2026-02-01 13:36:38.993310,COMP,25.2,25.38,25.4,142500.0,81200.0,0,0,0,0,0,0,0,0,0,0,0,0,0,0,0,0,0,0,0,0,0
1.0,1.0,1.0,,Welcome to the RITC 2026 Liquidity Risk Case - practice server,Good Luck!,195,2026-02-01 13:36:40.019002,RITC,10.13,10.1,10.13,193900.0,171900.0,0,0,0,0,0,0,0,0,0,0,0,0,0,0,0,0,0,0,0,0,0
,,,,,,195,2026-02-01 13:36:40.019002,COMP,25.41,25.38,25.41,142500.0,67000.0,0,0,0,0,0,0,0,0,0,0,0,0,0,0,0,0,0,0,0,0,0
1.0,1.0,1.0,,Welcome to the RITC 2026 Liquidity Risk Case - practice server,Good Luck!,196,2026-02-01 13:36:41.033191,RITC,10.13,10.1,10.13,193400.0,181700.0,0,0,0,0,0,0,0,0,0,0,0,0,0,0,0,0,0,0,0,0,0
,,,,,,196,2026-02-01 13:36:41.033191,COMP,25.41,25.38,25.41,143600.0,67000.0,0,0,0,0,0,0,0,0,0,0,0,0,0,0,0,0,0,0,0,0,0
1.0,1.0,1.0,,Welcome to the RITC 2026 Liquidity Risk Case - practice server,Good Luck!,197,2026-02-01 13:36:42.062843,RITC,10.13,10.1,10.13,193400.0,192200.0,0,0,0,0,0,0,0,0,0,0,0,0,0,0,0,0,0,0,0,0,0
,,,,,,197,2026-02-01 13:36:42.062843,COMP,25.41,25.46,25.49,143800.0,67700.0,0,0,0,0,0,0,0,0,0,0,0,0,0,0,0,0,0,0,0,0,0
1.0,1.0,1.0,,Welcome to the RITC 2026 Liquidity Risk Case - practice server,Good Luck!,198,2026-02-01 13:36:43.092263,RITC,10.1,10.1,10.13,193400.0,192200.0,0,0,0,0,0,0,0,0,0,0,0,0,0,0,0,0,0,0,0,0,0
,,,,,,198,2026-02-01 13:36:43.092263,COMP,25.41,25.46,25.49,143800.0,67700.0,0,0,0,0,0,0,0,0,0,0,0,0,0,0,0,0,0,0,0,0,0
1.0,1.0,1.0,,Welcome to the RITC 2026 Liquidity Risk Case - practice server,Good Luck!,199,2026-02-01 13:36:44.119918,RITC,10.1,10.1,10.13,194000.0,192200.0,0,0,0,0,0,0,0,0,0,0,0,0,0,0,0,0,0,0,0,0,0
,,,,,,199,2026-02-01 13:36:44.119918,COMP,25.41,25.47,25.49,142800.0,67700.0,0,0,0,0,0,0,0,0,0,0,0,0,0,0,0,0,0,0,0,0,0
1.0,1.0,1.0,,Welcome to the RITC 2026 Liquidity Risk Case - practice server,Good Luck!,200,2026-02-01 13:36:45.143435,RITC,10.1,10.11,10.13,194500.0,193900.0,0,0,0,0,0,0,0,0,0,0,0,0,0,0,0,0,0,0,0,0,0
,,,,,,200,2026-02-01 13:36:45.143435,COMP,25.41,25.48,25.49,142600.0,67700.0,0,0,0,0,0,0,0,0,0,0,0,0,0,0,0,0,0,0,0,0,0
1.0,1.0,1.0,,Welcome to the RITC 2026 Liquidity Risk Case - practice server,Good Luck!,201,2026-02-01 13:36:46.176239,RITC,10.1,10.11,10.13,196200.0,196200.0,0,0,0,0,0,0,0,0,0,0,0,0,0,0,0,0,0,0,0,0,0
,,,,,,201,2026-02-01 13:36:46.176239,COMP,25.5,25.48,25.5,142600.0,66300.0,0,0,0,0,0,0,0,0,0,0,0,0,0,0,0,0,0,0,0,0,0
1.0,1.0,1.0,,Welcome to the RITC 2026 Liquidity Risk Case - practice server,Good Luck!,202,2026-02-01 13:36:47.193081,RITC,10.13,10.11,10.13,196200.0,195300.0,0,0,0,0,0,0,0,0,0,0,0,0,0,0,0,0,0,0,0,0,0
,,,,,,202,2026-02-01 13:36:47.193081,COMP,25.52,25.48,25.52,142600.0,66900.0,0,0,0,0,0,0,0,0,0,0,0,0,0,0,0,0,0,0,0,0,0
1.0,1.0,1.0,,Welcome to the RITC 2026 Liquidity Risk Case - practice server,Good Luck!,203,2026-02-01 13:36:48.213078,RITC,10.14,10.11,10.12,196200.0,193800.0,0,0,0,0,0,0,0,0,0,0,0,0,0,0,0,0,0,0,0,0,0
,,,,,,203,2026-02-01 13:36:48.213078,COMP,25.56,25.48,25.56,142600.0,66900.0,0,0,0,0,0,0,0,0,0,0,0,0,0,0,0,0,0,0,0,0,0
1.0,1.0,1.0,,Welcome to the RITC 2026 Liquidity Risk Case - practice server,Good Luck!,204,2026-02-01 13:36:49.230537,RITC,10.14,10.11,10.12,196900.0,195300.0,0,0,0,0,0,0,0,0,0,0,0,0,0,0,0,0,0,0,0,0,0
,,,,,,204,2026-02-01 13:36:49.230537,COMP,25.56,25.51,25.56,142400.0,66800.0,0,0,0,0,0,0,0,0,0,0,0,0,0,0,0,0,0,0,0,0,0
1.0,1.0,1.0,,Welcome to the RITC 2026 Liquidity Risk Case - practice server,Good Luck!,205,2026-02-01 13:36:50.262630,RITC,10.14,10.11,10.12,196900.0,194000.0,0,0,0,0,0,0,0,0,0,0,0,0,0,0,0,0,0,0,0,0,0
,,,,,,205,2026-02-01 13:36:50.262630,COMP,25.56,25.53,25.56,142300.0,66800.0,0,0,0,0,0,0,0,0,0,0,0,0,0,0,0,0,0,0,0,0,0
1.0,1.0,1.0,,Welcome to the RITC 2026 Liquidity Risk Case - practice server,Good Luck!,206,2026-02-01 13:36:51.285868,RITC,10.11,10.11,10.12,196900.0,193700.0,0,0,0,0,0,0,0,0,0,0,0,0,0,0,0,0,0,0,0,0,0
,,,,,,206,2026-02-01 13:36:51.285868,COMP,25.56,25.53,25.56,143200.0,66800.0,0,0,0,0,0,0,0,0,0,0,0,0,0,0,0,0,0,0,0,0,0
1.0,1.0,1.0,,Welcome to the RITC 2026 Liquidity Risk Case - practice server,Good Luck!,207,2026-02-01 13:36:52.322641,RITC,10.1,10.1,10.12,192800.0,193700.0,0,0,0,0,0,0,0,0,0,0,0,0,0,0,0,0,0,0,0,0,0
,,,,,,207,2026-02-01 13:36:52.322641,COMP,25.59,25.53,25.59,143200.0,67400.0,0,0,0,0,0,0,0,0,0,0,0,0,0,0,0,0,0,0,0,0,0
1.0,1.0,1.0,,Welcome to the RITC 2026 Liquidity Risk Case - practice server,Good Luck!,208,2026-02-01 13:36:53.357951,RITC,10.12,10.1,10.12,193700.0,193700.0,0,0,0,0,0,0,0,0,0,0,0,0,0,0,0,0,0,0,0,0,0
,,,,,,208,2026-02-01 13:36:53.357951,COMP,25.59,25.55,25.59,143300.0,67400.0,0,0,0,0,0,0,0,0,0,0,0,0,0,0,0,0,0,0,0,0,0
1.0,1.0,1.0,,Welcome to the RITC 2026 Liquidity Risk Case - practice server,Good Luck!,209,2026-02-01 13:36:54.382852,RITC,10.12,10.1,10.12,197000.0,192600.0,0,0,0,0,0,0,0,0,0,0,0,0,0,0,0,0,0,0,0,0,0
,,,,,,209,2026-02-01 13:36:54.382852,COMP,25.59,25.57,25.59,143500.0,67400.0,0,0,0,0,0,0,0,0,0,0,0,0,0,0,0,0,0,0,0,0,0
1.0,1.0,1.0,,Welcome to the RITC 2026 Liquidity Risk Case - practice server,Good Luck!,210,2026-02-01 13:36:55.412968,RITC,10.14,10.13,10.14,197900.0,193600.0,0,0,0,0,0,0,0,0,0,0,0,0,0,0,0,0,0,0,0,0,0
,,,,,,210,2026-02-01 13:36:55.412968,COMP,25.61,25.57,25.61,143500.0,69100.0,0,0,0,0,0,0,0,0,0,0,0,0,0,0,0,0,0,0,0,0,0
1.0,1.0,1.0,,Welcome to the RITC 2026 Liquidity Risk Case - practice server,Good Luck!,211,2026-02-01 13:36:56.442482,RITC,10.12,10.13,10.14,193400.0,193600.0,0,0,0,0,0,0,0,0,0,0,0,0,0,0,0,0,0,0,0,0,0
,,,,,,211,2026-02-01 13:36:56.442482,COMP,25.62,25.58,25.62,144100.0,70200.0,0,0,0,0,0,0,0,0,0,0,0,0,0,0,0,0,0,0,0,0,0
1.0,1.0,1.0,,Welcome to the RITC 2026 Liquidity Risk Case - practice server,Good Luck!,212,2026-02-01 13:36:57.457654,RITC,10.14,10.13,10.14,195000.0,192100.0,0,0,0,0,0,0,0,0,0,0,0,0,0,0,0,0,0,0,0,0,0
,,,,,,212,2026-02-01 13:36:57.457654,COMP,25.62,25.58,25.62,145900.0,70200.0,0,0,0,0,0,0,0,0,0,0,0,0,0,0,0,0,0,0,0,0,0
1.0,1.0,1.0,,Welcome to the RITC 2026 Liquidity Risk Case - practice server,Good Luck!,213,2026-02-01 13:36:58.485751,RITC,10.15,10.13,10.15,195000.0,193500.0,0,0,0,0,0,0,0,0,0,0,0,0,0,0,0,0,0,0,0,0,0
,,,,,,213,2026-02-01 13:36:58.485751,COMP,25.64,25.6,25.64,147000.0,70400.0,0,0,0,0,0,0,0,0,0,0,0,0,0,0,0,0,0,0,0,0,0
1.0,1.0,1.0,,Welcome to the RITC 2026 Liquidity Risk Case - practice server,Good Luck!,214,2026-02-01 13:36:59.512566,RITC,10.15,10.14,10.15,194900.0,191200.0,0,0,0,0,0,0,0,0,0,0,0,0,0,0,0,0,0,0,0,0,0
,,,,,,214,2026-02-01 13:36:59.512566,COMP,25.64,25.6,25.64,147000.0,70400.0,0,0,0,0,0,0,0,0,0,0,0,0,0,0,0,0,0,0,0,0,0
1.0,1.0,1.0,,Welcome to the RITC 2026 Liquidity Risk Case - practice server,Good Luck!,215,2026-02-01 13:37:00.530698,RITC,10.15,10.14,10.15,196000.0,179500.0,0,0,0,0,0,0,0,0,0,0,0,0,0,0,0,0,0,0,0,0,0
,,,,,,215,2026-02-01 13:37:00.530698,COMP,25.67,25.6,25.67,148200.0,69100.0,0,0,0,0,0,0,0,0,0,0,0,0,0,0,0,0,0,0,0,0,0
1.0,1.0,1.0,,Welcome to the RITC 2026 Liquidity Risk Case - practice server,Good Luck!,216,2026-02-01 13:37:01.564991,RITC,10.15,10.14,10.15,195900.0,179500.0,0,0,0,0,0,0,0,0,0,0,0,0,0,0,0,0,0,0,0,0,0
,,,,,,216,2026-02-01 13:37:01.564991,COMP,25.67,25.64,25.67,148300.0,69100.0,0,0,0,0,0,0,0,0,0,0,0,0,0,0,0,0,0,0,0,0,0
1.0,1.0,1.0,,Welcome to the RITC 2026 Liquidity Risk Case - practice server,Good Luck!,217,2026-02-01 13:37:02.581878,RITC,10.15,10.15,10.17,196300.0,169700.0,0,0,0,0,0,0,0,0,0,0,0,0,0,0,0,0,0,0,0,0,0
,,,,,,217,2026-02-01 13:37:02.581878,COMP,25.67,25.64,25.67,148100.0,69100.0,0,0,0,0,0,0,0,0,0,0,0,0,0,0,0,0,0,0,0,0,0
1.0,1.0,1.0,,Welcome to the RITC 2026 Liquidity Risk Case - practice server,Good Luck!,218,2026-02-01 13:37:03.612802,RITC,10.17,10.15,10.17,196300.0,169700.0,0,0,0,0,0,0,0,0,0,0,0,0,0,0,0,0,0,0,0,0,0
,,,,,,218,2026-02-01 13:37:03.612802,COMP,25.67,25.71,25.74,148600.0,68600.0,0,0,0,0,0,0,0,0,0,0,0,0,0,0,0,0,0,0,0,0,0
1.0,1.0,1.0,,Welcome to the RITC 2026 Liquidity Risk Case - practice server,Good Luck!,219,2026-02-01 13:37:04.632521,RITC,10.18,10.16,10.18,198100.0,159400.0,0,0,0,0,0,0,0,0,0,0,0,0,0,0,0,0,0,0,0,0,0
,,,,,,219,2026-02-01 13:37:04.632521,COMP,25.74,25.71,25.74,148700.0,68600.0,0,0,0,0,0,0,0,0,0,0,0,0,0,0,0,0,0,0,0,0,0
1.0,1.0,1.0,,Welcome to the RITC 2026 Liquidity Risk Case - practice server,Good Luck!,220,2026-02-01 13:37:05.657487,RITC,10.18,10.16,10.18,198100.0,149200.0,0,0,0,0,0,0,0,0,0,0,0,0,0,0,0,0,0,0,0,0,0
,,,,,,220,2026-02-01 13:37:05.657487,COMP,25.82,25.71,25.82,148700.0,68800.0,0,0,0,0,0,0,0,0,0,0,0,0,0,0,0,0,0,0,0,0,0
1.0,1.0,1.0,,Welcome to the RITC 2026 Liquidity Risk Case - practice server,Good Luck!,221,2026-02-01 13:37:06.677209,RITC,10.18,10.18,10.19,199500.0,129100.0,0,0,0,0,0,0,0,0,0,0,0,0,0,0,0,0,0,0,0,0,0
,,,,,,221,2026-02-01 13:37:06.677209,COMP,25.84,25.73,25.84,147300.0,66300.0,0,0,0,0,0,0,0,0,0,0,0,0,0,0,0,0,0,0,0,0,0
1.0,1.0,1.0,,Welcome to the RITC 2026 Liquidity Risk Case - practice server,Good Luck!,222,2026-02-01 13:37:07.697413,RITC,10.2,10.19,10.2,198800.0,109700.0,0,0,0,0,0,0,0,0,0,0,0,0,0,0,0,0,0,0,0,0,0
,,,,,,222,2026-02-01 13:37:07.697413,COMP,25.84,25.76,25.84,144600.0,66300.0,0,0,0,0,0,0,0,0,0,0,0,0,0,0,0,0,0,0,0,0,0
1.0,1.0,1.0,,Welcome to the RITC 2026 Liquidity Risk Case - practice server,Good Luck!,223,2026-02-01 13:37:08.752538,RITC,10.2,10.19,10.2,198400.0,109700.0,0,0,0,0,0,0,0,0,0,0,0,0,0,0,0,0,0,0,0,0,0
,,,,,,223,2026-02-01 13:37:08.752538,COMP,25.88,25.79,25.88,144800.0,67100.0,0,0,0,0,0,0,0,0,0,0,0,0,0,0,0,0,0,0,0,0,0
1.0,1.0,1.0,,Welcome to the RITC 2026 Liquidity Risk Case - practice server,Good Luck!,224,2026-02-01 13:37:09.792183,RITC,10.2,10.19,10.2,198400.0,92500.0,0,0,0,0,0,0,0,0,0,0,0,0,0,0,0,0,0,0,0,0,0
,,,,,,224,2026-02-01 13:37:09.792183,COMP,25.88,25.79,25.88,143500.0,67100.0,0,0,0,0,0,0,0,0,0,0,0,0,0,0,0,0,0,0,0,0,0
1.0,1.0,1.0,,Welcome to the RITC 2026 Liquidity Risk Case - practice server,Good Luck!,225,2026-02-01 13:37:10.802752,RITC,10.24,10.19,10.24,198400.0,91800.0,0,0,0,0,0,0,0,0,0,0,0,0,0,0,0,0,0,0,0,0,0
,,,,,,225,2026-02-01 13:37:10.802752,COMP,25.79,25.79,25.88,143500.0,67100.0,0,0,0,0,0,0,0,0,0,0,0,0,0,0,0,0,0,0,0,0,0
1.0,1.0,1.0,,Welcome to the RITC 2026 Liquidity Risk Case - practice server,Good Luck!,226,2026-02-01 13:37:11.822005,RITC,10.24,10.23,10.24,201600.0,91800.0,0,0,0,0,0,0,0,0,0,0,0,0,0,0,0,0,0,0,0,0,0
,,,,,,226,2026-02-01 13:37:11.822005,COMP,25.79,25.87,25.88,144300.0,67100.0,0,0,0,0,0,0,0,0,0,0,0,0,0,0,0,0,0,0,0,0,0
1.0,1.0,1.0,,Welcome to the RITC 2026 Liquidity Risk Case - practice server,Good Luck!,228,2026-02-01 13:37:12.859522,RITC,10.27,10.23,10.26,200600.0,92200.0,0,0,0,0,0,0,0,0,0,0,0,0,0,0,0,0,0,0,0,0,0
,,,,,,228,2026-02-01 13:37:12.859522,COMP,25.88,25.88,25.92,143700.0,65600.0,0,0,0,0,0,0,0,0,0,0,0,0,0,0,0,0,0,0,0,0,0
1.0,1.0,1.0,,Welcome to the RITC 2026 Liquidity Risk Case - practice server,Good Luck!,229,2026-02-01 13:37:13.882123,RITC,10.26,10.23,10.26,199000.0,92200.0,0,0,0,0,0,0,0,0,0,0,0,0,0,0,0,0,0,0,0,0,0
,,,,,,229,2026-02-01 13:37:13.882123,COMP,25.92,25.92,25.96,141600.0,67200.0,0,0,0,0,0,0,0,0,0,0,0,0,0,0,0,0,0,0,0,0,0
1.0,1.0,1.0,,Welcome to the RITC 2026 Liquidity Risk Case - practice server,Good Luck!,230,2026-02-01 13:37:14.917093,RITC,10.27,10.28,10.3,200600.0,93600.0,0,0,0,0,0,0,0,0,0,0,0,0,0,0,0,0,0,0,0,0,0
,,,,,,230,2026-02-01 13:37:14.917093,COMP,25.92,25.93,25.96,141600.0,67200.0,0,0,0,0,0,0,0,0,0,0,0,0,0,0,0,0,0,0,0,0,0
1.0,1.0,1.0,,Welcome to the RITC 2026 Liquidity Risk Case - practice server,Good Luck!,231,2026-02-01 13:37:15.937100,RITC,10.3,10.3,10.32,201000.0,92800.0,0,0,0,0,0,0,0,0,0,0,0,0,0,0,0,0,0,0,0,0,0
,,,,,,231,2026-02-01 13:37:15.937100,COMP,25.96,26.0,26.07,139500.0,65800.0,0,0,0,0,0,0,0,0,0,0,0,0,0,0,0,0,0,0,0,0,0
1.0,1.0,1.0,,Welcome to the RITC 2026 Liquidity Risk Case - practice server,Good Luck!,232,2026-02-01 13:37:16.962265,RITC,10.32,10.33,10.34,198800.0,106200.0,0,0,0,0,0,0,0,0,0,0,0,0,0,0,0,0,0,0,0,0,0
,,,,,,232,2026-02-01 13:37:16.962265,COMP,25.96,26.0,26.07,140200.0,65800.0,0,0,0,0,0,0,0,0,0,0,0,0,0,0,0,0,0,0,0,0,0
1.0,1.0,1.0,,Welcome to the RITC 2026 Liquidity Risk Case - practice server,Good Luck!,233,2026-02-01 13:37:17.994993,RITC,10.34,10.33,10.34,199300.0,106200.0,0,0,0,0,0,0,0,0,0,0,0,0,0,0,0,0,0,0,0,0,0
,,,,,,233,2026-02-01 13:37:17.994993,COMP,26.07,26.0,26.07,140200.0,66200.0,0,0,0,0,0,0,0,0,0,0,0,0,0,0,0,0,0,0,0,0,0
1.0,1.0,1.0,,Welcome to the RITC 2026 Liquidity Risk Case - practice server,Good Luck!,234,2026-02-01 13:37:19.022182,RITC,10.34,10.33,10.34,199200.0,95900.0,0,0,0,0,0,0,0,0,0,0,0,0,0,0,0,0,0,0,0,0,0
,,,,,,234,2026-02-01 13:37:19.022182,COMP,26.07,26.04,26.07,136900.0,66200.0,0,0,0,0,0,0,0,0,0,0,0,0,0,0,0,0,0,0,0,0,0
1.0,1.0,1.0,,Welcome to the RITC 2026 Liquidity Risk Case - practice server,Good Luck!,235,2026-02-01 13:37:20.047309,RITC,10.34,10.33,10.34,198400.0,95900.0,0,0,0,0,0,0,0,0,0,0,0,0,0,0,0,0,0,0,0,0,0
,,,,,,235,2026-02-01 13:37:20.047309,COMP,26.08,26.04,26.08,136900.0,65200.0,0,0,0,0,0,0,0,0,0,0,0,0,0,0,0,0,0,0,0,0,0
1.0,1.0,1.0,,Welcome to the RITC 2026 Liquidity Risk Case - practice server,Good Luck!,236,2026-02-01 13:37:21.071749,RITC,10.34,10.34,10.36,200000.0,93800.0,0,0,0,0,0,0,0,0,0,0,0,0,0,0,0,0,0,0,0,0,0
,,,,,,236,2026-02-01 13:37:21.071749,COMP,26.08,26.05,26.08,136400.0,65200.0,0,0,0,0,0,0,0,0,0,0,0,0,0,0,0,0,0,0,0,0,0
1.0,1.0,1.0,,Welcome to the RITC 2026 Liquidity Risk Case - practice server,Good Luck!,237,2026-02-01 13:37:22.102127,RITC,10.39,10.34,10.39,200200.0,94200.0,0,0,0,0,0,0,0,0,0,0,0,0,0,0,0,0,0,0,0,0,0
,,,,,,237,2026-02-01 13:37:22.102127,COMP,26.08,26.05,26.08,136800.0,65200.0,0,0,0,0,0,0,0,0,0,0,0,0,0,0,0,0,0,0,0,0,0
1.0,1.0,1.0,,Welcome to the RITC 2026 Liquidity Risk Case - practice server,Good Luck!,238,2026-02-01 13:37:23.126816,RITC,10.39,10.37,10.39,199100.0,94600.0,0,0,0,0,0,0,0,0,0,0,0,0,0,0,0,0,0,0,0,0,0
,,,,,,238,2026-02-01 13:37:23.126816,COMP,26.14,26.09,26.14,136600.0,67000.0,0,0,0,0,0,0,0,0,0,0,0,0,0,0,0,0,0,0,0,0,0
1.0,1.0,1.0,,Welcome to the RITC 2026 Liquidity Risk Case - practice server,Good Luck!,239,2026-02-01 13:37:24.151004,RITC,10.39,10.4,10.42,200000.0,95300.0,0,0,0,0,0,0,0,0,0,0,0,0,0,0,0,0,0,0,0,0,0
,,,,,,239,2026-02-01 13:37:24.151004,COMP,26.2,26.09,26.2,136600.0,66000.0,0,0,0,0,0,0,0,0,0,0,0,0,0,0,0,0,0,0,0,0,0
1.0,1.0,1.0,,Welcome to the RITC 2026 Liquidity Risk Case - practice server,Good Luck!,240,2026-02-01 13:37:25.181697,RITC,10.42,10.4,10.42,200100.0,95300.0,0,0,0,0,0,0,0,0,0,0,0,0,0,0,0,0,0,0,0,0,0
,,,,,,240,2026-02-01 13:37:25.181697,COMP,26.2,26.15,26.2,135200.0,66000.0,0,0,0,0,0,0,0,0,0,0,0,0,0,0,0,0,0,0,0,0,0
1.0,1.0,1.0,,Welcome to the RITC 2026 Liquidity Risk Case - practice server,Good Luck!,241,2026-02-01 13:37:26.211820,RITC,10.42,10.4,10.42,200100.0,95300.0,0,0,0,0,0,0,0,0,0,0,0,0,0,0,0,0,0,0,0,0,0
,,,,,,241,2026-02-01 13:37:26.211820,COMP,26.2,26.19,26.2,136100.0,66000.0,0,0,0,0,0,0,0,0,0,0,0,0,0,0,0,0,0,0,0,0,0
1.0,1.0,1.0,,Welcome to the RITC 2026 Liquidity Risk Case - practice server,Good Luck!,242,2026-02-01 13:37:27.241715,RITC,10.47,10.4,10.44,200100.0,106700.0,0,0,0,0,0,0,0,0,0,0,0,0,0,0,0,0,0,0,0,0,0
,,,,,,242,2026-02-01 13:37:27.241715,COMP,26.2,26.21,26.22,136900.0,66500.0,0,0,0,0,0,0,0,0,0,0,0,0,0,0,0,0,0,0,0,0,0
1.0,1.0,1.0,,Welcome to the RITC 2026 Liquidity Risk Case - practice server,Good Luck!,243,2026-02-01 13:37:28.263419,RITC,10.47,10.43,10.44,198800.0,106700.0,0,0,0,0,0,0,0,0,0,0,0,0,0,0,0,0,0,0,0,0,0
,,,,,,243,2026-02-01 13:37:28.263419,COMP,26.25,26.21,26.25,136900.0,66700.0,0,0,0,0,0,0,0,0,0,0,0,0,0,0,0,0,0,0,0,0,0
1.0,1.0,1.0,,Welcome to the RITC 2026 Liquidity Risk Case - practice server,Good Luck!,244,2026-02-01 13:37:29.281643,RITC,10.44,10.43,10.44,198900.0,106700.0,0,0,0,0,0,0,0,0,0,0,0,0,0,0,0,0,0,0,0,0,0
,,,,,,244,2026-02-01 13:37:29.281643,COMP,26.26,26.21,26.26,136900.0,73900.0,0,0,0,0,0,0,0,0,0,0,0,0,0,0,0,0,0,0,0,0,0
1.0,1.0,1.0,,Welcome to the RITC 2026 Liquidity Risk Case - practice server,Good Luck!,245,2026-02-01 13:37:30.302047,RITC,10.47,10.47,10.48,198200.0,96100.0,0,0,0,0,0,0,0,0,0,0,0,0,0,0,0,0,0,0,0,0,0
,,,,,,245,2026-02-01 13:37:30.302047,COMP,26.26,26.21,26.26,138600.0,73900.0,0,0,0,0,0,0,0,0,0,0,0,0,0,0,0,0,0,0,0,0,0
1.0,1.0,1.0,,Welcome to the RITC 2026 Liquidity Risk Case - practice server,Good Luck!,246,2026-02-01 13:37:31.322282,RITC,10.47,10.47,10.48,198800.0,105300.0,0,0,0,0,0,0,0,0,0,0,0,0,0,0,0,0,0,0,0,0,0
,,,,,,246,2026-02-01 13:37:31.322282,COMP,26.26,26.21,26.22,138600.0,87400.0,0,0,0,0,0,0,0,0,0,0,0,0,0,0,0,0,0,0,0,0,0
1.0,1.0,1.0,,Welcome to the RITC 2026 Liquidity Risk Case - practice server,Good Luck!,247,2026-02-01 13:37:32.341888,RITC,10.47,10.47,10.48,198800.0,123700.0,0,0,0,0,0,0,0,0,0,0,0,0,0,0,0,0,0,0,0,0,0
,,,,,,247,2026-02-01 13:37:32.341888,COMP,26.26,26.21,26.22,138600.0,94000.0,0,0,0,0,0,0,0,0,0,0,0,0,0,0,0,0,0,0,0,0,0
1.0,1.0,1.0,,Welcome to the RITC 2026 Liquidity Risk Case - practice server,Good Luck!,248,2026-02-01 13:37:33.366988,RITC,10.48,10.47,10.48,198800.0,115700.0,0,0,0,0,0,0,0,0,0,0,0,0,0,0,0,0,0,0,0,0,0
,,,,,,248,2026-02-01 13:37:33.366988,COMP,26.19,26.19,26.22,139500.0,94000.0,0,0,0,0,0,0,0,0,0,0,0,0,0,0,0,0,0,0,0,0,0
1.0,1.0,1.0,,Welcome to the RITC 2026 Liquidity Risk Case - practice server,Good Luck!,249,2026-02-01 13:37:34.390988,RITC,10.48,10.47,10.48,198800.0,124800.0,0,0,0,0,0,0,0,0,0,0,0,0,0,0,0,0,0,0,0,0,0
,,,,,,249,2026-02-01 13:37:34.390988,COMP,26.19,26.21,26.22,137400.0,94000.0,0,0,0,0,0,0,0,0,0,0,0,0,0,0,0,0,0,0,0,0,0
1.0,1.0,1.0,,Welcome to the RITC 2026 Liquidity Risk Case - practice server,Good Luck!,250,2026-02-01 13:37:35.411442,RITC,10.48,10.47,10.48,198800.0,114400.0,0,0,0,0,0,0,0,0,0,0,0,0,0,0,0,0,0,0,0,0,0
,,,,,,250,2026-02-01 13:37:35.411442,COMP,26.22,26.23,26.26,137200.0,86800.0,0,0,0,0,0,0,0,0,0,0,0,0,0,0,0,0,0,0,0,0,0
1.0,1.0,1.0,,Welcome to the RITC 2026 Liquidity Risk Case - practice server,Good Luck!,251,2026-02-01 13:37:36.454600,RITC,10.49,10.47,10.49,199500.0,105200.0,0,0,0,0,0,0,0,0,0,0,0,0,0,0,0,0,0,0,0,0,0
,,,,,,251,2026-02-01 13:37:36.454600,COMP,26.22,26.24,26.26,138400.0,86800.0,0,0,0,0,0,0,0,0,0,0,0,0,0,0,0,0,0,0,0,0,0
1.0,1.0,1.0,,Welcome to the RITC 2026 Liquidity Risk Case - practice server,Good Luck!,252,2026-02-01 13:37:37.471603,RITC,10.49,10.47,10.49,199500.0,104300.0,0,0,0,0,0,0,0,0,0,0,0,0,0,0,0,0,0,0,0,0,0
,,,,,,252,2026-02-01 13:37:37.471603,COMP,26.21,26.21,26.26,135900.0,86800.0,0,0,0,0,0,0,0,0,0,0,0,0,0,0,0,0,0,0,0,0,0
1.0,1.0,1.0,,Welcome to the RITC 2026 Liquidity Risk Case - practice server,Good Luck!,253,2026-02-01 13:37:38.499610,RITC,10.49,10.47,10.49,198900.0,104300.0,0,0,0,0,0,0,0,0,0,0,0,0,0,0,0,0,0,0,0,0,0
,,,,,,253,2026-02-01 13:37:38.499610,COMP,26.21,26.24,26.26,137400.0,86800.0,0,0,0,0,0,0,0,0,0,0,0,0,0,0,0,0,0,0,0,0,0
1.0,1.0,1.0,,Welcome to the RITC 2026 Liquidity Risk Case - practice server,Good Luck!,254,2026-02-01 13:37:39.546203,RITC,10.5,10.48,10.5,196200.0,105200.0,0,0,0,0,0,0,0,0,0,0,0,0,0,0,0,0,0,0,0,0,0
,,,,,,254,2026-02-01 13:37:39.546203,COMP,26.24,26.24,26.26,137400.0,92700.0,0,0,0,0,0,0,0,0,0,0,0,0,0,0,0,0,0,0,0,0,0
1.0,1.0,1.0,,Welcome to the RITC 2026 Liquidity Risk Case - practice server,Good Luck!,255,2026-02-01 13:37:40.567933,RITC,10.5,10.49,10.5,193100.0,96000.0,0,0,0,0,0,0,0,0,0,0,0,0,0,0,0,0,0,0,0,0,0
,,,,,,255,2026-02-01 13:37:40.567933,COMP,26.24,26.24,26.26,138500.0,100400.0,0,0,0,0,0,0,0,0,0,0,0,0,0,0,0,0,0,0,0,0,0
1.0,1.0,1.0,,Welcome to the RITC 2026 Liquidity Risk Case - practice server,Good Luck!,256,2026-02-01 13:37:41.601408,RITC,10.5,10.49,10.5,193100.0,98400.0,0,0,0,0,0,0,0,0,0,0,0,0,0,0,0,0,0,0,0,0,0
,,,,,,256,2026-02-01 13:37:41.601408,COMP,26.26,26.24,26.26,138500.0,94800.0,0,0,0,0,0,0,0,0,0,0,0,0,0,0,0,0,0,0,0,0,0
1.0,1.0,1.0,,Welcome to the RITC 2026 Liquidity Risk Case - practice server,Good Luck!,257,2026-02-01 13:37:42.631453,RITC,10.5,10.49,10.5,190500.0,98400.0,0,0,0,0,0,0,0,0,0,0,0,0,0,0,0,0,0,0,0,0,0
,,,,,,257,2026-02-01 13:37:42.631453,COMP,26.24,26.23,26.24,137700.0,102700.0,0,0,0,0,0,0,0,0,0,0,0,0,0,0,0,0,0,0,0,0,0
1.0,1.0,1.0,,Welcome to the RITC 2026 Liquidity Risk Case - practice server,Good Luck!,258,2026-02-01 13:37:43.651375,RITC,10.5,10.49,10.5,192000.0,98400.0,0,0,0,0,0,0,0,0,0,0,0,0,0,0,0,0,0,0,0,0,0
,,,,,,258,2026-02-01 13:37:43.651375,COMP,26.24,26.23,26.24,139600.0,102700.0,0,0,0,0,0,0,0,0,0,0,0,0,0,0,0,0,0,0,0,0,0
1.0,1.0,1.0,,Welcome to the RITC 2026 Liquidity Risk Case - practice server,Good Luck!,259,2026-02-01 13:37:44.690446,RITC,10.5,10.49,10.5,193900.0,98400.0,0,0,0,0,0,0,0,0,0,0,0,0,0,0,0,0,0,0,0,0,0
,,,,,,259,2026-02-01 13:37:44.690446,COMP,26.24,26.23,26.24,139600.0,116600.0,0,0,0,0,0,0,0,0,0,0,0,0,0,0,0,0,0,0,0,0,0
1.0,1.0,1.0,,Welcome to the RITC 2026 Liquidity Risk Case - practice server,Good Luck!,260,2026-02-01 13:37:45.706502,RITC,10.51,10.49,10.51,193100.0,96400.0,0,0,0,0,0,0,0,0,0,0,0,0,0,0,0,0,0,0,0,0,0
,,,,,,260,2026-02-01 13:37:45.706502,COMP,26.24,26.23,26.24,139600.0,115300.0,0,0,0,0,0,0,0,0,0,0,0,0,0,0,0,0,0,0,0,0,0
1.0,1.0,1.0,,Welcome to the RITC 2026 Liquidity Risk Case - practice server,Good Luck!,261,2026-02-01 13:37:46.736333,RITC,10.58,10.49,10.58,197800.0,76400.0,0,0,0,0,0,0,0,0,0,0,0,0,0,0,0,0,0,0,0,0,0
,,,,,,261,2026-02-01 13:37:46.736333,COMP,26.23,26.23,26.24,139300.0,122500.0,0,0,0,0,0,0,0,0,0,0,0,0,0,0,0,0,0,0,0,0,0
1.0,1.0,1.0,,Welcome to the RITC 2026 Liquidity Risk Case - practice server,Good Luck!,262,2026-02-01 13:37:47.761300,RITC,10.6,10.57,10.59,197300.0,95600.0,,0,0,0,0,0,0,0,0,0,0,0,0,0,0,0,0,0,0,0,0
,,,,,,262,2026-02-01 13:37:47.761300,COMP,26.23,26.22,26.23,138800.0,129300.0,6459.0,0,0,0,0,0,0,0,0,0,0,0,0,0,0,0,0,0,0,0,0
1.0,1.0,1.0,,Welcome to the RITC 2026 Liquidity Risk Case - practice server,Good Luck!,263,2026-02-01 13:37:48.783963,RITC,10.57,10.52,10.57,197900.0,106800.0,,0,0,0,0,0,0,0,0,0,0,0,0,0,0,0,0,0,0,0,0
,,,,,,263,2026-02-01 13:37:48.783963,COMP,26.22,26.22,26.23,138800.0,128800.0,6459.0,0,0,0,0,0,0,0,0,0,0,0,0,0,0,0,0,0,0,0,0
1.0,1.0,1.0,,Welcome to the RITC 2026 Liquidity Risk Case - practice server,Good Luck!,264,2026-02-01 13:37:49.811129,RITC,10.57,10.56,10.57,20000.0,174600.0,106800.0,,0,0,0,0,0,0,0,0,0,0,0,0,0,0,0,0,0,0,0
,,,,,,264,2026-02-01 13:37:49.811129,COMP,26.22,26.22,26.23,,138800.0,129700.0,6459.0,0,0,0,0,0,0,0,0,0,0,0,0,0,0,0,0,0,0,0
1.0,1.0,1.0,,Welcome to the RITC 2026 Liquidity Risk Case - practice server,Good Luck!,265,2026-02-01 13:37:50.834216,RITC,10.57,10.56,10.57,20000.0,174600.0,104300.0,,0,0,0,0,0,0,0,0,0,0,0,0,0,0,0,0,0,0,0
,,,,,,265,2026-02-01 13:37:50.834216,COMP,26.22,26.22,26.23,,139400.0,129700.0,6459.0,0,0,0,0,0,0,0,0,0,0,0,0,0,0,0,0,0,0,0
1.0,1.0,1.0,,Welcome to the RITC 2026 Liquidity Risk Case - practice server,Good Luck!,266,2026-02-01 13:37:51.851004,RITC,10.56,10.56,10.57,10000.0,185900.0,104300.0,0,0,0,0,0,0,0,0,0,0,0,0,0,0,0,0,0,0,0,0
,,,,,,266,2026-02-01 13:37:51.851004,COMP,26.24,26.22,26.24,,137300.0,136300.0,0,0,0,0,0,0,0,0,0,0,0,0,0,0,0,0,0,0,0,0
1.0,1.0,1.0,,Welcome to the RITC 2026 Liquidity Risk Case - practice server,Good Luck!,267,2026-02-01 13:37:52.871194,RITC,10.56,10.56,10.57,10000.0,185900.0,104900.0,0,0,0,0,0,0,0,0,0,0,0,0,0,0,0,0,0,0,0,0
,,,,,,267,2026-02-01 13:37:52.871194,COMP,26.24,26.22,26.24,,136600.0,136300.0,0,0,0,0,0,0,0,0,0,0,0,0,0,0,0,0,0,0,0,0
1.0,1.0,1.0,,Welcome to the RITC 2026 Liquidity Risk Case - practice server,Good Luck!,268,2026-02-01 13:37:53.896165,RITC,10.62,10.58,10.62,186300.0,10000.0,73400.0,0,0,0,0,0,0,0,0,0,0,0,0,0,0,0,0,0,0,0,0
,,,,,,268,2026-02-01 13:37:53.896165,COMP,26.24,26.22,26.24,136600.0,,136800.0,0,0,0,0,0,0,0,0,0,0,0,0,0,0,0,0,0,0,0,0
1.0,1.0,1.0,,Welcome to the RITC 2026 Liquidity Risk Case - practice server,Good Luck!,269,2026-02-01 13:37:54.925720,RITC,10.62,10.61,10.62,188400.0,10000.0,103000.0,0,0,0,0,0,0,0,0,0,0,0,0,0,0,0,0,0,0,0,0
,,,,,,269,2026-02-01 13:37:54.925720,COMP,26.24,26.22,26.24,135500.0,,136800.0,0,0,0,0,0,0,0,0,0,0,0,0,0,0,0,0,0,0,0,0
1.0,1.0,1.0,,Welcome to the RITC 2026 Liquidity Risk Case - practice server,Good Luck!,270,2026-02-01 13:37:55.954788,RITC,10.58,10.56,10.57,10000.0,184000.0,123400.0,0,0,0,0,0,0,0,0,0,0,0,0,0,0,0,0,0,0,0,0
,,,,,,270,2026-02-01 13:37:55.954788,COMP,26.24,26.22,26.24,,133800.0,136800.0,0,0,0,0,0,0,0,0,0,0,0,0,0,0,0,0,0,0,0,0
1.0,1.0,1.0,,Welcome to the RITC 2026 Liquidity Risk Case - practice server,Good Luck!,271,2026-02-01 13:37:56.981294,RITC,10.55,10.55,10.56,195800.0,131800.0,0,0,0,0,0,0,0,0,0,0,0,0,0,0,0,0,0,0,0,0,0
,,,,,,271,2026-02-01 13:37:56.981294,COMP,26.22,26.22,26.24,135400.0,136800.0,0,0,0,0,0,0,0,0,0,0,0,0,0,0,0,0,0,0,0,0,0
1.0,1.0,1.0,,Welcome to the RITC 2026 Liquidity Risk Case - practice server,Good Luck!,272,2026-02-01 13:37:58.010842,RITC,10.55,10.55,10.56,195800.0,149300.0,0,0,0,0,0,0,0,0,0,0,0,0,0,0,0,0,0,0,0,0,0
,,,,,,272,2026-02-01 13:37:58.010842,COMP,26.25,26.22,26.25,133700.0,129900.0,0,0,0,0,0,0,0,0,0,0,0,0,0,0,0,0,0,0,0,0,0
1.0,1.0,1.0,,Welcome to the RITC 2026 Liquidity Risk Case - practice server,Good Luck!,273,2026-02-01 13:37:59.044815,RITC,10.54,10.54,10.55,193100.0,158600.0,0,0,0,0,0,0,0,0,0,0,0,0,0,0,0,0,0,0,0,0,0
,,,,,,273,2026-02-01 13:37:59.044815,COMP,26.26,26.22,26.26,133700.0,122600.0,0,0,0,0,0,0,0,0,0,0,0,0,0,0,0,0,0,0,0,0,0
1.0,1.0,1.0,,Welcome to the RITC 2026 Liquidity Risk Case - practice server,Good Luck!,274,2026-02-01 13:38:00.081212,RITC,10.49,10.49,10.55,196600.0,169800.0,0,0,0,0,0,0,0,0,0,0,0,0,0,0,0,0,0,0,0,0,0
,,,,,,274,2026-02-01 13:38:00.081212,COMP,26.25,26.25,26.26,134800.0,122600.0,0,0,0,0,0,0,0,0,0,0,0,0,0,0,0,0,0,0,0,0,0
1.0,1.0,1.0,,Welcome to the RITC 2026 Liquidity Risk Case - practice server,Good Luck!,275,2026-02-01 13:38:01.110704,RITC,10.48,10.48,10.55,195200.0,177300.0,0,0,0,0,0,0,0,0,0,0,0,0,0,0,0,0,0,0,0,0,0
,,,,,,275,2026-02-01 13:38:01.110704,COMP,26.25,26.25,26.26,134000.0,122600.0,0,0,0,0,0,0,0,0,0,0,0,0,0,0,0,0,0,0,0,0,0
1.0,1.0,1.0,,Welcome to the RITC 2026 Liquidity Risk Case - practice server,Good Luck!,276,2026-02-01 13:38:02.130997,RITC,10.56,10.48,10.56,195200.0,168000.0,0,0,0,0,0,0,0,0,0,0,0,0,0,0,0,0,0,0,0,0,0
,,,,,,276,2026-02-01 13:38:02.130997,COMP,26.26,26.25,26.26,134000.0,122600.0,0,0,0,0,0,0,0,0,0,0,0,0,0,0,0,0,0,0,0,0,0
1.0,1.0,1.0,,Welcome to the RITC 2026 Liquidity Risk Case - practice server,Good Luck!,278,2026-02-01 13:38:03.172437,RITC,10.56,10.48,10.5,195200.0,187800.0,0,0,0,0,0,0,0,0,0,0,0,0,0,0,0,0,0,0,0,0,0
,,,,,,278,2026-02-01 13:38:03.172437,COMP,26.26,26.25,26.26,137500.0,122600.0,0,0,0,0,0,0,0,0,0,0,0,0,0,0,0,0,0,0,0,0,0
1.0,1.0,1.0,,Welcome to the RITC 2026 Liquidity Risk Case - practice server,Good Luck!,279,2026-02-01 13:38:04.193656,RITC,10.48,10.48,10.49,196900.0,189300.0,0,0,0,0,0,0,0,0,0,0,0,0,0,0,0,0,0,0,0,0,0
,,,,,,279,2026-02-01 13:38:04.193656,COMP,26.26,26.25,26.26,137500.0,116000.0,0,0,0,0,0,0,0,0,0,0,0,0,0,0,0,0,0,0,0,0,0
1.0,1.0,1.0,,Welcome to the RITC 2026 Liquidity Risk Case - practice server,Good Luck!,280,2026-02-01 13:38:05.224138,RITC,10.47,10.47,10.49,196500.0,189500.0,0,0,0,0,0,0,0,0,0,0,0,0,0,0,0,0,0,0,0,0,0
,,,,,,280,2026-02-01 13:38:05.224138,COMP,26.26,26.26,26.27,137000.0,108100.0,0,0,0,0,0,0,0,0,0,0,0,0,0,0,0,0,0,0,0,0,0
1.0,1.0,1.0,,Welcome to the RITC 2026 Liquidity Risk Case - practice server,Good Luck!,281,2026-02-01 13:38:06.263797,RITC,10.47,10.47,10.49,194300.0,189600.0,0,0,0,0,0,0,0,0,0,0,0,0,0,0,0,0,0,0,0,0,0
,,,,,,281,2026-02-01 13:38:06.263797,COMP,26.27,26.26,26.27,137000.0,108100.0,0,0,0,0,0,0,0,0,0,0,0,0,0,0,0,0,0,0,0,0,0
1.0,1.0,1.0,,Welcome to the RITC 2026 Liquidity Risk Case - practice server,Good Luck!,282,2026-02-01 13:38:07.285389,RITC,10.47,10.47,10.49,192800.0,189600.0,0,0,0,0,0,0,0,0,0,0,0,0,0,0,0,0,0,0,0,0,0
,,,,,,282,2026-02-01 13:38:07.285389,COMP,26.27,26.26,26.27,137500.0,108100.0,0,0,0,0,0,0,0,0,0,0,0,0,0,0,0,0,0,0,0,0,0
1.0,1.0,1.0,,Welcome to the RITC 2026 Liquidity Risk Case - practice server,Good Luck!,283,2026-02-01 13:38:08.310989,RITC,10.46,10.46,10.49,194800.0,189600.0,,0,0,0,0,0,0,0,0,0,0,0,0,0,0,0,0,0,0,0,0,0
,,,,,,283,2026-02-01 13:38:08.310989,COMP,26.27,26.26,26.27,137500.0,108100.0,10000.0,0,0,0,0,0,0,0,0,0,0,0,0,0,0,0,0,0,0,0,0,0
1.0,1.0,1.0,,Welcome to the RITC 2026 Liquidity Risk Case - practice server,Good Luck!,284,2026-02-01 13:38:09.351200,RITC,10.45,10.45,10.49,194700.0,189600.0,0,0,0,0,0,0,0,0,0,0,0,0,0,0,0,0,0,0,0,0,0,0
,,,,,,284,2026-02-01 13:38:09.351200,COMP,26.3,26.26,26.3,137500.0,100400.0,0,0,0,0,0,0,0,0,0,0,0,0,0,0,0,0,0,0,0,0,0,0
1.0,1.0,1.0,,Welcome to the RITC 2026 Liquidity Risk Case - practice server,Good Luck!,285,2026-02-01 13:38:10.380458,RITC,10.45,10.45,10.49,193600.0,192400.0,0,0,0,0,0,0,0,0,0,0,0,0,0,0,0,0,0,0,0,0,0,0
,,,,,,285,2026-02-01 13:38:10.380458,COMP,26.3,26.26,26.3,137800.0,100400.0,0,0,0,0,0,0,0,0,0,0,0,0,0,0,0,0,0,0,0,0,0,0
1.0,1.0,1.0,,Welcome to the RITC 2026 Liquidity Risk Case - practice server,Good Luck!,286,2026-02-01 13:38:11.400740,RITC,10.46,10.45,10.49,193600.0,192400.0,,0,0,0,0,0,0,0,0,0,0,0,0,0,0,0,0,0,0,0,0,0
,,,,,,286,2026-02-01 13:38:11.400740,COMP,26.3,26.26,26.3,137200.0,100400.0,10000.0,0,0,0,0,0,0,0,0,0,0,0,0,0,0,0,0,0,0,0,0,0
1.0,1.0,1.0,,Welcome to the RITC 2026 Liquidity Risk Case - practice server,Good Luck!,287,2026-02-01 13:38:12.423774,RITC,10.46,10.45,10.47,195000.0,193700.0,,0,0,0,0,0,0,0,0,0,0,0,0,0,0,0,0,0,0,0,0,0
,,,,,,287,2026-02-01 13:38:12.423774,COMP,26.3,26.28,26.3,138300.0,100400.0,10000.0,0,0,0,0,0,0,0,0,0,0,0,0,0,0,0,0,0,0,0,0,0
1.0,1.0,1.0,,Welcome to the RITC 2026 Liquidity Risk Case - practice server,Good Luck!,288,2026-02-01 13:38:13.444178,RITC,10.43,10.43,10.47,195600.0,193700.0,,0,0,0,0,0,0,0,0,0,0,0,0,0,0,0,0,0,0,0,0,0
,,,,,,288,2026-02-01 13:38:13.444178,COMP,26.3,26.28,26.3,139100.0,100400.0,10000.0,0,0,0,0,0,0,0,0,0,0,0,0,0,0,0,0,0,0,0,0,0
1.0,1.0,1.0,,Welcome to the RITC 2026 Liquidity Risk Case - practice server,Good Luck!,289,2026-02-01 13:38:14.469491,RITC,10.43,10.43,10.46,195600.0,194200.0,,0,0,0,0,0,0,0,0,0,0,0,0,0,0,0,0,0,0,0,0,0
,,,,,,289,2026-02-01 13:38:14.469491,COMP,26.3,26.28,26.3,139800.0,100400.0,10000.0,0,0,0,0,0,0,0,0,0,0,0,0,0,0,0,0,0,0,0,0,0
1.0,1.0,1.0,,Welcome to the RITC 2026 Liquidity Risk Case - practice server,Good Luck!,290,2026-02-01 13:38:15.490482,RITC,10.43,10.43,10.46,196000.0,194200.0,,0,0,0,0,0,0,0,0,0,0,0,0,0,0,0,0,0,0,0,0,0
,,,,,,290,2026-02-01 13:38:15.490482,COMP,26.3,26.28,26.3,139300.0,100400.0,10000.0,0,0,0,0,0,0,0,0,0,0,0,0,0,0,0,0,0,0,0,0,0
1.0,1.0,1.0,,Welcome to the RITC 2026 Liquidity Risk Case - practice server,Good Luck!,291,2026-02-01 13:38:16.520664,RITC,10.47,10.43,10.47,197700.0,194600.0,,0,0,0,0,0,0,0,0,0,0,0,0,0,0,0,0,0,0,0,0,0
,,,,,,291,2026-02-01 13:38:16.520664,COMP,26.3,26.28,26.3,141900.0,100400.0,10000.0,0,0,0,0,0,0,0,0,0,0,0,0,0,0,0,0,0,0,0,0,0
1.0,1.0,1.0,,Welcome to the RITC 2026 Liquidity Risk Case - practice server,Good Luck!,292,2026-02-01 13:38:17.546250,RITC,10.47,10.43,10.46,199800.0,195700.0,,0,0,0,0,0,0,0,0,0,0,0,0,0,0,0,0,0,0,0,0,0
,,,,,,292,2026-02-01 13:38:17.546250,COMP,26.3,26.28,26.3,141900.0,93800.0,10000.0,0,0,0,0,0,0,0,0,0,0,0,0,0,0,0,0,0,0,0,0,0
1.0,1.0,1.0,,Welcome to the RITC 2026 Liquidity Risk Case - practice server,Good Luck!,293,2026-02-01 13:38:18.560418,RITC,10.46,10.46,10.47,199800.0,194600.0,,0,0,0,0,0,0,0,0,0,0,0,0,0,0,0,0,0,0,0,0,0
,,,,,,293,2026-02-01 13:38:18.560418,COMP,26.32,26.28,26.32,140500.0,87700.0,10000.0,0,0,0,0,0,0,0,0,0,0,0,0,0,0,0,0,0,0,0,0,0
1.0,1.0,1.0,,Welcome to the RITC 2026 Liquidity Risk Case - practice server,Good Luck!,294,2026-02-01 13:38:19.580648,RITC,10.43,10.43,10.47,200700.0,193000.0,,0,0,0,0,0,0,0,0,0,0,0,0,0,0,0,0,0,0,0,0,0
,,,,,,294,2026-02-01 13:38:19.580648,COMP,26.32,26.28,26.32,140700.0,87700.0,10000.0,0,0,0,0,0,0,0,0,0,0,0,0,0,0,0,0,0,0,0,0,0
1.0,1.0,1.0,,Welcome to the RITC 2026 Liquidity Risk Case - practice server,Good Luck!,295,2026-02-01 13:38:20.600356,RITC,10.43,10.43,10.46,200200.0,193300.0,,0,0,0,0,0,0,0,0,0,0,0,0,0,0,0,0,0,0,0,0,0
,,,,,,295,2026-02-01 13:38:20.600356,COMP,26.32,26.28,26.32,140300.0,87700.0,10000.0,0,0,0,0,0,0,0,0,0,0,0,0,0,0,0,0,0,0,0,0,0
1.0,1.0,1.0,,Welcome to the RITC 2026 Liquidity Risk Case - practice server,Good Luck!,296,2026-02-01 13:38:21.633240,RITC,10.43,10.43,10.44,199600.0,193300.0,,0,0,0,0,0,0,0,0,0,0,0,0,0,0,0,0,0,0,0,0,0
,,,,,,296,2026-02-01 13:38:21.633240,COMP,26.32,26.31,26.32,141700.0,87700.0,10000.0,0,0,0,0,0,0,0,0,0,0,0,0,0,0,0,0,0,0,0,0,0
1.0,1.0,1.0,,Welcome to the RITC 2026 Liquidity Risk Case - practice server,Good Luck!,297,2026-02-01 13:38:22.660330,RITC,10.43,10.43,10.44,199600.0,190200.0,0,0,0,0,0,0,0,0,0,0,0,0,0,0,0,0,0,0,0,0,0,0
,,,,,,297,2026-02-01 13:38:22.660330,COMP,26.33,26.32,26.33,141900.0,87700.0,0,0,0,0,0,0,0,0,0,0,0,0,0,0,0,0,0,0,0,0,0,0
1.0,1.0,1.0,,Welcome to the RITC 2026 Liquidity Risk Case - practice server,Good Luck!,298,2026-02-01 13:38:23.670398,RITC,10.43,10.42,10.44,198600.0,193800.0,0,0,0,0,0,0,0,0,0,0,0,0,0,0,0,0,0,0,0,0,0,0
,,,,,,298,2026-02-01 13:38:23.670398,COMP,26.35,26.32,26.35,141900.0,81400.0,0,0,0,0,0,0,0,0,0,0,0,0,0,0,0,0,0,0,0,0,0,0
1.0,1.0,1.0,,Welcome to the RITC 2026 Liquidity Risk Case - practice server,Good Luck!,299,2026-02-01 13:38:24.691491,RITC,10.42,10.42,10.44,200200.0,194100.0,,0,0,0,0,0,0,0,0,0,0,0,0,0,0,0,0,0,0,0,0,0
,,,,,,299,2026-02-01 13:38:24.691491,COMP,26.37,26.32,26.36,143900.0,75500.0,10000.0,0,0,0,0,0,0,0,0,0,0,0,0,0,0,0,0,0,0,0,0,0
1.0,1.0,1.0,,Welcome to the RITC 2026 Liquidity Risk Case - practice server,Good Luck!,300,2026-02-01 13:38:25.710391,RITC,10.44,10.42,10.44,200200.0,196500.0,,0,0,0,0,0,0,0,0,0,0,0,0,0,0,0,0,0,0,0,0,0
,,,,,,300,2026-02-01 13:38:25.710391,COMP,26.36,26.35,26.36,142100.0,75500.0,10000.0,0,0,0,0,0,0,0,0,0,0,0,0,0,0,0,0,0,0,0,0,0
1.0,1.0,1.0,,Welcome to the RITC 2026 Liquidity Risk Case - practice server,Good Luck!,301,2026-02-01 13:38:26.740327,RITC,10.44,10.42,10.44,200200.0,197500.0,,0,0,0,0,0,0,0,0,0,0,0,0,0,0,0,0,0,0,0,0,0
,,,,,,301,2026-02-01 13:38:26.740327,COMP,26.36,26.35,26.36,142100.0,75500.0,10000.0,0,0,0,0,0,0,0,0,0,0,0,0,0,0,0,0,0,0,0,0,0
1.0,1.0,1.0,,Welcome to the RITC 2026 Liquidity Risk Case - practice server,Good Luck!,302,2026-02-01 13:38:27.758334,RITC,10.42,10.42,10.44,200200.0,197500.0,0,0,0,0,0,0,0,0,0,0,0,0,0,0,0,0,0,0,0,0,0,0
,,,,,,302,2026-02-01 13:38:27.758334,COMP,26.36,26.36,26.37,141200.0,75500.0,0,0,0,0,0,0,0,0,0,0,0,0,0,0,0,0,0,0,0,0,0,0
1.0,1.0,1.0,,Welcome to the RITC 2026 Liquidity Risk Case - practice server,Good Luck!,303,2026-02-01 13:38:28.780058,RITC,10.42,10.42,10.43,200200.0,201700.0,0,0,0,0,0,0,0,0,0,0,0,0,0,0,0,0,0,0,0,0,0,0
,,,,,,303,2026-02-01 13:38:28.780058,COMP,26.38,26.36,26.38,140300.0,67600.0,0,0,0,0,0,0,0,0,0,0,0,0,0,0,0,0,0,0,0,0,0,0
1.0,1.0,1.0,,Welcome to the RITC 2026 Liquidity Risk Case - practice server,Good Luck!,304,2026-02-01 13:38:29.810050,RITC,10.42,10.42,10.43,200200.0,200600.0,0,0,0,0,0,0,0,0,0,0,0,0,0,0,0,0,0,0,0,0,0,0
,,,,,,304,2026-02-01 13:38:29.810050,COMP,26.41,26.36,26.41,140300.0,66300.0,0,0,0,0,0,0,0,0,0,0,0,0,0,0,0,0,0,0,0,0,0,0
1.0,1.0,1.0,,Welcome to the RITC 2026 Liquidity Risk Case - practice server,Good Luck!,305,2026-02-01 13:38:30.833321,RITC,10.41,10.41,10.43,203100.0,200600.0,0,0,0,0,0,0,0,0,0,0,0,0,0,0,0,0,0,0,0,0,0,0
,,,,,,305,2026-02-01 13:38:30.833321,COMP,26.41,26.38,26.41,138400.0,66300.0,0,0,0,0,0,0,0,0,0,0,0,0,0,0,0,0,0,0,0,0,0,0
1.0,1.0,1.0,,Welcome to the RITC 2026 Liquidity Risk Case - practice server,Good Luck!,306,2026-02-01 13:38:31.860268,RITC,10.4,10.4,10.42,200100.0,198400.0,,0,0,0,0,0,0,0,0,0,0,0,0,0,0,0,0,0,0,0,0,0
,,,,,,306,2026-02-01 13:38:31.860268,COMP,26.44,26.42,26.44,138000.0,67900.0,10000.0,0,0,0,0,0,0,0,0,0,0,0,0,0,0,0,0,0,0,0,0,0
1.0,1.0,1.0,,Welcome to the RITC 2026 Liquidity Risk Case - practice server,Good Luck!,307,2026-02-01 13:38:32.874655,RITC,10.35,10.35,10.42,199700.0,198400.0,,0,0,0,0,0,0,0,0,0,0,0,0,0,0,0,0,0,0,0,0,0
,,,,,,307,2026-02-01 13:38:32.874655,COMP,26.48,26.42,26.48,138000.0,66300.0,10000.0,0,0,0,0,0,0,0,0,0,0,0,0,0,0,0,0,0,0,0,0,0
1.0,1.0,1.0,,Welcome to the RITC 2026 Liquidity Risk Case - practice server,Good Luck!,308,2026-02-01 13:38:33.908020,RITC,10.42,10.35,10.42,199700.0,198400.0,0,0,0,0,0,0,0,0,0,0,0,0,0,0,0,0,0,0,0,0,0,0
,,,,,,308,2026-02-01 13:38:33.908020,COMP,26.49,26.42,26.43,138000.0,72700.0,0,0,0,0,0,0,0,0,0,0,0,0,0,0,0,0,0,0,0,0,0,0
1.0,1.0,1.0,,Welcome to the RITC 2026 Liquidity Risk Case - practice server,Good Luck!,309,2026-02-01 13:38:34.924727,RITC,10.42,10.35,10.4,199700.0,199100.0,,0,0,0,0,0,0,0,0,0,0,0,0,0,0,0,0,0,0,0,0,0
,,,,,,309,2026-02-01 13:38:34.924727,COMP,26.49,26.42,26.49,138000.0,73000.0,10000.0,0,0,0,0,0,0,0,0,0,0,0,0,0,0,0,0,0,0,0,0,0
1.0,1.0,1.0,,Welcome to the RITC 2026 Liquidity Risk Case - practice server,Good Luck!,310,2026-02-01 13:38:35.959117,RITC,10.34,10.34,10.38,198500.0,199200.0,,0,0,0,0,0,0,0,0,0,0,0,0,0,0,0,0,0,0,0,0,0
,,,,,,310,2026-02-01 13:38:35.959117,COMP,26.49,26.42,26.49,138500.0,73000.0,10000.0,0,0,0,0,0,0,0,0,0,0,0,0,0,0,0,0,0,0,0,0,0
1.0,1.0,1.0,,Welcome to the RITC 2026 Liquidity Risk Case - practice server,Good Luck!,311,2026-02-01 13:38:36.989973,RITC,10.34,10.34,10.36,198500.0,198000.0,,0,0,0,0,0,0,0,0,0,0,0,0,0,0,0,0,0,0,0,0,0
,,,,,,311,2026-02-01 13:38:36.989973,COMP,26.49,26.47,26.49,137300.0,73000.0,10000.0,0,0,0,0,0,0,0,0,0,0,0,0,0,0,0,0,0,0,0,0,0
1.0,1.0,1.0,,Welcome to the RITC 2026 Liquidity Risk Case - practice server,Good Luck!,312,2026-02-01 13:38:38.024627,RITC,10.34,10.34,10.35,199200.0,195700.0,,0,0,0,0,0,0,0,0,0,0,0,0,0,0,0,0,0,0,0,0,0
,,,,,,312,2026-02-01 13:38:38.024627,COMP,26.49,26.47,26.49,135400.0,66700.0,10000.0,0,0,0,0,0,0,0,0,0,0,0,0,0,0,0,0,0,0,0,0,0
1.0,1.0,1.0,,Welcome to the RITC 2026 Liquidity Risk Case - practice server,Good Luck!,313,2026-02-01 13:38:39.058503,RITC,10.34,10.34,10.35,199800.0,195700.0,,0,0,0,0,0,0,0,0,0,0,0,0,0,0,0,0,0,0,0,0,0
,,,,,,313,2026-02-01 13:38:39.058503,COMP,26.49,26.47,26.49,133900.0,66700.0,10000.0,0,0,0,0,0,0,0,0,0,0,0,0,0,0,0,0,0,0,0,0,0
1.0,1.0,1.0,,Welcome to the RITC 2026 Liquidity Risk Case - practice server,Good Luck!,314,2026-02-01 13:38:40.074720,RITC,10.34,10.34,10.35,199800.0,194500.0,,0,0,0,0,0,0,0,0,0,0,0,0,0,0,0,0,0,0,0,0,0
,,,,,,314,2026-02-01 13:38:40.074720,COMP,26.49,26.44,26.49,134400.0,66700.0,10000.0,0,0,0,0,0,0,0,0,0,0,0,0,0,0,0,0,0,0,0,0,0
1.0,1.0,1.0,,Welcome to the RITC 2026 Liquidity Risk Case - practice server,Good Luck!,315,2026-02-01 13:38:41.094237,RITC,10.34,10.33,10.34,198300.0,194600.0,,0,0,0,0,0,0,0,0,0,0,0,0,0,0,0,0,0,0,0,0,0
,,,,,,315,2026-02-01 13:38:41.094237,COMP,26.42,26.42,26.49,135900.0,66700.0,20000.0,0,0,0,0,0,0,0,0,0,0,0,0,0,0,0,0,0,0,0,0,0
1.0,1.0,1.0,,Welcome to the RITC 2026 Liquidity Risk Case - practice server,Good Luck!,316,2026-02-01 13:38:42.119882,RITC,10.35,10.33,10.35,198300.0,192800.0,,0,0,0,0,0,0,0,0,0,0,0,0,0,0,0,0,0,0,0,0,0
