news_id,period,tick,ticker,headline,body,tick,timestamp,ticker,last_price,bid_price,ask_price,BUY_ANON,SELL_ANON,SELL_LUIS-1,BUY_LUIS-1,BUY_CHUL-1,SELL_CHUL-1,SELL_COLA-6,BUY_COLA-6
2.0,1.0,1.0,,Aggregate Position Limit,Your CRO has set the aggregate position limit to 10000 shares for this week.,2,2026-02-01 13:40:48.336319,SPNG,24.44,24.44,25.08,1750200.0,2231400.0,0,0,0,0,0,0
1.0,1.0,1.0,,Welcome to the RITC 2026 Alogithmic Market Making Case - practice server,,2,2026-02-01 13:40:48.336319,SMMR,25.04,24.93,25.04,1832600.0,2169500.0,0,0,0,0,0,0
,,,,,,2,2026-02-01 13:40:48.336319,ATMN,24.95,24.9,24.95,2029700.0,2204600.0,0,0,0,0,0,0
,,,,,,2,2026-02-01 13:40:48.336319,WNTR,25.04,24.99,25.04,2109500.0,1908400.0,0,0,0,0,0,0
2.0,1.0,1.0,,Aggregate Position Limit,Your CRO has set the aggregate position limit to 10000 shares for this week.,3,2026-02-01 13:40:49.369542,SPNG,25.14,25.01,25.14,1973600.0,2249900.0,0,0,0,0,0,0
1.0,1.0,1.0,,Welcome to the RITC 2026 Alogithmic Market Making Case - practice server,,3,2026-02-01 13:40:49.369542,SMMR,25.06,24.89,25.06,1712500.0,2156000.0,0,0,0,0,0,0
,,,,,,3,2026-02-01 13:40:49.369542,ATMN,25.19,24.9,25.19,2149700.0,2195200.0,0,0,0,0,0,0
,,,,,,3,2026-02-01 13:40:49.369542,WNTR,25.08,24.99,25.08,2129400.0,1787700.0,0,0,0,0,0,0
2.0,1.0,1.0,,Aggregate Position Limit,Your CRO has set the aggregate position limit to 10000 shares for this week.,4,2026-02-01 13:40:50.406864,SPNG,25.01,25.01,25.07,1973600.0,2243800.0,0,0,0,0,0,0
1.0,1.0,1.0,,Welcome to the RITC 2026 Alogithmic Market Making Case - practice server,,4,2026-02-01 13:40:50.406864,SMMR,25.06,24.89,24.97,1932300.0,2150700.0,0,0,0,0,0,0
,,,,,,4,2026-02-01 13:40:50.406864,ATMN,25.02,25.02,25.19,2185600.0,2211900.0,0,0,0,0,0,0
,,,,,,4,2026-02-01 13:40:50.406864,WNTR,25.08,25.08,25.12,2109200.0,1775700.0,0,0,0,0,0,0
2.0,1.0,1.0,,Aggregate Position Limit,Your CRO has set the aggregate position limit to 10000 shares for this week.,6,2026-02-01 13:40:51.451466,SPNG,25.14,24.44,25.14,1853900.0,2254400.0,0,0,0,0,0,0
1.0,1.0,1.0,,Welcome to the RITC 2026 Alogithmic Market Making Case - practice server,,6,2026-02-01 13:40:51.451466,SMMR,25.06,25.0,25.06,2163500.0,2134400.0,0,0,0,0,0,0
,,,,,,6,2026-02-01 13:40:51.451466,ATMN,25.02,25.02,25.05,2185600.0,2213000.0,0,0,0,0,0,0
,,,,,,6,2026-02-01 13:40:51.451466,WNTR,25.08,25.08,25.12,2109200.0,1985900.0,0,0,0,0,0,0
2.0,1.0,1.0,,Aggregate Position Limit,Your CRO has set the aggregate position limit to 10000 shares for this week.,7,2026-02-01 13:40:52.486548,SPNG,25.21,24.44,25.21,2113900.0,2256400.0,0,0,0,0,0,0
1.0,1.0,1.0,,Welcome to the RITC 2026 Alogithmic Market Making Case - practice server,,7,2026-02-01 13:40:52.486548,SMMR,25.06,25.06,25.09,2146500.0,2116300.0,0,0,0,0,0,0
,,,,,,7,2026-02-01 13:40:52.486548,ATMN,24.83,24.83,25.05,2163400.0,2213000.0,0,0,0,0,0,0
,,,,,,7,2026-02-01 13:40:52.486548,WNTR,24.99,24.93,24.98,2183900.0,2223700.0,0,0,0,0,0,0
2.0,1.0,1.0,,Aggregate Position Limit,Your CRO has set the aggregate position limit to 10000 shares for this week.,8,2026-02-01 13:40:53.522609,SPNG,25.21,25.34,25.38,2227800.0,2269800.0,0,0,0,0,0,0
1.0,1.0,1.0,,Welcome to the RITC 2026 Alogithmic Market Making Case - practice server,,8,2026-02-01 13:40:53.522609,SMMR,24.98,24.89,24.97,1932300.0,2148200.0,0,0,0,0,0,0
,,,,,,8,2026-02-01 13:40:53.522609,ATMN,24.83,24.83,25.05,2165500.0,2213000.0,0,0,0,0,0,0
,,,,,,8,2026-02-01 13:40:53.522609,WNTR,24.93,24.93,25.07,2183900.0,2224500.0,0,0,0,0,0,0
2.0,1.0,1.0,,Aggregate Position Limit,Your CRO has set the aggregate position limit to 10000 shares for this week.,9,2026-02-01 13:40:54.547075,SPNG,25.34,24.5,25.22,2234900.0,2246700.0,0,0,0,0,0,0
1.0,1.0,1.0,,Welcome to the RITC 2026 Alogithmic Market Making Case - practice server,,9,2026-02-01 13:40:54.547075,SMMR,24.98,24.89,24.92,2149700.0,2153800.0,0,0,0,0,0,0
,,,,,,9,2026-02-01 13:40:54.547075,ATMN,25.21,24.83,25.21,2143000.0,2203400.0,0,0,0,0,0,0
,,,,,,9,2026-02-01 13:40:54.547075,WNTR,24.9,24.9,25.07,2184300.0,2186800.0,0,0,0,0,0,0
2.0,1.0,1.0,,Aggregate Position Limit,Your CRO has set the aggregate position limit to 10000 shares for this week.,10,2026-02-01 13:40:55.576464,SPNG,25.02,24.5,24.7,2234900.0,2247600.0,0,0,0,0,0,0
1.0,1.0,1.0,,Welcome to the RITC 2026 Alogithmic Market Making Case - practice server,,10,2026-02-01 13:40:55.576464,SMMR,24.97,24.93,24.97,2129800.0,2160600.0,0,0,0,0,0,0
,,,,,,10,2026-02-01 13:40:55.576464,ATMN,24.79,24.79,25.21,2140200.0,2181000.0,0,0,0,0,0,0
,,,,,,10,2026-02-01 13:40:55.576464,WNTR,24.9,24.9,25.07,2184300.0,2207400.0,0,0,0,0,0,0
2.0,1.0,1.0,,Aggregate Position Limit,Your CRO has set the aggregate position limit to 10000 shares for this week.,11,2026-02-01 13:40:56.606404,SPNG,24.7,24.88,25.03,2177400.0,2230500.0,0,0,0,0,0,0
1.0,1.0,1.0,,Welcome to the RITC 2026 Alogithmic Market Making Case - practice server,,11,2026-02-01 13:40:56.606404,SMMR,25.09,25.09,25.13,2174200.0,2086800.0,0,0,0,0,0,0
,,,,,,11,2026-02-01 13:40:56.606404,ATMN,25.2,25.02,25.2,2121200.0,2181900.0,0,0,0,0,0,0
,,,,,,11,2026-02-01 13:40:56.606404,WNTR,24.9,24.9,25.03,2145100.0,2200200.0,0,0,0,0,0,0
2.0,1.0,1.0,,Aggregate Position Limit,Your CRO has set the aggregate position limit to 10000 shares for this week.,12,2026-02-01 13:40:57.646671,SPNG,25.03,24.95,25.03,2173800.0,2241300.0,0,0,0,0,0,0
1.0,1.0,1.0,,Welcome to the RITC 2026 Alogithmic Market Making Case - practice server,,12,2026-02-01 13:40:57.646671,SMMR,25.13,25.05,25.13,2187900.0,2086800.0,0,0,0,0,0,0
,,,,,,12,2026-02-01 13:40:57.646671,ATMN,25.25,24.79,25.25,2135800.0,2186700.0,0,0,0,0,0,0
,,,,,,12,2026-02-01 13:40:57.646671,WNTR,25.06,24.92,24.99,2117200.0,2199600.0,0,0,0,0,0,0
2.0,1.0,1.0,,Aggregate Position Limit,Your CRO has set the aggregate position limit to 10000 shares for this week.,13,2026-02-01 13:40:58.666339,SPNG,25.38,24.95,25.18,2173800.0,2227000.0,0,0,0,0,0,0
1.0,1.0,1.0,,Welcome to the RITC 2026 Alogithmic Market Making Case - practice server,,13,2026-02-01 13:40:58.666339,SMMR,25.1,25.05,25.1,2187900.0,2122100.0,0,0,0,0,0,0
,,,,,,13,2026-02-01 13:40:58.666339,ATMN,25.25,25.02,25.25,2191700.0,2186700.0,0,0,0,0,0,0
,,,,,,13,2026-02-01 13:40:58.666339,WNTR,24.88,24.97,24.99,2169000.0,2199600.0,0,0,0,0,0,0
2.0,1.0,1.0,,Aggregate Position Limit,Your CRO has set the aggregate position limit to 10000 shares for this week.,14,2026-02-01 13:40:59.688655,SPNG,24.95,25.1,25.18,2160800.0,2227000.0,0,0,0,0,0,0
1.0,1.0,1.0,,Welcome to the RITC 2026 Alogithmic Market Making Case - practice server,,14,2026-02-01 13:40:59.688655,SMMR,24.89,24.88,24.89,2149200.0,2121600.0,0,0,0,0,0,0
,,,,,,14,2026-02-01 13:40:59.688655,ATMN,25.02,25.02,25.25,2154300.0,2186700.0,0,0,0,0,0,0
,,,,,,14,2026-02-01 13:40:59.688655,WNTR,24.97,24.97,24.99,2145500.0,2199600.0,0,0,0,0,0,0
2.0,1.0,1.0,,Aggregate Position Limit,Your CRO has set the aggregate position limit to 10000 shares for this week.,15,2026-02-01 13:41:00.701539,SPNG,24.95,24.95,25.18,2154900.0,2220800.0,0,0,0,0,0,0
1.0,1.0,1.0,,Welcome to the RITC 2026 Alogithmic Market Making Case - practice server,,15,2026-02-01 13:41:00.701539,SMMR,25.13,24.98,25.13,2174500.0,2048700.0,0,0,0,0,0,0
,,,,,,15,2026-02-01 13:41:00.701539,ATMN,25.25,25.14,25.25,2173600.0,2186700.0,0,0,0,0,0,0
,,,,,,15,2026-02-01 13:41:00.701539,WNTR,24.97,24.97,24.99,2165200.0,2184700.0,0,0,0,0,0,0
2.0,1.0,1.0,,Aggregate Position Limit,Your CRO has set the aggregate position limit to 10000 shares for this week.,16,2026-02-01 13:41:01.726247,SPNG,24.89,24.77,24.89,2211300.0,2226100.0,0,0,0,0,0,0
1.0,1.0,1.0,,Welcome to the RITC 2026 Alogithmic Market Making Case - practice server,,16,2026-02-01 13:41:01.726247,SMMR,25.03,24.98,25.03,2174500.0,2077100.0,0,0,0,0,0,0
,,,,,,16,2026-02-01 13:41:01.726247,ATMN,25.14,25.14,25.25,2170100.0,2159500.0,0,0,0,0,0,0
,,,,,,16,2026-02-01 13:41:01.726247,WNTR,25.02,24.97,25.02,2165200.0,2165900.0,0,0,0,0,0,0
2.0,1.0,1.0,,Aggregate Position Limit,Your CRO has set the aggregate position limit to 10000 shares for this week.,17,2026-02-01 13:41:02.758370,SPNG,24.89,25.16,25.18,2196600.0,2220800.0,0,0,0,0,0,0
1.0,1.0,1.0,,Welcome to the RITC 2026 Alogithmic Market Making Case - practice server,,17,2026-02-01 13:41:02.758370,SMMR,24.98,24.98,25.01,2195300.0,2084700.0,0,0,0,0,0,0
,,,,,,17,2026-02-01 13:41:02.758370,ATMN,24.97,24.97,25.25,2185200.0,2159500.0,0,0,0,0,0,0
,,,,,,17,2026-02-01 13:41:02.758370,WNTR,24.93,24.93,24.95,2134500.0,2177600.0,0,0,0,0,0,0
2.0,1.0,1.0,,Aggregate Position Limit,Your CRO has set the aggregate position limit to 10000 shares for this week.,18,2026-02-01 13:41:03.786316,SPNG,25.17,25.17,25.18,2187800.0,2220800.0,0,0,0,0,0,0
1.0,1.0,1.0,,Welcome to the RITC 2026 Alogithmic Market Making Case - practice server,,18,2026-02-01 13:41:03.786316,SMMR,25.0,25.0,25.01,2178300.0,2084700.0,0,0,0,0,0,0
,,,,,,18,2026-02-01 13:41:03.786316,ATMN,25.19,25.19,25.25,2198100.0,2120700.0,0,0,0,0,0,0
,,,,,,18,2026-02-01 13:41:03.786316,WNTR,24.93,24.93,24.95,2193500.0,2177600.0,0,0,0,0,0,0
2.0,1.0,1.0,,Aggregate Position Limit,Your CRO has set the aggregate position limit to 10000 shares for this week.,19,2026-02-01 13:41:04.807071,SPNG,25.17,25.17,25.18,2187800.0,2189600.0,0,0,0,0,0,0
1.0,1.0,1.0,,Welcome to the RITC 2026 Alogithmic Market Making Case - practice server,,19,2026-02-01 13:41:04.807071,SMMR,25.0,24.98,24.99,2179300.0,2056800.0,0,0,0,0,0,0
,,,,,,19,2026-02-01 13:41:04.807071,ATMN,25.27,25.19,25.27,2198100.0,2118400.0,0,0,0,0,0,0
,,,,,,19,2026-02-01 13:41:04.807071,WNTR,25.02,24.93,25.02,2193500.0,2143300.0,0,0,0,0,0,0
2.0,1.0,1.0,,Aggregate Position Limit,Your CRO has set the aggregate position limit to 10000 shares for this week.,20,2026-02-01 13:41:05.842818,SPNG,25.18,24.77,25.13,2211300.0,2189200.0,0,0,0,0,0,0
1.0,1.0,1.0,,Welcome to the RITC 2026 Alogithmic Market Making Case - practice server,,20,2026-02-01 13:41:05.842818,SMMR,24.99,25.0,25.01,2180100.0,2069600.0,0,0,0,0,0,0
,,,,,,20,2026-02-01 13:41:05.842818,ATMN,25.3,24.98,25.3,2209300.0,2143800.0,0,0,0,0,0,0
,,,,,,20,2026-02-01 13:41:05.842818,WNTR,25.07,24.93,25.07,2170900.0,2109100.0,0,0,0,0,0,0
2.0,1.0,1.0,,Aggregate Position Limit,Your CRO has set the aggregate position limit to 10000 shares for this week.,21,2026-02-01 13:41:06.868353,SPNG,24.5,24.5,25.13,2189600.0,2189200.0,0,0,0,0,0,0
1.0,1.0,1.0,,Welcome to the RITC 2026 Alogithmic Market Making Case - practice server,,21,2026-02-01 13:41:06.868353,SMMR,25.0,25.0,25.06,2180100.0,2030300.0,0,0,0,0,0,0
,,,,,,21,2026-02-01 13:41:06.868353,ATMN,24.98,24.98,25.31,2209300.0,2129400.0,0,0,0,0,0,0
,,,,,,21,2026-02-01 13:41:06.868353,WNTR,25.07,25.03,25.07,2160800.0,2107600.0,0,0,0,0,0,0
2.0,1.0,1.0,,Aggregate Position Limit,Your CRO has set the aggregate position limit to 10000 shares for this week.,22,2026-02-01 13:41:07.906169,SPNG,24.5,24.79,25.13,2168900.0,2189200.0,0,0,0,0,0,0
1.0,1.0,1.0,,Welcome to the RITC 2026 Alogithmic Market Making Case - practice server,,22,2026-02-01 13:41:07.906169,SMMR,25.06,25.05,25.06,2182200.0,2001700.0,0,0,0,0,0,0
,,,,,,22,2026-02-01 13:41:07.906169,ATMN,25.2,24.98,25.08,2180000.0,2143000.0,0,0,0,0,0,0
,,,,,,22,2026-02-01 13:41:07.906169,WNTR,25.08,25.03,25.08,2151900.0,2095600.0,0,0,0,0,0,0
2.0,1.0,1.0,,Aggregate Position Limit,Your CRO has set the aggregate position limit to 10000 shares for this week.,23,2026-02-01 13:41:08.941812,SPNG,24.79,24.79,25.13,2143400.0,2189200.0,0,0,0,0,0,0
1.0,1.0,1.0,,Welcome to the RITC 2026 Alogithmic Market Making Case - practice server,,23,2026-02-01 13:41:08.941812,SMMR,25.13,25.05,25.13,2182200.0,2053200.0,0,0,0,0,0,0
,,,,,,23,2026-02-01 13:41:08.941812,ATMN,25.35,25.14,25.35,2163400.0,2131800.0,0,0,0,0,0,0
,,,,,,23,2026-02-01 13:41:08.941812,WNTR,24.93,24.97,25.08,2145100.0,2095500.0,0,0,0,0,0,0
2.0,1.0,1.0,,Aggregate Position Limit,Your CRO has set the aggregate position limit to 10000 shares for this week.,24,2026-02-01 13:41:09.972498,SPNG,25.13,24.71,25.13,2104500.0,2189200.0,0,0,0,0,0,0
1.0,1.0,1.0,,Welcome to the RITC 2026 Alogithmic Market Making Case - practice server,,24,2026-02-01 13:41:09.972498,SMMR,25.15,24.9,25.15,2196100.0,2070800.0,0,0,0,0,0,0
,,,,,,24,2026-02-01 13:41:09.972498,ATMN,25.35,25.14,25.21,2163400.0,2117700.0,0,0,0,0,0,0
,,,,,,24,2026-02-01 13:41:09.972498,WNTR,24.97,24.97,25.08,2168100.0,2095500.0,0,0,0,0,0,0
2.0,1.0,1.0,,Aggregate Position Limit,Your CRO has set the aggregate position limit to 10000 shares for this week.,25,2026-02-01 13:41:10.990745,SPNG,25.18,25.33,25.34,2097600.0,2173400.0,0,0,0,0,0,0
1.0,1.0,1.0,,Welcome to the RITC 2026 Alogithmic Market Making Case - practice server,,25,2026-02-01 13:41:10.990745,SMMR,25.15,24.95,24.96,2182100.0,2069100.0,0,0,0,0,0,0
,,,,,,25,2026-02-01 13:41:10.990745,ATMN,25.21,24.98,25.21,2180000.0,2151200.0,0,0,0,0,0,0
,,,,,,25,2026-02-01 13:41:10.990745,WNTR,25.09,25.02,25.09,2148000.0,2108000.0,0,0,0,0,0,0
2.0,1.0,1.0,,Aggregate Position Limit,Your CRO has set the aggregate position limit to 10000 shares for this week.,26,2026-02-01 13:41:12.014086,SPNG,25.34,24.47,25.34,2186300.0,2173400.0,0,0,0,0,0,0
1.0,1.0,1.0,,Welcome to the RITC 2026 Alogithmic Market Making Case - practice server,,26,2026-02-01 13:41:12.014086,SMMR,25.06,24.95,25.06,2182100.0,2076000.0,0,0,0,0,0,0
,,,,,,26,2026-02-01 13:41:12.014086,ATMN,24.97,24.97,25.21,2178700.0,2182400.0,0,0,0,0,0,0
,,,,,,26,2026-02-01 13:41:12.014086,WNTR,25.09,25.02,25.09,2148000.0,2104500.0,0,0,0,0,0,0
2.0,1.0,1.0,,Aggregate Position Limit,Your CRO has set the aggregate position limit to 10000 shares for this week.,27,2026-02-01 13:41:13.030561,SPNG,25.34,24.99,25.34,2165200.0,2212000.0,0,0,0,0,0,0
1.0,1.0,1.0,,Welcome to the RITC 2026 Alogithmic Market Making Case - practice server,,27,2026-02-01 13:41:13.030561,SMMR,24.9,24.98,25.0,2176000.0,2054800.0,0,0,0,0,0,0
,,,,,,27,2026-02-01 13:41:13.030561,ATMN,25.4,25.04,25.4,2216300.0,2160300.0,0,0,0,0,0,0
,,,,,,27,2026-02-01 13:41:13.030561,WNTR,24.97,24.98,25.01,2126500.0,2137700.0,0,0,0,0,0,0
2.0,1.0,1.0,,Aggregate Position Limit,Your CRO has set the aggregate position limit to 10000 shares for this week.,28,2026-02-01 13:41:14.060024,SPNG,24.99,24.47,24.95,2177300.0,2204400.0,0,0,0,0,0,0
1.0,1.0,1.0,,Welcome to the RITC 2026 Alogithmic Market Making Case - practice server,,28,2026-02-01 13:41:14.060024,SMMR,25.06,24.98,25.06,2176800.0,2076000.0,0,0,0,0,0,0
,,,,,,28,2026-02-01 13:41:14.060024,ATMN,25.4,25.04,25.4,2261500.0,2155200.0,0,0,0,0,0,0
,,,,,,28,2026-02-01 13:41:14.060024,WNTR,25.01,24.98,25.01,2148500.0,2137700.0,0,0,0,0,0,0
2.0,1.0,1.0,,Aggregate Position Limit,Your CRO has set the aggregate position limit to 10000 shares for this week.,29,2026-02-01 13:41:15.081186,SPNG,24.85,24.56,24.84,2182200.0,2203900.0,0,0,0,0,0,0
1.0,1.0,1.0,,Welcome to the RITC 2026 Alogithmic Market Making Case - practice server,,29,2026-02-01 13:41:15.081186,SMMR,25.17,24.98,25.17,2198200.0,2045000.0,0,0,0,0,0,0
,,,,,,29,2026-02-01 13:41:15.081186,ATMN,25.04,25.04,25.41,2261500.0,2160800.0,0,0,0,0,0,0
,,,,,,29,2026-02-01 13:41:15.081186,WNTR,24.93,24.93,25.01,2160400.0,2137700.0,0,0,0,0,0,0
2.0,1.0,1.0,,Aggregate Position Limit,Your CRO has set the aggregate position limit to 10000 shares for this week.,30,2026-02-01 13:41:16.106398,SPNG,25.38,24.56,25.38,2191300.0,2211300.0,0,0,0,0,0,0
1.0,1.0,1.0,,Welcome to the RITC 2026 Alogithmic Market Making Case - practice server,,30,2026-02-01 13:41:16.106398,SMMR,24.91,24.91,24.96,2226800.0,2064500.0,0,0,0,0,0,0
,,,,,,30,2026-02-01 13:41:16.106398,ATMN,24.97,24.97,25.27,2230700.0,2166200.0,0,0,0,0,0,0
,,,,,,30,2026-02-01 13:41:16.106398,WNTR,25.09,24.93,25.09,2195300.0,2093600.0,0,0,0,0,0,0
2.0,1.0,1.0,,Aggregate Position Limit,Your CRO has set the aggregate position limit to 10000 shares for this week.,31,2026-02-01 13:41:17.126134,SPNG,24.94,24.56,24.94,2171900.0,2238800.0,0,0,0,0,0,0
1.0,1.0,1.0,,Welcome to the RITC 2026 Alogithmic Market Making Case - practice server,,31,2026-02-01 13:41:17.126134,SMMR,24.96,25.07,25.17,2202400.0,2060900.0,0,0,0,0,0,0
,,,,,,31,2026-02-01 13:41:17.126134,ATMN,24.97,25.18,25.22,2249800.0,2178500.0,0,0,0,0,0,0
,,,,,,31,2026-02-01 13:41:17.126134,WNTR,25.1,24.91,25.1,2198000.0,2093700.0,0,0,0,0,0,0
2.0,1.0,1.0,,Aggregate Position Limit,Your CRO has set the aggregate position limit to 10000 shares for this week.,32,2026-02-01 13:41:18.145881,SPNG,25.39,24.56,24.61,2171900.0,2202500.0,0,0,0,0,0,0
1.0,1.0,1.0,,Welcome to the RITC 2026 Alogithmic Market Making Case - practice server,,32,2026-02-01 13:41:18.145881,SMMR,24.91,24.91,25.14,2226800.0,2107300.0,0,0,0,0,0,0
,,,,,,32,2026-02-01 13:41:18.145881,ATMN,25.27,24.95,25.27,2197100.0,2174200.0,0,0,0,0,0,0
,,,,,,32,2026-02-01 13:41:18.145881,WNTR,25.1,25.08,25.1,2186400.0,2093700.0,0,0,0,0,0,0
2.0,1.0,1.0,,Aggregate Position Limit,Your CRO has set the aggregate position limit to 10000 shares for this week.,33,2026-02-01 13:41:19.175948,SPNG,24.61,24.73,25.39,2187600.0,2221200.0,0,0,0,0,0,0
1.0,1.0,1.0,,Welcome to the RITC 2026 Alogithmic Market Making Case - practice server,,33,2026-02-01 13:41:19.175948,SMMR,24.91,25.05,25.14,2227900.0,2107300.0,0,0,0,0,0,0
,,,,,,33,2026-02-01 13:41:19.175948,ATMN,25.27,24.98,25.27,2198800.0,2174200.0,0,0,0,0,0,0
,,,,,,33,2026-02-01 13:41:19.175948,WNTR,25.12,25.08,25.12,2186400.0,2114500.0,0,0,0,0,0,0
2.0,1.0,1.0,,Aggregate Position Limit,Your CRO has set the aggregate position limit to 10000 shares for this week.,34,2026-02-01 13:41:20.211135,SPNG,24.6,24.65,25.39,2214400.0,2221200.0,0,0,0,0,0,0
1.0,1.0,1.0,,Welcome to the RITC 2026 Alogithmic Market Making Case - practice server,,34,2026-02-01 13:41:20.211135,SMMR,25.02,25.08,25.14,2229000.0,2063700.0,0,0,0,0,0,0
,,,,,,34,2026-02-01 13:41:20.211135,ATMN,25.41,24.98,25.41,2198800.0,2181000.0,0,0,0,0,0,0
,,,,,,34,2026-02-01 13:41:20.211135,WNTR,25.13,25.03,25.13,2204000.0,2091700.0,0,0,0,0,0,0
2.0,1.0,1.0,,Aggregate Position Limit,Your CRO has set the aggregate position limit to 10000 shares for this week.,35,2026-02-01 13:41:21.245264,SPNG,24.6,24.96,25.05,2232600.0,2213400.0,0,0,0,0,0,0
1.0,1.0,1.0,,Welcome to the RITC 2026 Alogithmic Market Making Case - practice server,,35,2026-02-01 13:41:21.245264,SMMR,25.08,25.08,25.14,2229000.0,2066100.0,0,0,0,0,0,0
,,,,,,35,2026-02-01 13:41:21.245264,ATMN,24.98,25.13,25.41,2232700.0,2181000.0,0,0,0,0,0,0
,,,,,,35,2026-02-01 13:41:21.245264,WNTR,25.14,25.03,25.14,2239400.0,2072400.0,0,0,0,0,0,0
2.0,1.0,1.0,,Aggregate Position Limit,Your CRO has set the aggregate position limit to 10000 shares for this week.,36,2026-02-01 13:41:22.279854,SPNG,25.05,24.96,25.05,2233500.0,2213400.0,0,0,0,0,0,0
1.0,1.0,1.0,,Welcome to the RITC 2026 Alogithmic Market Making Case - practice server,,36,2026-02-01 13:41:22.279854,SMMR,25.04,25.02,25.04,2208400.0,2046900.0,0,0,0,0,0,0
,,,,,,36,2026-02-01 13:41:22.279854,ATMN,25.44,25.13,25.32,2232700.0,2187600.0,0,0,0,0,0,0
,,,,,,36,2026-02-01 13:41:22.279854,WNTR,25.14,25.05,25.14,2180100.0,2083100.0,0,0,0,0,0,0
2.0,1.0,1.0,,Aggregate Position Limit,Your CRO has set the aggregate position limit to 10000 shares for this week.,37,2026-02-01 13:41:23.306065,SPNG,25.39,24.83,25.39,2224700.0,2207900.0,0,0,0,0,0,0
1.0,1.0,1.0,,Welcome to the RITC 2026 Alogithmic Market Making Case - practice server,,37,2026-02-01 13:41:23.306065,SMMR,25.04,25.02,25.04,2229100.0,2046900.0,0,0,0,0,0,0
,,,,,,37,2026-02-01 13:41:23.306065,ATMN,25.14,25.13,25.14,2232700.0,2211300.0,0,0,0,0,0,0
,,,,,,37,2026-02-01 13:41:23.306065,WNTR,25.14,25.09,25.14,2198300.0,2068500.0,0,0,0,0,0,0
2.0,1.0,1.0,,Aggregate Position Limit,Your CRO has set the aggregate position limit to 10000 shares for this week.,38,2026-02-01 13:41:24.341049,SPNG,25.39,24.83,25.36,2224700.0,2242500.0,0,0,0,0,0,0
1.0,1.0,1.0,,Welcome to the RITC 2026 Alogithmic Market Making Case - practice server,,38,2026-02-01 13:41:24.341049,SMMR,25.04,25.02,25.04,2229100.0,2084400.0,0,0,0,0,0,0
,,,,,,38,2026-02-01 13:41:24.341049,ATMN,25.32,25.13,25.32,2237300.0,2198400.0,0,0,0,0,0,0
,,,,,,38,2026-02-01 13:41:24.341049,WNTR,25.14,25.09,25.14,2207600.0,2093900.0,0,0,0,0,0,0
2.0,1.0,1.0,,Aggregate Position Limit,Your CRO has set the aggregate position limit to 10000 shares for this week.,39,2026-02-01 13:41:25.365860,SPNG,25.18,25.18,25.36,2213500.0,2242500.0,0,0,0,0,0,0
1.0,1.0,1.0,,Welcome to the RITC 2026 Alogithmic Market Making Case - practice server,,39,2026-02-01 13:41:25.365860,SMMR,24.97,24.97,25.06,2191900.0,2106900.0,0,0,0,0,0,0
,,,,,,39,2026-02-01 13:41:25.365860,ATMN,25.32,25.21,25.28,2206200.0,2199600.0,0,0,0,0,0,0
,,,,,,39,2026-02-01 13:41:25.365860,WNTR,25.14,25.09,25.14,2229900.0,2078600.0,0,0,0,0,0,0
2.0,1.0,1.0,,Aggregate Position Limit,Your CRO has set the aggregate position limit to 10000 shares for this week.,40,2026-02-01 13:41:26.403963,SPNG,25.18,24.8,25.04,2209600.0,2227700.0,0,0,0,0,0,0
1.0,1.0,1.0,,Welcome to the RITC 2026 Alogithmic Market Making Case - practice server,,40,2026-02-01 13:41:26.403963,SMMR,25.08,25.08,25.13,2225300.0,2080900.0,0,0,0,0,0,0
,,,,,,40,2026-02-01 13:41:26.403963,ATMN,25.32,25.21,25.29,2206400.0,2224400.0,0,0,0,0,0,0
,,,,,,40,2026-02-01 13:41:26.403963,WNTR,25.15,25.09,25.15,2242100.0,2081600.0,0,0,0,0,0,0
2.0,1.0,1.0,,Aggregate Position Limit,Your CRO has set the aggregate position limit to 10000 shares for this week.,41,2026-02-01 13:41:27.416309,SPNG,25.36,24.8,25.36,2240800.0,2231600.0,0,0,0,0,0,0
1.0,1.0,1.0,,Welcome to the RITC 2026 Alogithmic Market Making Case - practice server,,41,2026-02-01 13:41:27.416309,SMMR,25.13,24.97,25.13,2192500.0,2089100.0,0,0,0,0,0,0
,,,,,,41,2026-02-01 13:41:27.416309,ATMN,25.13,25.13,25.29,2234300.0,2224400.0,0,0,0,0,0,0
,,,,,,41,2026-02-01 13:41:27.416309,WNTR,25.02,25.02,25.15,2222600.0,2081600.0,0,0,0,0,0,0
2.0,1.0,1.0,,Aggregate Position Limit,Your CRO has set the aggregate position limit to 10000 shares for this week.,42,2026-02-01 13:41:28.453821,SPNG,24.65,24.65,25.36,2274200.0,2226700.0,0,0,0,0,0,0
1.0,1.0,1.0,,Welcome to the RITC 2026 Alogithmic Market Making Case - practice server,,42,2026-02-01 13:41:28.453821,SMMR,25.13,24.97,25.04,2192500.0,2055900.0,0,0,0,0,0,0
,,,,,,42,2026-02-01 13:41:28.453821,ATMN,25.4,25.39,25.4,2254500.0,2172400.0,0,0,0,0,0,0
,,,,,,42,2026-02-01 13:41:28.453821,WNTR,24.97,24.97,24.99,2209300.0,2073700.0,0,0,0,0,0,0
2.0,1.0,1.0,,Aggregate Position Limit,Your CRO has set the aggregate position limit to 10000 shares for this week.,43,2026-02-01 13:41:29.475839,SPNG,25.25,25.25,25.36,2292800.0,2226700.0,0,0,0,0,0,0
1.0,1.0,1.0,,Welcome to the RITC 2026 Alogithmic Market Making Case - practice server,,43,2026-02-01 13:41:29.475839,SMMR,25.07,24.97,25.07,2234500.0,2065400.0,0,0,0,0,0,0
,,,,,,43,2026-02-01 13:41:29.475839,ATMN,25.44,25.13,25.44,2234300.0,2173700.0,0,0,0,0,0,0
,,,,,,43,2026-02-01 13:41:29.475839,WNTR,24.97,24.97,24.99,2221800.0,2075600.0,0,0,0,0,0,0
2.0,1.0,1.0,,Aggregate Position Limit,Your CRO has set the aggregate position limit to 10000 shares for this week.,44,2026-02-01 13:41:30.505785,SPNG,24.6,24.6,25.36,2251000.0,2226700.0,0,0,0,0,0,0
1.0,1.0,1.0,,Welcome to the RITC 2026 Alogithmic Market Making Case - practice server,,44,2026-02-01 13:41:30.505785,SMMR,25.06,24.97,25.03,2234500.0,2049500.0,0,0,0,0,0,0
,,,,,,44,2026-02-01 13:41:30.505785,ATMN,25.12,25.12,25.44,2218000.0,2185000.0,0,0,0,0,0,0
,,,,,,44,2026-02-01 13:41:30.505785,WNTR,24.99,25.01,25.03,2233300.0,2065800.0,0,0,0,0,0,0
2.0,1.0,1.0,,Aggregate Position Limit,Your CRO has set the aggregate position limit to 10000 shares for this week.,45,2026-02-01 13:41:31.545913,SPNG,24.6,25.11,25.36,2241600.0,2237600.0,0,0,0,0,0,0
1.0,1.0,1.0,,Welcome to the RITC 2026 Alogithmic Market Making Case - practice server,,45,2026-02-01 13:41:31.545913,SMMR,24.96,24.96,25.03,2254800.0,2049500.0,0,0,0,0,0,0
,,,,,,45,2026-02-01 13:41:31.545913,ATMN,25.45,25.12,25.45,2218000.0,2181800.0,0,0,0,0,0,0
,,,,,,45,2026-02-01 13:41:31.545913,WNTR,25.15,25.01,25.15,2218600.0,2089100.0,0,0,0,0,0,0
2.0,1.0,1.0,,Aggregate Position Limit,Your CRO has set the aggregate position limit to 10000 shares for this week.,46,2026-02-01 13:41:32.583714,SPNG,25.36,24.6,25.36,2251000.0,2237600.0,0,0,0,0,0,0
1.0,1.0,1.0,,Welcome to the RITC 2026 Alogithmic Market Making Case - practice server,,46,2026-02-01 13:41:32.583714,SMMR,25.07,24.96,25.07,2261100.0,2065400.0,0,0,0,0,0,0
,,,,,,46,2026-02-01 13:41:32.583714,ATMN,25.47,25.12,25.47,2238200.0,2184900.0,0,0,0,0,0,0
,,,,,,46,2026-02-01 13:41:32.583714,WNTR,24.95,24.95,25.15,2194500.0,2089100.0,0,0,0,0,0,0
2.0,1.0,1.0,,Aggregate Position Limit,Your CRO has set the aggregate position limit to 10000 shares for this week.,47,2026-02-01 13:41:33.615753,SPNG,25.41,24.6,25.41,2251000.0,2202800.0,0,0,0,0,0,0
1.0,1.0,1.0,,Welcome to the RITC 2026 Alogithmic Market Making Case - practice server,,47,2026-02-01 13:41:33.615753,SMMR,25.14,25.01,25.14,2257900.0,2067200.0,0,0,0,0,0,0
,,,,,,47,2026-02-01 13:41:33.615753,ATMN,25.12,25.12,25.47,2238200.0,2184900.0,0,0,0,0,0,0
,,,,,,47,2026-02-01 13:41:33.615753,WNTR,25.17,24.95,25.17,2194500.0,2092800.0,0,0,0,0,0,0
2.0,1.0,1.0,,Aggregate Position Limit,Your CRO has set the aggregate position limit to 10000 shares for this week.,48,2026-02-01 13:41:34.635800,SPNG,25.41,25.04,25.35,2281700.0,2209900.0,0,0,0,0,0,0
1.0,1.0,1.0,,Welcome to the RITC 2026 Alogithmic Market Making Case - practice server,,48,2026-02-01 13:41:34.635800,SMMR,25.01,25.01,25.08,2257900.0,2079900.0,0,0,0,0,0,0
,,,,,,48,2026-02-01 13:41:34.635800,ATMN,25.03,25.32,25.47,2227700.0,2184900.0,0,0,0,0,0,0
,,,,,,48,2026-02-01 13:41:34.635800,WNTR,24.94,24.94,25.17,2186200.0,2097300.0,0,0,0,0,0,0
2.0,1.0,1.0,,Aggregate Position Limit,Your CRO has set the aggregate position limit to 10000 shares for this week.,49,2026-02-01 13:41:35.655784,SPNG,25.35,25.04,25.35,2281700.0,2209900.0,0,0,0,0,0,0
1.0,1.0,1.0,,Welcome to the RITC 2026 Alogithmic Market Making Case - practice server,,49,2026-02-01 13:41:35.655784,SMMR,24.95,25.05,25.08,2233500.0,2060300.0,0,0,0,0,0,0
,,,,,,49,2026-02-01 13:41:35.655784,ATMN,25.42,25.32,25.42,2227700.0,2226900.0,0,0,0,0,0,0
,,,,,,49,2026-02-01 13:41:35.655784,WNTR,24.99,24.98,24.99,2193200.0,2085100.0,0,0,0,0,0,0
2.0,1.0,1.0,,Aggregate Position Limit,Your CRO has set the aggregate position limit to 10000 shares for this week.,51,2026-02-01 13:41:36.675594,SPNG,25.35,25.04,25.35,2281700.0,2187100.0,0,0,0,0,0,0
1.0,1.0,1.0,,Welcome to the RITC 2026 Alogithmic Market Making Case - practice server,,51,2026-02-01 13:41:36.675594,SMMR,25.08,25.13,25.14,2266300.0,2065400.0,0,0,0,0,0,0
,,,,,,51,2026-02-01 13:41:36.675594,ATMN,25.52,25.03,25.52,2226800.0,2205100.0,0,0,0,0,0,0
,,,,,,51,2026-02-01 13:41:36.675594,WNTR,24.99,25.15,25.17,2210600.0,2110600.0,0,0,0,0,0,0
2.0,1.0,1.0,,Aggregate Position Limit,Your CRO has set the aggregate position limit to 10000 shares for this week.,52,2026-02-01 13:41:37.700413,SPNG,25.04,25.04,25.07,2281700.0,2145800.0,0,0,0,0,0,0
1.0,1.0,1.0,,Welcome to the RITC 2026 Alogithmic Market Making Case - practice server,,52,2026-02-01 13:41:37.700413,SMMR,25.14,25.04,25.14,2244600.0,2071700.0,0,0,0,0,0,0
,,,,,,52,2026-02-01 13:41:37.700413,ATMN,24.97,24.97,25.49,2223900.0,2184700.0,0,0,0,0,0,0
,,,,,,52,2026-02-01 13:41:37.700413,WNTR,25.17,25.15,25.17,2210600.0,2097700.0,0,0,0,0,0,0
2.0,1.0,1.0,,Aggregate Position Limit,Your CRO has set the aggregate position limit to 10000 shares for this week.,53,2026-02-01 13:41:38.725610,SPNG,25.07,25.14,25.34,2281300.0,2161900.0,0,0,0,0,0,0
1.0,1.0,1.0,,Welcome to the RITC 2026 Alogithmic Market Making Case - practice server,,53,2026-02-01 13:41:38.725610,SMMR,25.08,25.08,25.14,2228500.0,2071700.0,0,0,0,0,0,0
,,,,,,53,2026-02-01 13:41:38.725610,ATMN,24.97,24.97,25.2,2223900.0,2182100.0,0,0,0,0,0,0
,,,,,,53,2026-02-01 13:41:38.725610,WNTR,25.17,25.08,25.17,2209900.0,2081900.0,0,0,0,0,0,0
2.0,1.0,1.0,,Aggregate Position Limit,Your CRO has set the aggregate position limit to 10000 shares for this week.,54,2026-02-01 13:41:39.750330,SPNG,25.04,24.6,24.74,2278800.0,2188900.0,0,0,0,0,0,0
1.0,1.0,1.0,,Welcome to the RITC 2026 Alogithmic Market Making Case - practice server,,54,2026-02-01 13:41:39.750330,SMMR,25.08,25.04,25.08,2224700.0,2118600.0,0,0,0,0,0,0
,,,,,,54,2026-02-01 13:41:39.750330,ATMN,25.49,24.81,25.49,2209500.0,2184700.0,0,0,0,0,0,0
,,,,,,54,2026-02-01 13:41:39.750330,WNTR,25.17,25.08,25.17,2221500.0,2081100.0,0,0,0,0,0,0
2.0,1.0,1.0,,Aggregate Position Limit,Your CRO has set the aggregate position limit to 10000 shares for this week.,55,2026-02-01 13:41:40.775503,SPNG,24.74,24.82,25.27,2273100.0,2174700.0,0,0,0,0,0,0
1.0,1.0,1.0,,Welcome to the RITC 2026 Alogithmic Market Making Case - practice server,,55,2026-02-01 13:41:40.775503,SMMR,25.0,25.0,25.08,2215700.0,2118600.0,0,0,0,0,0,0
,,,,,,55,2026-02-01 13:41:40.775503,ATMN,25.49,25.44,25.49,2231000.0,2184700.0,0,0,0,0,0,0
,,,,,,55,2026-02-01 13:41:40.775503,WNTR,25.08,25.08,25.19,2221500.0,2081700.0,0,0,0,0,0,0
2.0,1.0,1.0,,Aggregate Position Limit,Your CRO has set the aggregate position limit to 10000 shares for this week.,56,2026-02-01 13:41:41.805288,SPNG,24.56,24.56,25.34,2277800.0,2161900.0,0,0,0,0,0,0
1.0,1.0,1.0,,Welcome to the RITC 2026 Alogithmic Market Making Case - practice server,,56,2026-02-01 13:41:41.805288,SMMR,25.0,25.0,25.08,2208500.0,2080200.0,0,0,0,0,0,0
,,,,,,56,2026-02-01 13:41:41.805288,ATMN,25.08,25.17,25.49,2252300.0,2208100.0,0,0,0,0,0,0
,,,,,,56,2026-02-01 13:41:41.805288,WNTR,25.2,25.08,25.2,2205900.0,2087200.0,0,0,0,0,0,0
2.0,1.0,1.0,,Aggregate Position Limit,Your CRO has set the aggregate position limit to 10000 shares for this week.,57,2026-02-01 13:41:42.835264,SPNG,25.41,24.56,25.41,2307100.0,2171500.0,0,0,0,0,0,0
1.0,1.0,1.0,,Welcome to the RITC 2026 Alogithmic Market Making Case - practice server,,57,2026-02-01 13:41:42.835264,SMMR,25.09,25.0,25.09,2168300.0,2058200.0,0,0,0,0,0,0
,,,,,,57,2026-02-01 13:41:42.835264,ATMN,25.17,25.17,25.42,2252300.0,2234400.0,0,0,0,0,0,0
,,,,,,57,2026-02-01 13:41:42.835264,WNTR,25.08,25.04,25.08,2219300.0,2093300.0,0,0,0,0,0,0
2.0,1.0,1.0,,Aggregate Position Limit,Your CRO has set the aggregate position limit to 10000 shares for this week.,58,2026-02-01 13:41:43.873733,SPNG,25.01,24.81,24.84,2297000.0,2187900.0,0,0,0,0,0,0
1.0,1.0,1.0,,Welcome to the RITC 2026 Alogithmic Market Making Case - practice server,,58,2026-02-01 13:41:43.873733,SMMR,25.14,25.03,25.14,2217400.0,2104600.0,0,0,0,0,0,0
,,,,,,58,2026-02-01 13:41:43.873733,ATMN,25.17,25.17,25.32,2252300.0,2241000.0,0,0,0,0,0,0
,,,,,,58,2026-02-01 13:41:43.873733,WNTR,25.08,25.12,25.21,2211300.0,2076000.0,0,0,0,0,0,0
2.0,1.0,1.0,,Aggregate Position Limit,Your CRO has set the aggregate position limit to 10000 shares for this week.,59,2026-02-01 13:41:44.891173,SPNG,25.01,24.81,24.84,2288500.0,2187900.0,0,0,0,0,0,0
1.0,1.0,1.0,,Welcome to the RITC 2026 Alogithmic Market Making Case - practice server,,59,2026-02-01 13:41:44.891173,SMMR,24.94,24.94,25.04,2198000.0,2108500.0,0,0,0,0,0,0
,,,,,,59,2026-02-01 13:41:44.891173,ATMN,25.11,25.11,25.42,2234200.0,2234400.0,0,0,0,0,0,0
,,,,,,59,2026-02-01 13:41:44.891173,WNTR,25.12,25.04,25.07,2200000.0,2056800.0,0,0,0,0,0,0
2.0,1.0,1.0,,Aggregate Position Limit,Your CRO has set the aggregate position limit to 10000 shares for this week.,60,2026-02-01 13:41:45.915506,SPNG,24.84,24.58,0.0,200000.0,0,0,0,0,0,0,0
1.0,1.0,1.0,,Welcome to the RITC 2026 Alogithmic Market Making Case - practice server,,60,2026-02-01 13:41:45.915506,SMMR,24.93,24.08,0.0,200000.0,0,0,0,0,0,0,0
,,,,,,60,2026-02-01 13:41:45.915506,ATMN,25.38,24.23,0.0,200000.0,0,0,0,0,0,0,0
,,,,,,60,2026-02-01 13:41:45.915506,WNTR,25.11,25.41,0.0,200000.0,0,0,0,0,0,0,0
2.0,1.0,1.0,,Aggregate Position Limit,Your CRO has set the aggregate position limit to 10000 shares for this week.,61,2026-02-01 13:41:46.930572,SPNG,24.58,24.58,24.64,1131900.0,915300.0,0,0,0,0,0,0
1.0,1.0,1.0,,Welcome to the RITC 2026 Alogithmic Market Making Case - practice server,,61,2026-02-01 13:41:46.930572,SMMR,24.27,24.27,24.42,951300.0,1110900.0,0,0,0,0,0,0
,,,,,,61,2026-02-01 13:41:46.930572,ATMN,24.23,24.23,24.73,956800.0,966500.0,0,0,0,0,0,0
,,,,,,61,2026-02-01 13:41:46.930572,WNTR,25.41,25.48,25.49,820300.0,931100.0,0,0,0,0,0,0
2.0,1.0,1.0,,Aggregate Position Limit,Your CRO has set the aggregate position limit to 10000 shares for this week.,62,2026-02-01 13:41:47.965441,SPNG,24.75,24.58,24.75,1331600.0,823600.0,0,0,0,0,0,0
1.0,1.0,1.0,,Welcome to the RITC 2026 Alogithmic Market Making Case - practice server,,62,2026-02-01 13:41:47.965441,SMMR,24.08,24.08,24.23,945700.0,1344100.0,0,0,0,0,0,0
,,,,,,62,2026-02-01 13:41:47.965441,ATMN,24.06,24.06,24.33,952600.0,1103600.0,0,0,0,0,0,0
,,,,,,62,2026-02-01 13:41:47.965441,WNTR,25.41,25.41,25.44,969700.0,1029200.0,0,0,0,0,0,0
2.0,1.0,1.0,,Aggregate Position Limit,Your CRO has set the aggregate position limit to 10000 shares for this week.,63,2026-02-01 13:41:48.990303,SPNG,24.75,24.58,24.66,1331600.0,1142000.0,0,0,0,0,0,0
1.0,1.0,1.0,,Welcome to the RITC 2026 Alogithmic Market Making Case - practice server,,63,2026-02-01 13:41:48.990303,SMMR,24.06,24.06,24.23,978500.0,1575500.0,0,0,0,0,0,0
,,,,,,63,2026-02-01 13:41:48.990303,ATMN,23.76,23.76,24.33,997500.0,1103600.0,0,0,0,0,0,0
,,,,,,63,2026-02-01 13:41:48.990303,WNTR,25.26,25.26,25.44,961700.0,1259400.0,0,0,0,0,0,0
2.0,1.0,1.0,,Aggregate Position Limit,Your CRO has set the aggregate position limit to 10000 shares for this week.,64,2026-02-01 13:41:50.018783,SPNG,24.46,24.12,24.33,1169600.0,1246300.0,0,0,0,0,0,0
1.0,1.0,1.0,,Welcome to the RITC 2026 Alogithmic Market Making Case - practice server,,64,2026-02-01 13:41:50.018783,SMMR,24.23,24.1,24.23,1079500.0,1699500.0,0,0,0,0,0,0
,,,,,,64,2026-02-01 13:41:50.018783,ATMN,24.48,23.76,24.42,997500.0,1213600.0,0,0,0,0,0,0
,,,,,,64,2026-02-01 13:41:50.018783,WNTR,25.25,25.36,25.49,979000.0,1161300.0,0,0,0,0,0,0
2.0,1.0,1.0,,Aggregate Position Limit,Your CRO has set the aggregate position limit to 10000 shares for this week.,65,2026-02-01 13:41:51.045451,SPNG,24.66,24.14,24.66,1418100.0,1142000.0,0,0,0,0,0,0
1.0,1.0,1.0,,Welcome to the RITC 2026 Alogithmic Market Making Case - practice server,,65,2026-02-01 13:41:51.045451,SMMR,24.06,24.02,24.05,1072800.0,1814000.0,0,0,0,0,0,0
,,,,,,65,2026-02-01 13:41:51.045451,ATMN,24.48,23.85,24.42,1335000.0,1213600.0,0,0,0,0,0,0
,,,,,,65,2026-02-01 13:41:51.045451,WNTR,25.36,25.25,25.31,1079700.0,1273500.0,0,0,0,0,0,0
2.0,1.0,1.0,,Aggregate Position Limit,Your CRO has set the aggregate position limit to 10000 shares for this week.,66,2026-02-01 13:41:52.065335,SPNG,24.75,24.72,24.75,1632300.0,1044200.0,0,0,0,0,0,0
1.0,1.0,1.0,,Welcome to the RITC 2026 Alogithmic Market Making Case - practice server,,66,2026-02-01 13:41:52.065335,SMMR,24.23,24.02,24.23,1189900.0,1699500.0,0,0,0,0,0,0
,,,,,,66,2026-02-01 13:41:52.065335,ATMN,24.48,24.08,24.42,1670200.0,1213600.0,0,0,0,0,0,0
,,,,,,66,2026-02-01 13:41:52.065335,WNTR,25.28,25.42,25.49,1180500.0,1161300.0,0,0,0,0,0,0
2.0,1.0,1.0,,Aggregate Position Limit,Your CRO has set the aggregate position limit to 10000 shares for this week.,67,2026-02-01 13:41:53.095216,SPNG,24.72,24.72,24.75,1632300.0,1270600.0,0,0,0,0,0,0
1.0,1.0,1.0,,Welcome to the RITC 2026 Alogithmic Market Making Case - practice server,,67,2026-02-01 13:41:53.095216,SMMR,24.07,24.19,24.23,1390500.0,1828000.0,0,0,0,0,0,0
,,,,,,67,2026-02-01 13:41:53.095216,ATMN,24.73,23.97,24.73,1694000.0,1166600.0,0,0,0,0,0,0
,,,,,,67,2026-02-01 13:41:53.095216,WNTR,25.42,25.42,25.49,1193100.0,1277300.0,0,0,0,0,0,0
2.0,1.0,1.0,,Aggregate Position Limit,Your CRO has set the aggregate position limit to 10000 shares for this week.,68,2026-02-01 13:41:54.113771,SPNG,24.15,24.55,24.75,1793800.0,1376300.0,0,0,0,0,0,0
1.0,1.0,1.0,,Welcome to the RITC 2026 Alogithmic Market Making Case - practice server,,68,2026-02-01 13:41:54.113771,SMMR,23.91,23.91,24.06,1095400.0,2074800.0,0,0,0,0,0,0
,,,,,,68,2026-02-01 13:41:54.113771,ATMN,24.35,23.97,24.31,1694000.0,1385000.0,0,0,0,0,0,0
,,,,,,68,2026-02-01 13:41:54.113771,WNTR,25.42,25.42,25.49,1286200.0,1370900.0,0,0,0,0,0,0
2.0,1.0,1.0,,Aggregate Position Limit,Your CRO has set the aggregate position limit to 10000 shares for this week.,69,2026-02-01 13:41:55.137064,SPNG,24.55,24.55,24.75,1912400.0,1483200.0,0,0,0,0,0,0
1.0,1.0,1.0,,Welcome to the RITC 2026 Alogithmic Market Making Case - practice server,,69,2026-02-01 13:41:55.137064,SMMR,24.06,23.86,24.06,1124000.0,2074800.0,0,0,0,0,0,0
,,,,,,69,2026-02-01 13:41:55.137064,ATMN,24.35,23.99,24.31,2039100.0,1385000.0,0,0,0,0,0,0
,,,,,,69,2026-02-01 13:41:55.137064,WNTR,25.5,25.35,25.5,1299600.0,1248400.0,0,0,0,0,0,0
2.0,1.0,1.0,,Aggregate Position Limit,Your CRO has set the aggregate position limit to 10000 shares for this week.,70,2026-02-01 13:41:56.173569,SPNG,24.55,24.55,24.57,1912400.0,1611200.0,0,0,0,0,0,0
1.0,1.0,1.0,,Welcome to the RITC 2026 Alogithmic Market Making Case - practice server,,70,2026-02-01 13:41:56.173569,SMMR,23.91,24.02,24.06,1363100.0,2074800.0,0,0,0,0,0,0
,,,,,,70,2026-02-01 13:41:56.173569,ATMN,23.99,24.12,24.31,2149900.0,1385000.0,0,0,0,0,0,0
,,,,,,70,2026-02-01 13:41:56.173569,WNTR,25.5,25.5,25.55,1404600.0,1143300.0,0,0,0,0,0,0
2.0,1.0,1.0,,Aggregate Position Limit,Your CRO has set the aggregate position limit to 10000 shares for this week.,71,2026-02-01 13:41:57.194950,SPNG,24.14,24.14,24.57,1657500.0,1711800.0,0,0,0,0,0,0
1.0,1.0,1.0,,Welcome to the RITC 2026 Alogithmic Market Making Case - practice server,,71,2026-02-01 13:41:57.194950,SMMR,23.91,24.02,24.04,1363100.0,2291100.0,0,0,0,0,0,0
,,,,,,71,2026-02-01 13:41:57.194950,ATMN,24.31,24.4,24.41,2393000.0,1372900.0,0,0,0,0,0,0
,,,,,,71,2026-02-01 13:41:57.194950,WNTR,25.5,25.35,25.4,1299600.0,1484200.0,0,0,0,0,0,0
2.0,1.0,1.0,,Aggregate Position Limit,Your CRO has set the aggregate position limit to 10000 shares for this week.,72,2026-02-01 13:41:58.215238,SPNG,24.57,24.68,24.75,1911500.0,1583800.0,0,0,0,0,0,0
1.0,1.0,1.0,,Welcome to the RITC 2026 Alogithmic Market Making Case - practice server,,72,2026-02-01 13:41:58.215238,SMMR,24.1,24.02,24.1,1478600.0,2142700.0,0,0,0,0,0,0
,,,,,,72,2026-02-01 13:41:58.215238,ATMN,24.41,24.4,24.41,2353000.0,1468300.0,0,0,0,0,0,0
,,,,,,72,2026-02-01 13:41:58.215238,WNTR,25.37,25.35,25.37,1299600.0,1708000.0,0,0,0,0,0,0
2.0,1.0,1.0,,Aggregate Position Limit,Your CRO has set the aggregate position limit to 10000 shares for this week.,73,2026-02-01 13:41:59.244938,SPNG,24.75,24.82,24.89,1903200.0,1454000.0,0,0,0,0,0,0
1.0,1.0,1.0,,Welcome to the RITC 2026 Alogithmic Market Making Case - practice server,,73,2026-02-01 13:41:59.244938,SMMR,24.23,23.86,24.23,1350100.0,1942200.0,0,0,0,0,0,0
,,,,,,73,2026-02-01 13:41:59.244938,ATMN,24.41,24.41,24.44,2337100.0,1681700.0,0,0,0,0,0,0
,,,,,,73,2026-02-01 13:41:59.244938,WNTR,25.4,25.35,25.4,1410100.0,1602800.0,0,0,0,0,0,0
2.0,1.0,1.0,,Aggregate Position Limit,Your CRO has set the aggregate position limit to 10000 shares for this week.,74,2026-02-01 13:42:00.273899,SPNG,24.89,24.14,24.89,1784800.0,1563700.0,0,0,0,0,0,0
1.0,1.0,1.0,,Welcome to the RITC 2026 Alogithmic Market Making Case - practice server,,74,2026-02-01 13:42:00.273899,SMMR,24.0,24.07,24.23,1708500.0,1942200.0,0,0,0,0,0,0
,,,,,,74,2026-02-01 13:42:00.273899,ATMN,24.12,24.12,24.44,2419900.0,1804500.0,0,0,0,0,0,0
,,,,,,74,2026-02-01 13:42:00.273899,WNTR,25.4,25.35,25.4,1602500.0,1720700.0,0,0,0,0,0,0
2.0,1.0,1.0,,Aggregate Position Limit,Your CRO has set the aggregate position limit to 10000 shares for this week.,75,2026-02-01 13:42:01.306786,SPNG,24.14,24.14,24.96,1929200.0,1463100.0,0,0,0,0,0,0
1.0,1.0,1.0,,Welcome to the RITC 2026 Alogithmic Market Making Case - practice server,,75,2026-02-01 13:42:01.306786,SMMR,24.23,24.07,24.23,1708500.0,2163500.0,0,0,0,0,0,0
,,,,,,75,2026-02-01 13:42:01.306786,ATMN,24.44,24.12,24.44,2372700.0,1993200.0,0,0,0,0,0,0
,,,,,,75,2026-02-01 13:42:01.306786,WNTR,25.4,25.35,25.39,1602500.0,2011700.0,0,0,0,0,0,0
2.0,1.0,1.0,,Aggregate Position Limit,Your CRO has set the aggregate position limit to 10000 shares for this week.,76,2026-02-01 13:42:02.344806,SPNG,25.05,24.14,24.91,2057700.0,1430600.0,0,0,0,0,0,0
1.0,1.0,1.0,,Welcome to the RITC 2026 Alogithmic Market Making Case - practice server,,76,2026-02-01 13:42:02.344806,SMMR,24.13,24.22,24.23,1835700.0,2239700.0,0,0,0,0,0,0
,,,,,,76,2026-02-01 13:42:02.344806,ATMN,24.45,24.12,24.43,2372700.0,2050200.0,0,0,0,0,0,0
,,,,,,76,2026-02-01 13:42:02.344806,WNTR,25.43,25.35,25.4,1602500.0,2049900.0,0,0,0,0,0,0
2.0,1.0,1.0,,Aggregate Position Limit,Your CRO has set the aggregate position limit to 10000 shares for this week.,77,2026-02-01 13:42:03.375152,SPNG,25.05,24.25,24.91,2187500.0,1735200.0,0,0,0,0,0,0
1.0,1.0,1.0,,Welcome to the RITC 2026 Alogithmic Market Making Case - practice server,,77,2026-02-01 13:42:03.375152,SMMR,24.13,24.22,24.23,1835700.0,2286200.0,0,0,0,0,0,0
,,,,,,77,2026-02-01 13:42:03.375152,ATMN,24.45,24.28,24.43,2369800.0,2050200.0,0,0,0,0,0,0
,,,,,,77,2026-02-01 13:42:03.375152,WNTR,25.28,25.28,25.3,1504900.0,2180200.0,0,0,0,0,0,0
2.0,1.0,1.0,,Aggregate Position Limit,Your CRO has set the aggregate position limit to 10000 shares for this week.,78,2026-02-01 13:42:04.404803,SPNG,25.05,24.88,24.91,2280200.0,1852500.0,0,0,0,0,0,0
1.0,1.0,1.0,,Welcome to the RITC 2026 Alogithmic Market Making Case - practice server,,78,2026-02-01 13:42:04.404803,SMMR,24.13,24.22,24.23,1835700.0,2275200.0,0,0,0,0,0,0
,,,,,,78,2026-02-01 13:42:04.404803,ATMN,24.21,24.21,24.43,2390000.0,2073100.0,0,0,0,0,0,0
,,,,,,78,2026-02-01 13:42:04.404803,WNTR,25.3,25.24,25.3,1407900.0,2139000.0,0,0,0,0,0,0
2.0,1.0,1.0,,Aggregate Position Limit,Your CRO has set the aggregate position limit to 10000 shares for this week.,79,2026-02-01 13:42:05.439175,SPNG,24.47,24.63,24.91,2305200.0,1925800.0,0,0,0,0,0,0
1.0,1.0,1.0,,Welcome to the RITC 2026 Alogithmic Market Making Case - practice server,,79,2026-02-01 13:42:05.439175,SMMR,23.98,23.98,24.23,1698100.0,2262800.0,0,0,0,0,0,0
,,,,,,79,2026-02-01 13:42:05.439175,ATMN,24.37,24.12,24.37,2375100.0,2102400.0,0,0,0,0,0,0
,,,,,,79,2026-02-01 13:42:05.439175,WNTR,25.43,25.24,25.25,1617900.0,2139000.0,0,0,0,0,0,0
2.0,1.0,1.0,,Aggregate Position Limit,Your CRO has set the aggregate position limit to 10000 shares for this week.,80,2026-02-01 13:42:06.471173,SPNG,24.63,24.25,24.32,2438700.0,2053700.0,0,0,0,0,0,0
1.0,1.0,1.0,,Welcome to the RITC 2026 Alogithmic Market Making Case - practice server,,80,2026-02-01 13:42:06.471173,SMMR,23.97,24.17,24.23,1677100.0,2252800.0,0,0,0,0,0,0
,,,,,,80,2026-02-01 13:42:06.471173,ATMN,23.91,24.13,24.37,2416200.0,2102400.0,0,0,0,0,0,0
,,,,,,80,2026-02-01 13:42:06.471173,WNTR,25.25,25.24,25.25,1708500.0,2139000.0,0,0,0,0,0,0
2.0,1.0,1.0,,Aggregate Position Limit,Your CRO has set the aggregate position limit to 10000 shares for this week.,81,2026-02-01 13:42:07.505072,SPNG,24.12,24.12,24.91,2307600.0,1925800.0,0,0,0,0,0,0
1.0,1.0,1.0,,Welcome to the RITC 2026 Alogithmic Market Making Case - practice server,,81,2026-02-01 13:42:07.505072,SMMR,23.97,24.17,24.23,1677100.0,2240300.0,0,0,0,0,0,0
,,,,,,81,2026-02-01 13:42:07.505072,ATMN,23.91,23.91,24.37,2495600.0,2138100.0,0,0,0,0,0,0
,,,,,,81,2026-02-01 13:42:07.505072,WNTR,25.26,25.33,25.41,1833700.0,2123600.0,0,0,0,0,0,0
2.0,1.0,1.0,,Aggregate Position Limit,Your CRO has set the aggregate position limit to 10000 shares for this week.,82,2026-02-01 13:42:08.535062,SPNG,24.91,24.91,25.05,2523900.0,1935100.0,0,0,0,0,0,0
1.0,1.0,1.0,,Welcome to the RITC 2026 Alogithmic Market Making Case - practice server,,82,2026-02-01 13:42:08.535062,SMMR,23.96,23.96,24.2,1712800.0,2241600.0,0,0,0,0,0,0
,,,,,,82,2026-02-01 13:42:08.535062,ATMN,23.91,24.01,24.37,2416000.0,2138100.0,0,0,0,0,0,0
,,,,,,82,2026-02-01 13:42:08.535062,WNTR,25.33,25.33,25.41,1833700.0,2196000.0,0,0,0,0,0,0
2.0,1.0,1.0,,Aggregate Position Limit,Your CRO has set the aggregate position limit to 10000 shares for this week.,83,2026-02-01 13:42:09.572807,SPNG,24.3,24.32,25.05,2495800.0,2037100.0,0,0,0,0,0,0
1.0,1.0,1.0,,Welcome to the RITC 2026 Alogithmic Market Making Case - practice server,,83,2026-02-01 13:42:09.572807,SMMR,23.86,23.86,24.2,1582600.0,2270300.0,0,0,0,0,0,0
,,,,,,83,2026-02-01 13:42:09.572807,ATMN,24.37,24.24,24.37,2384800.0,2138100.0,0,0,0,0,0,0
,,,,,,83,2026-02-01 13:42:09.572807,WNTR,25.24,25.24,25.41,1488400.0,2206600.0,0,0,0,0,0,0
2.0,1.0,1.0,,Aggregate Position Limit,Your CRO has set the aggregate position limit to 10000 shares for this week.,84,2026-02-01 13:42:10.604806,SPNG,24.3,24.91,25.05,2366300.0,2103100.0,0,0,0,0,0,0
1.0,1.0,1.0,,Welcome to the RITC 2026 Alogithmic Market Making Case - practice server,,84,2026-02-01 13:42:10.604806,SMMR,23.94,23.86,23.93,1699200.0,2287200.0,0,0,0,0,0,0
,,,,,,84,2026-02-01 13:42:10.604806,ATMN,24.08,24.25,24.37,2397100.0,2138100.0,0,0,0,0,0,0
,,,,,,84,2026-02-01 13:42:10.604806,WNTR,25.21,25.21,25.41,1287300.0,2210500.0,0,0,0,0,0,0
2.0,1.0,1.0,,Aggregate Position Limit,Your CRO has set the aggregate position limit to 10000 shares for this week.,85,2026-02-01 13:42:11.639453,SPNG,24.91,24.91,25.05,2366300.0,2164600.0,0,0,0,0,0,0
1.0,1.0,1.0,,Welcome to the RITC 2026 Alogithmic Market Making Case - practice server,,85,2026-02-01 13:42:11.639453,SMMR,24.04,23.86,23.96,1699200.0,2297900.0,0,0,0,0,0,0
,,,,,,85,2026-02-01 13:42:11.639453,ATMN,24.08,24.25,24.3,2397100.0,2170700.0,0,0,0,0,0,0
,,,,,,85,2026-02-01 13:42:11.639453,WNTR,25.26,25.3,25.41,1277800.0,2210500.0,0,0,0,0,0,0
2.0,1.0,1.0,,Aggregate Position Limit,Your CRO has set the aggregate position limit to 10000 shares for this week.,86,2026-02-01 13:42:12.671713,SPNG,24.91,24.41,24.9,2386200.0,2161500.0,0,0,0,0,0,0
1.0,1.0,1.0,,Welcome to the RITC 2026 Alogithmic Market Making Case - practice server,,86,2026-02-01 13:42:12.671713,SMMR,24.2,23.89,24.2,1817100.0,2270300.0,0,0,0,0,0,0
,,,,,,86,2026-02-01 13:42:12.671713,ATMN,24.25,24.01,24.2,2435800.0,2199200.0,0,0,0,0,0,0
,,,,,,86,2026-02-01 13:42:12.671713,WNTR,25.3,25.09,25.25,1308800.0,2225500.0,0,0,0,0,0,0
2.0,1.0,1.0,,Aggregate Position Limit,Your CRO has set the aggregate position limit to 10000 shares for this week.,87,2026-02-01 13:42:13.688385,SPNG,24.91,24.41,24.54,2276700.0,2174300.0,0,0,0,0,0,0
1.0,1.0,1.0,,Welcome to the RITC 2026 Alogithmic Market Making Case - practice server,,87,2026-02-01 13:42:13.688385,SMMR,24.23,23.86,23.98,1699200.0,2254700.0,0,0,0,0,0,0
,,,,,,87,2026-02-01 13:42:13.688385,ATMN,24.3,24.32,24.36,2425900.0,2155300.0,0,0,0,0,0,0
,,,,,,87,2026-02-01 13:42:13.688385,WNTR,25.08,25.08,25.27,1206300.0,2210400.0,0,0,0,0,0,0
2.0,1.0,1.0,,Aggregate Position Limit,Your CRO has set the aggregate position limit to 10000 shares for this week.,88,2026-02-01 13:42:14.720898,SPNG,24.54,24.41,24.54,2226900.0,2174300.0,0,0,0,0,0,0
1.0,1.0,1.0,,Welcome to the RITC 2026 Alogithmic Market Making Case - practice server,,88,2026-02-01 13:42:14.720898,SMMR,23.98,24.02,24.12,2104500.0,2287700.0,0,0,0,0,0,0
,,,,,,88,2026-02-01 13:42:14.720898,ATMN,24.49,24.01,24.49,2425200.0,2082800.0,0,0,0,0,0,0
,,,,,,88,2026-02-01 13:42:14.720898,WNTR,25.08,25.08,25.34,1206300.0,2212300.0,0,0,0,0,0,0
2.0,1.0,1.0,,Aggregate Position Limit,Your CRO has set the aggregate position limit to 10000 shares for this week.,89,2026-02-01 13:42:15.739157,SPNG,24.9,24.73,24.9,2270000.0,2161500.0,0,0,0,0,0,0
1.0,1.0,1.0,,Welcome to the RITC 2026 Alogithmic Market Making Case - practice server,,89,2026-02-01 13:42:15.739157,SMMR,24.1,24.02,24.07,1970500.0,2303800.0,0,0,0,0,0,0
,,,,,,89,2026-02-01 13:42:15.739157,ATMN,24.58,24.38,24.58,2391600.0,2098700.0,0,0,0,0,0,0
,,,,,,89,2026-02-01 13:42:15.739157,WNTR,25.22,25.08,25.22,1206300.0,2212900.0,0,0,0,0,0,0
2.0,1.0,1.0,,Aggregate Position Limit,Your CRO has set the aggregate position limit to 10000 shares for this week.,90,2026-02-01 13:42:16.764865,SPNG,24.51,24.62,24.9,2293800.0,2161500.0,0,0,0,0,0,0
1.0,1.0,1.0,,Welcome to the RITC 2026 Alogithmic Market Making Case - practice server,,90,2026-02-01 13:42:16.764865,SMMR,24.1,24.02,24.03,2092900.0,2310800.0,0,0,0,0,0,0
,,,,,,90,2026-02-01 13:42:16.764865,ATMN,24.01,24.01,24.58,2425200.0,2111500.0,0,0,0,0,0,0
,,,,,,90,2026-02-01 13:42:16.764865,WNTR,25.41,25.15,25.41,1297000.0,2213900.0,0,0,0,0,0,0
2.0,1.0,1.0,,Aggregate Position Limit,Your CRO has set the aggregate position limit to 10000 shares for this week.,91,2026-02-01 13:42:17.789063,SPNG,24.41,24.41,24.84,2270700.0,2153700.0,0,0,0,0,0,0
1.0,1.0,1.0,,Welcome to the RITC 2026 Alogithmic Market Making Case - practice server,,91,2026-02-01 13:42:17.789063,SMMR,24.05,24.02,24.05,2092900.0,2323100.0,0,0,0,0,0,0
,,,,,,91,2026-02-01 13:42:17.789063,ATMN,23.91,24.25,24.34,2453200.0,2173100.0,0,0,0,0,0,0
,,,,,,91,2026-02-01 13:42:17.789063,WNTR,25.02,25.29,25.41,1351700.0,2213900.0,0,0,0,0,0,0
2.0,1.0,1.0,,Aggregate Position Limit,Your CRO has set the aggregate position limit to 10000 shares for this week.,92,2026-02-01 13:42:18.822337,SPNG,24.4,24.4,25.02,2241900.0,2150900.0,0,0,0,0,0,0
1.0,1.0,1.0,,Welcome to the RITC 2026 Alogithmic Market Making Case - practice server,,92,2026-02-01 13:42:18.822337,SMMR,24.01,24.01,24.05,2300600.0,2323100.0,0,0,0,0,0,0
,,,,,,92,2026-02-01 13:42:18.822337,ATMN,24.46,24.25,24.46,2453200.0,2242200.0,0,0,0,0,0,0
,,,,,,92,2026-02-01 13:42:18.822337,WNTR,25.29,25.16,25.21,1325500.0,2254600.0,0,0,0,0,0,0
2.0,1.0,1.0,,Aggregate Position Limit,Your CRO has set the aggregate position limit to 10000 shares for this week.,93,2026-02-01 13:42:19.856386,SPNG,24.24,24.36,25.02,2277200.0,2138000.0,0,0,0,0,0,0
1.0,1.0,1.0,,Welcome to the RITC 2026 Alogithmic Market Making Case - practice server,,93,2026-02-01 13:42:19.856386,SMMR,24.01,24.01,24.05,2425300.0,2318900.0,0,0,0,0,0,0
,,,,,,93,2026-02-01 13:42:19.856386,ATMN,24.46,24.25,24.46,2453800.0,2302300.0,0,0,0,0,0,0
,,,,,,93,2026-02-01 13:42:19.856386,WNTR,25.22,25.22,25.41,1452700.0,2217600.0,0,0,0,0,0,0
2.0,1.0,1.0,,Aggregate Position Limit,Your CRO has set the aggregate position limit to 10000 shares for this week.,94,2026-02-01 13:42:20.888771,SPNG,24.22,24.93,24.94,2272100.0,2130300.0,0,0,0,0,0,0
1.0,1.0,1.0,,Welcome to the RITC 2026 Alogithmic Market Making Case - practice server,,94,2026-02-01 13:42:20.888771,SMMR,23.93,23.93,24.01,2393500.0,2341000.0,0,0,0,0,0,0
,,,,,,94,2026-02-01 13:42:20.888771,ATMN,24.53,24.25,24.53,2405700.0,2237100.0,0,0,0,0,0,0
,,,,,,94,2026-02-01 13:42:20.888771,WNTR,25.02,25.38,25.41,1350100.0,2217600.0,0,0,0,0,0,0
2.0,1.0,1.0,,Aggregate Position Limit,Your CRO has set the aggregate position limit to 10000 shares for this week.,95,2026-02-01 13:42:21.919318,SPNG,24.22,24.93,24.94,2272100.0,2150300.0,0,0,0,0,0,0
1.0,1.0,1.0,,Welcome to the RITC 2026 Alogithmic Market Making Case - practice server,,95,2026-02-01 13:42:21.919318,SMMR,24.01,24.01,24.04,2362300.0,2318900.0,0,0,0,0,0,0
,,,,,,95,2026-02-01 13:42:21.919318,ATMN,24.53,24.25,24.35,2405700.0,2284000.0,0,0,0,0,0,0
,,,,,,95,2026-02-01 13:42:21.919318,WNTR,25.38,25.38,25.41,1228300.0,2239300.0,0,0,0,0,0,0
2.0,1.0,1.0,,Aggregate Position Limit,Your CRO has set the aggregate position limit to 10000 shares for this week.,97,2026-02-01 13:42:22.954892,SPNG,24.61,24.63,24.86,2250100.0,2159300.0,0,0,0,0,0,0
1.0,1.0,1.0,,Welcome to the RITC 2026 Alogithmic Market Making Case - practice server,,97,2026-02-01 13:42:22.954892,SMMR,24.05,24.01,24.05,2296600.0,2318900.0,0,0,0,0,0,0
,,,,,,97,2026-02-01 13:42:22.954892,ATMN,24.35,24.25,24.35,2378400.0,2284000.0,0,0,0,0,0,0
,,,,,,97,2026-02-01 13:42:22.954892,WNTR,25.26,25.06,25.26,1418100.0,2239300.0,0,0,0,0,0,0
2.0,1.0,1.0,,Aggregate Position Limit,Your CRO has set the aggregate position limit to 10000 shares for this week.,98,2026-02-01 13:42:23.972250,SPNG,24.61,24.63,24.7,2250100.0,2157300.0,0,0,0,0,0,0
1.0,1.0,1.0,,Welcome to the RITC 2026 Alogithmic Market Making Case - practice server,,98,2026-02-01 13:42:23.972250,SMMR,24.0,24.0,24.05,2296900.0,2318900.0,0,0,0,0,0,0
,,,,,,98,2026-02-01 13:42:23.972250,ATMN,24.58,24.09,24.58,2414800.0,2183600.0,0,0,0,0,0,0
,,,,,,98,2026-02-01 13:42:23.972250,WNTR,25.41,25.23,25.41,1516200.0,2201800.0,0,0,0,0,0,0
2.0,1.0,1.0,,Aggregate Position Limit,Your CRO has set the aggregate position limit to 10000 shares for this week.,99,2026-02-01 13:42:25.006234,SPNG,24.68,24.68,24.7,2282400.0,2157300.0,0,0,0,0,0,0
1.0,1.0,1.0,,Welcome to the RITC 2026 Alogithmic Market Making Case - practice server,,99,2026-02-01 13:42:25.006234,SMMR,23.93,23.93,24.05,2279900.0,2322800.0,0,0,0,0,0,0
,,,,,,99,2026-02-01 13:42:25.006234,ATMN,24.58,24.48,24.58,2392100.0,2196900.0,0,0,0,0,0,0
,,,,,,99,2026-02-01 13:42:25.006234,WNTR,25.23,25.28,25.41,1631700.0,2188500.0,0,0,0,0,0,0
2.0,1.0,1.0,,Aggregate Position Limit,Your CRO has set the aggregate position limit to 10000 shares for this week.,100,2026-02-01 13:42:26.039791,SPNG,24.71,24.52,24.71,2263800.0,2160400.0,0,0,0,0,0,0
1.0,1.0,1.0,,Welcome to the RITC 2026 Alogithmic Market Making Case - practice server,,100,2026-02-01 13:42:26.039791,SMMR,23.86,23.86,24.05,2403600.0,2322800.0,0,0,0,0,0,0
,,,,,,100,2026-02-01 13:42:26.039791,ATMN,24.58,24.48,24.55,2392100.0,2295800.0,0,0,0,0,0,0
,,,,,,100,2026-02-01 13:42:26.039791,WNTR,25.28,25.28,25.37,1631700.0,2181400.0,0,0,0,0,0,0
2.0,1.0,1.0,,Aggregate Position Limit,Your CRO has set the aggregate position limit to 10000 shares for this week.,101,2026-02-01 13:42:27.072225,SPNG,24.71,24.56,24.71,2240200.0,2160400.0,0,0,0,0,0,0
1.0,1.0,1.0,,Welcome to the RITC 2026 Alogithmic Market Making Case - practice server,,101,2026-02-01 13:42:27.072225,SMMR,23.98,24.0,24.05,2396500.0,2322800.0,0,0,0,0,0,0
,,,,,,101,2026-02-01 13:42:27.072225,ATMN,24.48,24.09,24.25,2414800.0,2284800.0,0,0,0,0,0,0
,,,,,,101,2026-02-01 13:42:27.072225,WNTR,25.25,25.24,25.25,1535000.0,2205000.0,0,0,0,0,0,0
2.0,1.0,1.0,,Aggregate Position Limit,Your CRO has set the aggregate position limit to 10000 shares for this week.,102,2026-02-01 13:42:28.104633,SPNG,24.86,24.56,24.86,2222400.0,2145100.0,0,0,0,0,0,0
1.0,1.0,1.0,,Welcome to the RITC 2026 Alogithmic Market Making Case - practice server,,102,2026-02-01 13:42:28.104633,SMMR,24.0,23.92,23.97,2386500.0,2329300.0,0,0,0,0,0,0
,,,,,,102,2026-02-01 13:42:28.104633,ATMN,24.25,24.22,24.25,2362200.0,2284800.0,0,0,0,0,0,0
,,,,,,102,2026-02-01 13:42:28.104633,WNTR,25.24,25.24,25.37,1535000.0,2218600.0,0,0,0,0,0,0
2.0,1.0,1.0,,Aggregate Position Limit,Your CRO has set the aggregate position limit to 10000 shares for this week.,103,2026-02-01 13:42:29.128630,SPNG,24.94,24.56,24.79,2248700.0,2124600.0,0,0,0,0,0,0
1.0,1.0,1.0,,Welcome to the RITC 2026 Alogithmic Market Making Case - practice server,,103,2026-02-01 13:42:29.128630,SMMR,23.92,23.92,23.97,2386500.0,2309300.0,0,0,0,0,0,0
,,,,,,103,2026-02-01 13:42:29.128630,ATMN,24.55,24.38,24.55,2391200.0,2296600.0,0,0,0,0,0,0
,,,,,,103,2026-02-01 13:42:29.128630,WNTR,25.06,25.06,25.37,1511500.0,2218600.0,0,0,0,0,0,0
2.0,1.0,1.0,,Aggregate Position Limit,Your CRO has set the aggregate position limit to 10000 shares for this week.,104,2026-02-01 13:42:30.154297,SPNG,24.79,24.56,24.79,2238500.0,2124600.0,0,0,0,0,0,0
1.0,1.0,1.0,,Welcome to the RITC 2026 Alogithmic Market Making Case - practice server,,104,2026-02-01 13:42:30.154297,SMMR,23.97,23.92,23.97,2378700.0,2309300.0,0,0,0,0,0,0
,,,,,,104,2026-02-01 13:42:30.154297,ATMN,24.55,24.38,24.55,2391200.0,2302700.0,0,0,0,0,0,0
,,,,,,104,2026-02-01 13:42:30.154297,WNTR,25.06,25.28,25.37,1731500.0,2218600.0,0,0,0,0,0,0
2.0,1.0,1.0,,Aggregate Position Limit,Your CRO has set the aggregate position limit to 10000 shares for this week.,105,2026-02-01 13:42:31.188547,SPNG,24.76,24.76,24.79,2226000.0,2113900.0,0,0,0,0,0,0
1.0,1.0,1.0,,Welcome to the RITC 2026 Alogithmic Market Making Case - practice server,,105,2026-02-01 13:42:31.188547,SMMR,24.06,23.92,24.06,2377400.0,2297700.0,0,0,0,0,0,0
,,,,,,105,2026-02-01 13:42:31.188547,ATMN,24.38,24.38,24.42,2391200.0,2288700.0,0,0,0,0,0,0
,,,,,,105,2026-02-01 13:42:31.188547,WNTR,25.04,25.05,25.26,1626000.0,2223700.0,0,0,0,0,0,0
2.0,1.0,1.0,,Aggregate Position Limit,Your CRO has set the aggregate position limit to 10000 shares for this week.,106,2026-02-01 13:42:32.230474,SPNG,24.76,24.78,24.79,2248000.0,2138400.0,0,0,0,0,0,0
1.0,1.0,1.0,,Welcome to the RITC 2026 Alogithmic Market Making Case - practice server,,106,2026-02-01 13:42:32.230474,SMMR,24.06,23.94,24.06,2347400.0,2277100.0,0,0,0,0,0,0
,,,,,,106,2026-02-01 13:42:32.230474,ATMN,24.16,24.16,24.42,2380000.0,2275700.0,0,0,0,0,0,0
,,,,,,106,2026-02-01 13:42:32.230474,WNTR,25.21,25.21,25.37,1858800.0,2218600.0,0,0,0,0,0,0
2.0,1.0,1.0,,Aggregate Position Limit,Your CRO has set the aggregate position limit to 10000 shares for this week.,107,2026-02-01 13:42:33.273220,SPNG,24.78,24.78,24.79,2232200.0,2138400.0,0,0,0,0,0,0
1.0,1.0,1.0,,Welcome to the RITC 2026 Alogithmic Market Making Case - practice server,,107,2026-02-01 13:42:33.273220,SMMR,24.06,24.09,24.1,2277100.0,2262500.0,0,0,0,0,0,0
,,,,,,107,2026-02-01 13:42:33.273220,ATMN,24.45,24.16,24.45,2380000.0,2306800.0,0,0,0,0,0,0
,,,,,,107,2026-02-01 13:42:33.273220,WNTR,25.21,25.36,25.37,2107700.0,2218600.0,0,0,0,0,0,0
2.0,1.0,1.0,,Aggregate Position Limit,Your CRO has set the aggregate position limit to 10000 shares for this week.,108,2026-02-01 13:42:34.305493,SPNG,24.56,24.56,24.63,2211400.0,2095900.0,0,0,0,0,0,0
1.0,1.0,1.0,,Welcome to the RITC 2026 Alogithmic Market Making Case - practice server,,108,2026-02-01 13:42:34.305493,SMMR,24.07,24.07,24.08,2313200.0,2297800.0,0,0,0,0,0,0
,,,,,,108,2026-02-01 13:42:34.305493,ATMN,24.48,24.18,24.48,2358000.0,2295900.0,0,0,0,0,0,0
,,,,,,108,2026-02-01 13:42:34.305493,WNTR,25.36,25.21,25.33,1984300.0,2229000.0,0,0,0,0,0,0
2.0,1.0,1.0,,Aggregate Position Limit,Your CRO has set the aggregate position limit to 10000 shares for this week.,109,2026-02-01 13:42:35.340142,SPNG,24.55,24.55,24.63,2250700.0,2109400.0,0,0,0,0,0,0
1.0,1.0,1.0,,Welcome to the RITC 2026 Alogithmic Market Making Case - practice server,,109,2026-02-01 13:42:35.340142,SMMR,24.08,24.07,24.08,2275300.0,2273300.0,0,0,0,0,0,0
,,,,,,109,2026-02-01 13:42:35.340142,ATMN,24.48,24.18,24.48,2358000.0,2305900.0,0,0,0,0,0,0
,,,,,,109,2026-02-01 13:42:35.340142,WNTR,25.36,25.21,25.22,2098300.0,2180500.0,0,0,0,0,0,0
2.0,1.0,1.0,,Aggregate Position Limit,Your CRO has set the aggregate position limit to 10000 shares for this week.,110,2026-02-01 13:42:36.370653,SPNG,24.55,24.55,24.69,2277800.0,2105900.0,0,0,0,0,0,0
1.0,1.0,1.0,,Welcome to the RITC 2026 Alogithmic Market Making Case - practice server,,110,2026-02-01 13:42:36.370653,SMMR,24.12,24.07,24.12,2275300.0,2283000.0,0,0,0,0,0,0
,,,,,,110,2026-02-01 13:42:36.370653,ATMN,24.55,24.18,24.42,2358000.0,2319000.0,0,0,0,0,0,0
,,,,,,110,2026-02-01 13:42:36.370653,WNTR,25.22,25.21,25.22,2174900.0,2180500.0,0,0,0,0,0,0
2.0,1.0,1.0,,Aggregate Position Limit,Your CRO has set the aggregate position limit to 10000 shares for this week.,111,2026-02-01 13:42:37.403021,SPNG,24.55,24.55,24.69,2273000.0,2118000.0,0,0,0,0,0,0
1.0,1.0,1.0,,Welcome to the RITC 2026 Alogithmic Market Making Case - practice server,,111,2026-02-01 13:42:37.403021,SMMR,24.02,24.07,24.12,2239400.0,2283000.0,0,0,0,0,0,0
,,,,,,111,2026-02-01 13:42:37.403021,ATMN,24.55,24.4,24.42,2374100.0,2319000.0,0,0,0,0,0,0
,,,,,,111,2026-02-01 13:42:37.403021,WNTR,25.22,25.21,25.22,2158000.0,2180500.0,0,0,0,0,0,0
2.0,1.0,1.0,,Aggregate Position Limit,Your CRO has set the aggregate position limit to 10000 shares for this week.,112,2026-02-01 13:42:38.421309,SPNG,24.55,24.55,24.69,2216400.0,2118000.0,0,0,0,0,0,0
1.0,1.0,1.0,,Welcome to the RITC 2026 Alogithmic Market Making Case - practice server,,112,2026-02-01 13:42:38.421309,SMMR,24.13,24.09,24.13,2231300.0,2280200.0,0,0,0,0,0,0
,,,,,,112,2026-02-01 13:42:38.421309,ATMN,24.29,24.38,24.42,2384700.0,2319000.0,0,0,0,0,0,0
,,,,,,112,2026-02-01 13:42:38.421309,WNTR,25.22,25.32,25.33,2190100.0,2202200.0,0,0,0,0,0,0
2.0,1.0,1.0,,Aggregate Position Limit,Your CRO has set the aggregate position limit to 10000 shares for this week.,113,2026-02-01 13:42:39.444305,SPNG,24.93,24.55,24.93,2216400.0,2129800.0,0,0,0,0,0,0
1.0,1.0,1.0,,Welcome to the RITC 2026 Alogithmic Market Making Case - practice server,,113,2026-02-01 13:42:39.444305,SMMR,24.13,24.14,24.16,2262700.0,2290900.0,0,0,0,0,0,0
,,,,,,113,2026-02-01 13:42:39.444305,ATMN,24.09,24.09,24.55,2416300.0,2316500.0,0,0,0,0,0,0
,,,,,,113,2026-02-01 13:42:39.444305,WNTR,25.37,25.16,25.37,2191400.0,2248500.0,0,0,0,0,0,0
2.0,1.0,1.0,,Aggregate Position Limit,Your CRO has set the aggregate position limit to 10000 shares for this week.,114,2026-02-01 13:42:40.483826,SPNG,24.4,24.4,24.93,2227200.0,2129800.0,0,0,0,0,0,0
1.0,1.0,1.0,,Welcome to the RITC 2026 Alogithmic Market Making Case - practice server,,114,2026-02-01 13:42:40.483826,SMMR,24.07,24.07,24.16,2239400.0,2290900.0,0,0,0,0,0,0
,,,,,,114,2026-02-01 13:42:40.483826,ATMN,24.55,24.09,24.55,2416300.0,2290900.0,0,0,0,0,0,0
,,,,,,114,2026-02-01 13:42:40.483826,WNTR,25.16,25.06,25.13,2197200.0,2222400.0,0,0,0,0,0,0
2.0,1.0,1.0,,Aggregate Position Limit,Your CRO has set the aggregate position limit to 10000 shares for this week.,115,2026-02-01 13:42:41.507035,SPNG,24.4,24.4,24.96,2227200.0,2127800.0,0,0,0,0,0,0
1.0,1.0,1.0,,Welcome to the RITC 2026 Alogithmic Market Making Case - practice server,,115,2026-02-01 13:42:41.507035,SMMR,23.99,23.99,24.16,2279400.0,2290900.0,0,0,0,0,0,0
,,,,,,115,2026-02-01 13:42:41.507035,ATMN,24.55,24.1,24.55,2409100.0,2290900.0,0,0,0,0,0,0
,,,,,,115,2026-02-01 13:42:41.507035,WNTR,25.13,25.07,25.09,2201800.0,2190000.0,0,0,0,0,0,0
2.0,1.0,1.0,,Aggregate Position Limit,Your CRO has set the aggregate position limit to 10000 shares for this week.,116,2026-02-01 13:42:42.536726,SPNG,24.28,24.28,24.96,2259500.0,2127800.0,0,0,0,0,0,0
1.0,1.0,1.0,,Welcome to the RITC 2026 Alogithmic Market Making Case - practice server,,116,2026-02-01 13:42:42.536726,SMMR,24.16,24.08,24.16,2294100.0,2300900.0,0,0,0,0,0,0
,,,,,,116,2026-02-01 13:42:42.536726,ATMN,24.45,24.1,24.45,2409100.0,2311600.0,0,0,0,0,0,0
,,,,,,116,2026-02-01 13:42:42.536726,WNTR,25.3,25.07,25.3,2201800.0,2213200.0,0,0,0,0,0,0
2.0,1.0,1.0,,Aggregate Position Limit,Your CRO has set the aggregate position limit to 10000 shares for this week.,117,2026-02-01 13:42:43.570420,SPNG,24.21,24.22,24.96,2223700.0,2127800.0,0,0,0,0,0,0
1.0,1.0,1.0,,Welcome to the RITC 2026 Alogithmic Market Making Case - practice server,,117,2026-02-01 13:42:43.570420,SMMR,24.08,24.08,24.16,2294100.0,2265800.0,0,0,0,0,0,0
,,,,,,117,2026-02-01 13:42:43.570420,ATMN,24.57,24.24,24.57,2396500.0,2281000.0,0,0,0,0,0,0
,,,,,,117,2026-02-01 13:42:43.570420,WNTR,25.07,25.07,25.3,2201800.0,2187700.0,0,0,0,0,0,0
2.0,1.0,1.0,,Aggregate Position Limit,Your CRO has set the aggregate position limit to 10000 shares for this week.,118,2026-02-01 13:42:44.606088,SPNG,24.21,24.81,24.96,2217000.0,2134700.0,0,0,0,0,0,0
1.0,1.0,1.0,,Welcome to the RITC 2026 Alogithmic Market Making Case - practice server,,118,2026-02-01 13:42:44.606088,SMMR,24.1,24.08,24.1,2319200.0,2278400.0,0,0,0,0,0,0
,,,,,,118,2026-02-01 13:42:44.606088,ATMN,24.02,24.02,24.24,2425900.0,2260600.0,0,0,0,0,0,0
,,,,,,118,2026-02-01 13:42:44.606088,WNTR,25.07,25.16,25.3,2157900.0,2194700.0,0,0,0,0,0,0
2.0,1.0,1.0,,Aggregate Position Limit,Your CRO has set the aggregate position limit to 10000 shares for this week.,119,2026-02-01 13:42:45.640399,SPNG,24.96,24.98,25.02,2234000.0,2141300.0,0,0,0,0,0,0
1.0,1.0,1.0,,Welcome to the RITC 2026 Alogithmic Market Making Case - practice server,,119,2026-02-01 13:42:45.640399,SMMR,24.1,24.08,24.1,2319200.0,2290900.0,0,0,0,0,0,0
,,,,,,119,2026-02-01 13:42:45.640399,ATMN,23.91,24.05,24.56,2432700.0,2259700.0,0,0,0,0,0,0
,,,,,,119,2026-02-01 13:42:45.640399,WNTR,25.07,25.07,25.27,2192900.0,2175000.0,0,0,0,0,0,0
2.0,1.0,1.0,,Aggregate Position Limit,Your CRO has set the aggregate position limit to 10000 shares for this week.,120,2026-02-01 13:42:46.673053,SPNG,23.58,23.58,25.01,1027400.0,734900.0,0,0,0,0,0,0
1.0,1.0,1.0,,Welcome to the RITC 2026 Alogithmic Market Making Case - practice server,,120,2026-02-01 13:42:46.673053,SMMR,26.84,25.51,25.83,845800.0,782900.0,0,0,0,0,0,0
,,,,,,120,2026-02-01 13:42:46.673053,ATMN,26.75,26.77,27.15,965000.0,746300.0,0,0,0,0,0,0
,,,,,,120,2026-02-01 13:42:46.673053,WNTR,25.3,25.91,26.12,852400.0,851800.0,0,0,0,0,0,0
2.0,1.0,1.0,,Aggregate Position Limit,Your CRO has set the aggregate position limit to 10000 shares for this week.,121,2026-02-01 13:42:47.704520,SPNG,23.58,23.58,24.19,1027400.0,929500.0,0,0,0,0,0,0
1.0,1.0,1.0,,Welcome to the RITC 2026 Alogithmic Market Making Case - practice server,,121,2026-02-01 13:42:47.704520,SMMR,25.83,25.64,25.83,1047500.0,782900.0,0,0,0,0,0,0
,,,,,,121,2026-02-01 13:42:47.704520,ATMN,26.75,26.75,26.97,974100.0,966900.0,0,0,0,0,0,0
,,,,,,121,2026-02-01 13:42:47.704520,WNTR,25.91,25.91,26.12,853200.0,1060400.0,0,0,0,0,0,0
2.0,1.0,1.0,,Aggregate Position Limit,Your CRO has set the aggregate position limit to 10000 shares for this week.,122,2026-02-01 13:42:48.737487,SPNG,23.58,23.58,24.07,1027400.0,1260700.0,0,0,0,0,0,0
1.0,1.0,1.0,,Welcome to the RITC 2026 Alogithmic Market Making Case - practice server,,122,2026-02-01 13:42:48.737487,SMMR,25.93,25.7,25.93,1351900.0,748000.0,0,0,0,0,0,0
,,,,,,122,2026-02-01 13:42:48.737487,ATMN,27.15,26.75,26.97,974100.0,1051800.0,0,0,0,0,0,0
,,,,,,122,2026-02-01 13:42:48.737487,WNTR,25.91,25.91,26.1,853200.0,1375100.0,0,0,0,0,0,0
2.0,1.0,1.0,,Aggregate Position Limit,Your CRO has set the aggregate position limit to 10000 shares for this week.,123,2026-02-01 13:42:49.773629,SPNG,23.21,23.23,24.07,1357600.0,1260700.0,0,0,0,0,0,0
1.0,1.0,1.0,,Welcome to the RITC 2026 Alogithmic Market Making Case - practice server,,123,2026-02-01 13:42:49.773629,SMMR,26.11,26.13,26.42,1670100.0,750100.0,0,0,0,0,0,0
,,,,,,123,2026-02-01 13:42:49.773629,ATMN,26.75,26.21,26.24,1231400.0,1174100.0,0,0,0,0,0,0
,,,,,,123,2026-02-01 13:42:49.773629,WNTR,25.9,25.9,26.1,866500.0,1375100.0,0,0,0,0,0,0
2.0,1.0,1.0,,Aggregate Position Limit,Your CRO has set the aggregate position limit to 10000 shares for this week.,124,2026-02-01 13:42:50.806009,SPNG,23.61,23.61,24.07,1464400.0,1355000.0,0,0,0,0,0,0
1.0,1.0,1.0,,Welcome to the RITC 2026 Alogithmic Market Making Case - practice server,,124,2026-02-01 13:42:50.806009,SMMR,26.11,26.16,26.42,1983800.0,750100.0,0,0,0,0,0,0
,,,,,,124,2026-02-01 13:42:50.806009,ATMN,26.75,26.21,26.24,1562700.0,1174100.0,0,0,0,0,0,0
,,,,,,124,2026-02-01 13:42:50.806009,WNTR,25.87,25.91,26.1,949500.0,1486900.0,0,0,0,0,0,0
2.0,1.0,1.0,,Aggregate Position Limit,Your CRO has set the aggregate position limit to 10000 shares for this week.,125,2026-02-01 13:42:51.834029,SPNG,23.52,23.54,24.07,1596400.0,1355000.0,0,0,0,0,0,0
1.0,1.0,1.0,,Welcome to the RITC 2026 Alogithmic Market Making Case - practice server,,125,2026-02-01 13:42:51.834029,SMMR,26.42,26.51,26.65,2094000.0,774800.0,0,0,0,0,0,0
,,,,,,125,2026-02-01 13:42:51.834029,ATMN,26.75,26.21,26.24,2009300.0,1174100.0,0,0,0,0,0,0
,,,,,,125,2026-02-01 13:42:51.834029,WNTR,26.05,25.91,26.05,949500.0,1706000.0,0,0,0,0,0,0
2.0,1.0,1.0,,Aggregate Position Limit,Your CRO has set the aggregate position limit to 10000 shares for this week.,126,2026-02-01 13:42:52.867258,SPNG,23.52,23.54,24.07,1596400.0,1669600.0,0,0,0,0,0,0
1.0,1.0,1.0,,Welcome to the RITC 2026 Alogithmic Market Making Case - practice server,,126,2026-02-01 13:42:52.867258,SMMR,26.7,26.8,26.92,2134800.0,762400.0,0,0,0,0,0,0
,,,,,,126,2026-02-01 13:42:52.867258,ATMN,26.63,26.21,26.47,2128100.0,1170200.0,0,0,0,0,0,0
,,,,,,126,2026-02-01 13:42:52.867258,WNTR,26.05,26.05,26.1,1295600.0,1584800.0,0,0,0,0,0,0
2.0,1.0,1.0,,Aggregate Position Limit,Your CRO has set the aggregate position limit to 10000 shares for this week.,127,2026-02-01 13:42:53.887779,SPNG,23.52,23.54,24.07,1596400.0,1865400.0,0,0,0,0,0,0
1.0,1.0,1.0,,Welcome to the RITC 2026 Alogithmic Market Making Case - practice server,,127,2026-02-01 13:42:53.887779,SMMR,26.84,26.66,26.84,2107200.0,873500.0,0,0,0,0,0,0
,,,,,,127,2026-02-01 13:42:53.887779,ATMN,26.63,26.21,26.47,2346000.0,1170200.0,0,0,0,0,0,0
,,,,,,127,2026-02-01 13:42:53.887779,WNTR,26.05,26.05,26.1,1295600.0,1811600.0,0,0,0,0,0,0
2.0,1.0,1.0,,Aggregate Position Limit,Your CRO has set the aggregate position limit to 10000 shares for this week.,128,2026-02-01 13:42:54.920469,SPNG,23.52,23.54,23.89,1596400.0,1998900.0,0,0,0,0,0,0
1.0,1.0,1.0,,Welcome to the RITC 2026 Alogithmic Market Making Case - practice server,,128,2026-02-01 13:42:54.920469,SMMR,26.84,26.89,26.92,2093300.0,966200.0,0,0,0,0,0,0
,,,,,,128,2026-02-01 13:42:54.920469,ATMN,26.21,26.36,26.95,2310800.0,1147600.0,0,0,0,0,0,0
,,,,,,128,2026-02-01 13:42:54.920469,WNTR,25.91,25.91,25.94,1174200.0,1898200.0,0,0,0,0,0,0
2.0,1.0,1.0,,Aggregate Position Limit,Your CRO has set the aggregate position limit to 10000 shares for this week.,129,2026-02-01 13:42:55.953326,SPNG,22.98,22.98,23.89,1376600.0,1998900.0,0,0,0,0,0,0
1.0,1.0,1.0,,Welcome to the RITC 2026 Alogithmic Market Making Case - practice server,,129,2026-02-01 13:42:55.953326,SMMR,26.62,26.75,26.92,2078200.0,966200.0,0,0,0,0,0,0
,,,,,,129,2026-02-01 13:42:55.953326,ATMN,26.95,26.74,26.95,2266800.0,1259700.0,0,0,0,0,0,0
,,,,,,129,2026-02-01 13:42:55.953326,WNTR,25.87,25.87,25.94,1173100.0,2006400.0,0,0,0,0,0,0
2.0,1.0,1.0,,Aggregate Position Limit,Your CRO has set the aggregate position limit to 10000 shares for this week.,130,2026-02-01 13:42:56.977922,SPNG,22.98,23.46,23.89,1598900.0,2068800.0,0,0,0,0,0,0
1.0,1.0,1.0,,Welcome to the RITC 2026 Alogithmic Market Making Case - practice server,,130,2026-02-01 13:42:56.977922,SMMR,26.99,26.75,26.77,2062800.0,1001300.0,0,0,0,0,0,0
,,,,,,130,2026-02-01 13:42:56.977922,ATMN,26.36,26.56,26.95,2204600.0,1259700.0,0,0,0,0,0,0
,,,,,,130,2026-02-01 13:42:56.977922,WNTR,26.1,25.95,26.1,1262100.0,2030100.0,0,0,0,0,0,0
2.0,1.0,1.0,,Aggregate Position Limit,Your CRO has set the aggregate position limit to 10000 shares for this week.,131,2026-02-01 13:42:58.018195,SPNG,22.98,22.98,23.89,1753300.0,2068800.0,0,0,0,0,0,0
1.0,1.0,1.0,,Welcome to the RITC 2026 Alogithmic Market Making Case - practice server,,131,2026-02-01 13:42:58.018195,SMMR,26.72,26.72,26.77,2106300.0,1001300.0,0,0,0,0,0,0
,,,,,,131,2026-02-01 13:42:58.018195,ATMN,26.97,26.36,26.97,2245300.0,1249000.0,0,0,0,0,0,0
,,,,,,131,2026-02-01 13:42:58.018195,WNTR,25.9,25.99,26.03,1391700.0,2124800.0,0,0,0,0,0,0
2.0,1.0,1.0,,Aggregate Position Limit,Your CRO has set the aggregate position limit to 10000 shares for this week.,132,2026-02-01 13:42:59.046748,SPNG,23.86,22.98,23.73,1889300.0,2082100.0,0,0,0,0,0,0
1.0,1.0,1.0,,Welcome to the RITC 2026 Alogithmic Market Making Case - practice server,,132,2026-02-01 13:42:59.046748,SMMR,26.77,26.72,26.77,2093900.0,1178600.0,0,0,0,0,0,0
,,,,,,132,2026-02-01 13:42:59.046748,ATMN,27.06,27.0,27.01,2200400.0,1232800.0,0,0,0,0,0,0
,,,,,,132,2026-02-01 13:42:59.046748,WNTR,25.9,25.99,26.01,1391700.0,2138400.0,0,0,0,0,0,0
2.0,1.0,1.0,,Aggregate Position Limit,Your CRO has set the aggregate position limit to 10000 shares for this week.,133,2026-02-01 13:43:00.073136,SPNG,22.98,22.98,23.73,2028700.0,2082100.0,0,0,0,0,0,0
1.0,1.0,1.0,,Welcome to the RITC 2026 Alogithmic Market Making Case - practice server,,133,2026-02-01 13:43:00.073136,SMMR,26.77,26.72,26.77,2103700.0,1178600.0,0,0,0,0,0,0
,,,,,,133,2026-02-01 13:43:00.073136,ATMN,27.0,27.0,27.01,2200400.0,1450200.0,0,0,0,0,0,0
,,,,,,133,2026-02-01 13:43:00.073136,WNTR,26.03,25.99,26.03,1486600.0,2161800.0,0,0,0,0,0,0
2.0,1.0,1.0,,Aggregate Position Limit,Your CRO has set the aggregate position limit to 10000 shares for this week.,134,2026-02-01 13:43:01.097404,SPNG,23.73,23.8,23.89,2255000.0,2094400.0,0,0,0,0,0,0
1.0,1.0,1.0,,Welcome to the RITC 2026 Alogithmic Market Making Case - practice server,,134,2026-02-01 13:43:01.097404,SMMR,26.92,26.72,26.92,2103700.0,1276100.0,0,0,0,0,0,0
,,,,,,134,2026-02-01 13:43:01.097404,ATMN,26.21,26.88,27.01,2241800.0,1562400.0,0,0,0,0,0,0
,,,,,,134,2026-02-01 13:43:01.097404,WNTR,25.92,25.92,26.03,1490000.0,2174700.0,0,0,0,0,0,0
2.0,1.0,1.0,,Aggregate Position Limit,Your CRO has set the aggregate position limit to 10000 shares for this week.,135,2026-02-01 13:43:02.123616,SPNG,23.8,23.41,23.43,2359500.0,2133300.0,0,0,0,0,0,0
1.0,1.0,1.0,,Welcome to the RITC 2026 Alogithmic Market Making Case - practice server,,135,2026-02-01 13:43:02.123616,SMMR,26.92,26.84,26.92,2100500.0,1376000.0,0,0,0,0,0,0
,,,,,,135,2026-02-01 13:43:02.123616,ATMN,26.46,26.46,27.01,2257100.0,1675600.0,0,0,0,0,0,0
,,,,,,135,2026-02-01 13:43:02.123616,WNTR,26.05,25.89,26.05,1395100.0,2189000.0,0,0,0,0,0,0
2.0,1.0,1.0,,Aggregate Position Limit,Your CRO has set the aggregate position limit to 10000 shares for this week.,137,2026-02-01 13:43:03.154502,SPNG,23.8,23.41,23.43,2516900.0,2133300.0,0,0,0,0,0,0
1.0,1.0,1.0,,Welcome to the RITC 2026 Alogithmic Market Making Case - practice server,,137,2026-02-01 13:43:03.154502,SMMR,26.84,26.84,26.87,2100500.0,1692900.0,0,0,0,0,0,0
,,,,,,137,2026-02-01 13:43:03.154502,ATMN,26.14,26.21,27.01,2312500.0,1675600.0,0,0,0,0,0,0
,,,,,,137,2026-02-01 13:43:03.154502,WNTR,26.05,25.99,26.05,1484400.0,2183100.0,0,0,0,0,0,0
2.0,1.0,1.0,,Aggregate Position Limit,Your CRO has set the aggregate position limit to 10000 shares for this week.,138,2026-02-01 13:43:04.181719,SPNG,23.43,23.71,23.84,2486100.0,2129900.0,0,0,0,0,0,0
1.0,1.0,1.0,,Welcome to the RITC 2026 Alogithmic Market Making Case - practice server,,138,2026-02-01 13:43:04.181719,SMMR,26.67,26.67,26.76,2115300.0,1878200.0,0,0,0,0,0,0
,,,,,,138,2026-02-01 13:43:04.181719,ATMN,26.14,26.46,26.99,2237100.0,1798300.0,0,0,0,0,0,0
,,,,,,138,2026-02-01 13:43:04.181719,WNTR,26.05,26.07,26.1,1406100.0,2194400.0,0,0,0,0,0,0
2.0,1.0,1.0,,Aggregate Position Limit,Your CRO has set the aggregate position limit to 10000 shares for this week.,139,2026-02-01 13:43:05.203574,SPNG,23.08,23.08,23.84,2600600.0,2174500.0,0,0,0,0,0,0
1.0,1.0,1.0,,Welcome to the RITC 2026 Alogithmic Market Making Case - practice server,,139,2026-02-01 13:43:05.203574,SMMR,26.66,26.66,26.76,2110400.0,1967000.0,0,0,0,0,0,0
,,,,,,139,2026-02-01 13:43:05.203574,ATMN,26.46,26.46,26.99,2228600.0,1893000.0,0,0,0,0,0,0
,,,,,,139,2026-02-01 13:43:05.203574,WNTR,25.88,25.88,25.9,1290000.0,2210300.0,0,0,0,0,0,0
2.0,1.0,1.0,,Aggregate Position Limit,Your CRO has set the aggregate position limit to 10000 shares for this week.,140,2026-02-01 13:43:06.217544,SPNG,23.89,23.08,23.89,2579700.0,2126800.0,0,0,0,0,0,0
1.0,1.0,1.0,,Welcome to the RITC 2026 Alogithmic Market Making Case - practice server,,140,2026-02-01 13:43:06.217544,SMMR,26.66,26.66,26.69,2092000.0,1966400.0,0,0,0,0,0,0
,,,,,,140,2026-02-01 13:43:06.217544,ATMN,26.31,26.31,26.99,2232800.0,1893000.0,0,0,0,0,0,0
,,,,,,140,2026-02-01 13:43:06.217544,WNTR,25.9,25.99,26.1,1506400.0,2196800.0,0,0,0,0,0,0
2.0,1.0,1.0,,Aggregate Position Limit,Your CRO has set the aggregate position limit to 10000 shares for this week.,141,2026-02-01 13:43:07.238565,SPNG,23.89,23.8,23.89,2507900.0,2165300.0,0,0,0,0,0,0
1.0,1.0,1.0,,Welcome to the RITC 2026 Alogithmic Market Making Case - practice server,,141,2026-02-01 13:43:07.238565,SMMR,26.66,26.66,26.69,2092900.0,1966400.0,0,0,0,0,0,0
,,,,,,141,2026-02-01 13:43:07.238565,ATMN,26.31,26.31,26.99,2194800.0,1988900.0,0,0,0,0,0,0
,,,,,,141,2026-02-01 13:43:07.238565,WNTR,26.05,25.99,26.05,1506400.0,2202100.0,0,0,0,0,0,0
2.0,1.0,1.0,,Aggregate Position Limit,Your CRO has set the aggregate position limit to 10000 shares for this week.,142,2026-02-01 13:43:08.269670,SPNG,23.89,23.47,23.89,2534500.0,2160800.0,0,0,0,0,0,0
1.0,1.0,1.0,,Welcome to the RITC 2026 Alogithmic Market Making Case - practice server,,142,2026-02-01 13:43:08.269670,SMMR,26.76,26.66,26.76,2093400.0,1980500.0,0,0,0,0,0,0
,,,,,,142,2026-02-01 13:43:08.269670,ATMN,26.52,26.52,26.99,2166400.0,1988900.0,0,0,0,0,0,0
,,,,,,142,2026-02-01 13:43:08.269670,WNTR,26.04,25.99,26.04,1506400.0,2176200.0,0,0,0,0,0,0
2.0,1.0,1.0,,Aggregate Position Limit,Your CRO has set the aggregate position limit to 10000 shares for this week.,143,2026-02-01 13:43:09.293517,SPNG,23.08,23.08,23.86,2557800.0,2191500.0,0,0,0,0,0,0
1.0,1.0,1.0,,Welcome to the RITC 2026 Alogithmic Market Making Case - practice server,,143,2026-02-01 13:43:09.293517,SMMR,26.6,26.6,26.76,2107700.0,1985500.0,0,0,0,0,0,0
,,,,,,143,2026-02-01 13:43:09.293517,ATMN,26.76,26.8,26.99,2155100.0,2016200.0,0,0,0,0,0,0
,,,,,,143,2026-02-01 13:43:09.293517,WNTR,25.85,25.85,26.04,1164100.0,2176200.0,0,0,0,0,0,0
2.0,1.0,1.0,,Aggregate Position Limit,Your CRO has set the aggregate position limit to 10000 shares for this week.,144,2026-02-01 13:43:10.323610,SPNG,23.41,23.41,23.45,2511400.0,2189600.0,0,0,0,0,0,0
1.0,1.0,1.0,,Welcome to the RITC 2026 Alogithmic Market Making Case - practice server,,144,2026-02-01 13:43:10.323610,SMMR,26.81,26.6,26.81,2107700.0,1991100.0,0,0,0,0,0,0
,,,,,,144,2026-02-01 13:43:10.323610,ATMN,26.48,26.48,26.64,2180100.0,2028400.0,0,0,0,0,0,0
,,,,,,144,2026-02-01 13:43:10.323610,WNTR,26.12,25.87,26.03,1378200.0,2182000.0,0,0,0,0,0,0
2.0,1.0,1.0,,Aggregate Position Limit,Your CRO has set the aggregate position limit to 10000 shares for this week.,145,2026-02-01 13:43:11.343755,SPNG,23.45,23.41,23.45,2463300.0,2189600.0,0,0,0,0,0,0
1.0,1.0,1.0,,Welcome to the RITC 2026 Alogithmic Market Making Case - practice server,,145,2026-02-01 13:43:11.343755,SMMR,26.74,26.58,26.74,2081700.0,2015000.0,0,0,0,0,0,0
,,,,,,145,2026-02-01 13:43:11.343755,ATMN,26.64,26.67,26.99,2144300.0,2016000.0,0,0,0,0,0,0
,,,,,,145,2026-02-01 13:43:11.343755,WNTR,26.04,25.87,26.04,1378200.0,2188800.0,0,0,0,0,0,0
2.0,1.0,1.0,,Aggregate Position Limit,Your CRO has set the aggregate position limit to 10000 shares for this week.,146,2026-02-01 13:43:12.373607,SPNG,23.45,23.63,23.86,2378000.0,2215500.0,0,0,0,0,0,0
1.0,1.0,1.0,,Welcome to the RITC 2026 Alogithmic Market Making Case - practice server,,146,2026-02-01 13:43:12.373607,SMMR,26.74,26.75,26.81,2116800.0,1991100.0,0,0,0,0,0,0
,,,,,,146,2026-02-01 13:43:12.373607,ATMN,26.48,26.48,26.94,2180100.0,2028900.0,0,0,0,0,0,0
,,,,,,146,2026-02-01 13:43:12.373607,WNTR,25.88,26.02,26.04,1498000.0,2215300.0,0,0,0,0,0,0
2.0,1.0,1.0,,Aggregate Position Limit,Your CRO has set the aggregate position limit to 10000 shares for this week.,147,2026-02-01 13:43:13.404021,SPNG,23.63,23.41,23.56,2386300.0,2253800.0,0,0,0,0,0,0
1.0,1.0,1.0,,Welcome to the RITC 2026 Alogithmic Market Making Case - practice server,,147,2026-02-01 13:43:13.404021,SMMR,26.81,26.75,26.81,2116800.0,1989900.0,0,0,0,0,0,0
,,,,,,147,2026-02-01 13:43:13.404021,ATMN,26.94,26.44,26.94,2169800.0,2028900.0,0,0,0,0,0,0
,,,,,,147,2026-02-01 13:43:13.404021,WNTR,25.87,25.89,26.04,1595300.0,2215300.0,0,0,0,0,0,0
2.0,1.0,1.0,,Aggregate Position Limit,Your CRO has set the aggregate position limit to 10000 shares for this week.,148,2026-02-01 13:43:14.443589,SPNG,23.63,23.53,23.56,2413200.0,2253800.0,0,0,0,0,0,0
1.0,1.0,1.0,,Welcome to the RITC 2026 Alogithmic Market Making Case - practice server,,148,2026-02-01 13:43:14.443589,SMMR,26.61,26.59,26.61,2106200.0,1980600.0,0,0,0,0,0,0
,,,,,,148,2026-02-01 13:43:14.443589,ATMN,26.77,26.44,26.77,2169800.0,2050900.0,0,0,0,0,0,0
,,,,,,148,2026-02-01 13:43:14.443589,WNTR,25.87,26.0,26.04,2034000.0,2215300.0,0,0,0,0,0,0
2.0,1.0,1.0,,Aggregate Position Limit,Your CRO has set the aggregate position limit to 10000 shares for this week.,149,2026-02-01 13:43:15.463688,SPNG,23.63,23.53,23.56,2385200.0,2233900.0,0,0,0,0,0,0
1.0,1.0,1.0,,Welcome to the RITC 2026 Alogithmic Market Making Case - practice server,,149,2026-02-01 13:43:15.463688,SMMR,26.59,26.59,26.61,2140200.0,1983700.0,0,0,0,0,0,0
,,,,,,149,2026-02-01 13:43:15.463688,ATMN,26.96,26.76,26.96,2144600.0,2023600.0,0,0,0,0,0,0
,,,,,,149,2026-02-01 13:43:15.463688,WNTR,26.07,26.0,26.07,2139300.0,2214100.0,0,0,0,0,0,0
2.0,1.0,1.0,,Aggregate Position Limit,Your CRO has set the aggregate position limit to 10000 shares for this week.,150,2026-02-01 13:43:16.496488,SPNG,23.59,23.54,23.59,2404300.0,2214000.0,0,0,0,0,0,0
1.0,1.0,1.0,,Welcome to the RITC 2026 Alogithmic Market Making Case - practice server,,150,2026-02-01 13:43:16.496488,SMMR,26.69,26.59,26.62,2140200.0,1977100.0,0,0,0,0,0,0
,,,,,,150,2026-02-01 13:43:16.496488,ATMN,26.76,26.48,26.53,2165600.0,2055000.0,0,0,0,0,0,0
,,,,,,150,2026-02-01 13:43:16.496488,WNTR,25.89,25.89,26.07,1922300.0,2214100.0,0,0,0,0,0,0
2.0,1.0,1.0,,Aggregate Position Limit,Your CRO has set the aggregate position limit to 10000 shares for this week.,151,2026-02-01 13:43:17.513322,SPNG,23.6,23.54,23.6,2423700.0,2199400.0,0,0,0,0,0,0
1.0,1.0,1.0,,Welcome to the RITC 2026 Alogithmic Market Making Case - practice server,,151,2026-02-01 13:43:17.513322,SMMR,26.69,26.59,26.62,2121500.0,1976100.0,0,0,0,0,0,0
,,,,,,151,2026-02-01 13:43:17.513322,ATMN,26.53,26.72,26.89,2156800.0,2047400.0,0,0,0,0,0,0
,,,,,,151,2026-02-01 13:43:17.513322,WNTR,25.89,25.89,25.99,1806300.0,2214300.0,0,0,0,0,0,0
2.0,1.0,1.0,,Aggregate Position Limit,Your CRO has set the aggregate position limit to 10000 shares for this week.,152,2026-02-01 13:43:18.543496,SPNG,23.4,23.4,23.6,2382000.0,2199400.0,0,0,0,0,0,0
1.0,1.0,1.0,,Welcome to the RITC 2026 Alogithmic Market Making Case - practice server,,152,2026-02-01 13:43:18.543496,SMMR,26.55,26.55,26.62,2125500.0,1957400.0,0,0,0,0,0,0
,,,,,,152,2026-02-01 13:43:18.543496,ATMN,27.01,26.72,27.01,2156800.0,2012500.0,0,0,0,0,0,0
,,,,,,152,2026-02-01 13:43:18.543496,WNTR,26.12,25.92,26.12,2020300.0,2187600.0,0,0,0,0,0,0
2.0,1.0,1.0,,Aggregate Position Limit,Your CRO has set the aggregate position limit to 10000 shares for this week.,153,2026-02-01 13:43:19.553476,SPNG,23.4,23.51,23.6,2396500.0,2196700.0,0,0,0,0,0,0
1.0,1.0,1.0,,Welcome to the RITC 2026 Alogithmic Market Making Case - practice server,,153,2026-02-01 13:43:19.553476,SMMR,26.68,26.55,26.67,2152700.0,1951700.0,0,0,0,0,0,0
,,,,,,153,2026-02-01 13:43:19.553476,ATMN,26.72,26.5,26.69,2128600.0,2047200.0,0,0,0,0,0,0
,,,,,,153,2026-02-01 13:43:19.553476,WNTR,25.92,25.92,26.01,2114800.0,2207100.0,0,0,0,0,0,0
2.0,1.0,1.0,,Aggregate Position Limit,Your CRO has set the aggregate position limit to 10000 shares for this week.,154,2026-02-01 13:43:20.573368,SPNG,23.71,23.51,23.71,2412400.0,2216600.0,0,0,0,0,0,0
1.0,1.0,1.0,,Welcome to the RITC 2026 Alogithmic Market Making Case - practice server,,154,2026-02-01 13:43:20.573368,SMMR,26.68,26.55,26.68,2122500.0,1936900.0,0,0,0,0,0,0
,,,,,,154,2026-02-01 13:43:20.573368,ATMN,26.69,26.72,26.8,2100200.0,2032700.0,0,0,0,0,0,0
,,,,,,154,2026-02-01 13:43:20.573368,WNTR,25.92,25.91,25.92,2092800.0,2200500.0,0,0,0,0,0,0
2.0,1.0,1.0,,Aggregate Position Limit,Your CRO has set the aggregate position limit to 10000 shares for this week.,155,2026-02-01 13:43:21.593453,SPNG,23.51,23.4,23.46,2404600.0,2201500.0,0,0,0,0,0,0
1.0,1.0,1.0,,Welcome to the RITC 2026 Alogithmic Market Making Case - practice server,,155,2026-02-01 13:43:21.593453,SMMR,26.68,26.68,26.71,2128400.0,1960700.0,0,0,0,0,0,0
,,,,,,155,2026-02-01 13:43:21.593453,ATMN,26.72,26.48,26.64,2106900.0,2060400.0,0,0,0,0,0,0
,,,,,,155,2026-02-01 13:43:21.593453,WNTR,25.92,25.94,25.97,2079300.0,2167100.0,0,0,0,0,0,0
2.0,1.0,1.0,,Aggregate Position Limit,Your CRO has set the aggregate position limit to 10000 shares for this week.,156,2026-02-01 13:43:22.631346,SPNG,23.38,23.38,23.59,2397100.0,2205600.0,0,0,0,0,0,0
1.0,1.0,1.0,,Welcome to the RITC 2026 Alogithmic Market Making Case - practice server,,156,2026-02-01 13:43:22.631346,SMMR,26.68,26.55,26.57,2137200.0,1984000.0,0,0,0,0,0,0
,,,,,,156,2026-02-01 13:43:22.631346,ATMN,26.64,26.54,26.64,2095800.0,2060400.0,0,0,0,0,0,0
,,,,,,156,2026-02-01 13:43:22.631346,WNTR,25.94,25.91,25.92,2092800.0,2170800.0,0,0,0,0,0,0
2.0,1.0,1.0,,Aggregate Position Limit,Your CRO has set the aggregate position limit to 10000 shares for this week.,157,2026-02-01 13:43:23.653515,SPNG,23.64,23.68,23.71,2393500.0,2229100.0,0,0,0,0,0,0
1.0,1.0,1.0,,Welcome to the RITC 2026 Alogithmic Market Making Case - practice server,,157,2026-02-01 13:43:23.653515,SMMR,26.71,26.55,26.57,2137200.0,1991700.0,0,0,0,0,0,0
,,,,,,157,2026-02-01 13:43:23.653515,ATMN,27.01,26.58,27.01,2058800.0,2015300.0,0,0,0,0,0,0
,,,,,,157,2026-02-01 13:43:23.653515,WNTR,25.89,25.89,25.92,2119400.0,2170800.0,0,0,0,0,0,0
2.0,1.0,1.0,,Aggregate Position Limit,Your CRO has set the aggregate position limit to 10000 shares for this week.,158,2026-02-01 13:43:24.681359,SPNG,23.64,23.68,23.71,2393500.0,2279100.0,0,0,0,0,0,0
1.0,1.0,1.0,,Welcome to the RITC 2026 Alogithmic Market Making Case - practice server,,158,2026-02-01 13:43:24.681359,SMMR,26.71,26.55,26.6,2146500.0,1999900.0,0,0,0,0,0,0
,,,,,,158,2026-02-01 13:43:24.681359,ATMN,27.01,26.67,26.81,2035300.0,2045900.0,0,0,0,0,0,0
,,,,,,158,2026-02-01 13:43:24.681359,WNTR,25.88,25.88,25.92,2081200.0,2170800.0,0,0,0,0,0,0
2.0,1.0,1.0,,Aggregate Position Limit,Your CRO has set the aggregate position limit to 10000 shares for this week.,159,2026-02-01 13:43:25.713382,SPNG,23.3,23.3,23.71,2394600.0,2314900.0,0,0,0,0,0,0
1.0,1.0,1.0,,Welcome to the RITC 2026 Alogithmic Market Making Case - practice server,,159,2026-02-01 13:43:25.713382,SMMR,26.51,26.51,26.6,2159300.0,1992500.0,0,0,0,0,0,0
,,,,,,159,2026-02-01 13:43:25.713382,ATMN,26.98,26.76,26.98,1991300.0,2027400.0,0,0,0,0,0,0
,,,,,,159,2026-02-01 13:43:25.713382,WNTR,25.85,25.85,25.92,2098200.0,2184100.0,0,0,0,0,0,0
2.0,1.0,1.0,,Aggregate Position Limit,Your CRO has set the aggregate position limit to 10000 shares for this week.,160,2026-02-01 13:43:26.736158,SPNG,23.15,23.15,23.71,2437200.0,2308400.0,0,0,0,0,0,0
1.0,1.0,1.0,,Welcome to the RITC 2026 Alogithmic Market Making Case - practice server,,160,2026-02-01 13:43:26.736158,SMMR,26.64,26.51,26.64,2167300.0,1980200.0,0,0,0,0,0,0
,,,,,,160,2026-02-01 13:43:26.736158,ATMN,26.98,26.76,26.92,1991300.0,2024400.0,0,0,0,0,0,0
,,,,,,160,2026-02-01 13:43:26.736158,WNTR,25.92,25.85,25.92,2090500.0,2182400.0,0,0,0,0,0,0
2.0,1.0,1.0,,Aggregate Position Limit,Your CRO has set the aggregate position limit to 10000 shares for this week.,161,2026-02-01 13:43:27.773418,SPNG,23.61,23.15,23.57,2437200.0,2351300.0,0,0,0,0,0,0
1.0,1.0,1.0,,Welcome to the RITC 2026 Alogithmic Market Making Case - practice server,,161,2026-02-01 13:43:27.773418,SMMR,26.72,26.65,26.72,2200800.0,1981500.0,0,0,0,0,0,0
,,,,,,161,2026-02-01 13:43:27.773418,ATMN,26.58,26.76,26.92,2031900.0,2000300.0,0,0,0,0,0,0
,,,,,,161,2026-02-01 13:43:27.773418,WNTR,25.85,25.85,25.94,2045800.0,2177100.0,0,0,0,0,0,0
2.0,1.0,1.0,,Aggregate Position Limit,Your CRO has set the aggregate position limit to 10000 shares for this week.,162,2026-02-01 13:43:28.802083,SPNG,23.61,23.15,23.57,2429700.0,2351300.0,0,0,0,0,0,0
1.0,1.0,1.0,,Welcome to the RITC 2026 Alogithmic Market Making Case - practice server,,162,2026-02-01 13:43:28.802083,SMMR,26.72,26.65,26.72,2195800.0,1996900.0,0,0,0,0,0,0
,,,,,,162,2026-02-01 13:43:28.802083,ATMN,26.76,26.76,26.92,2031900.0,2001500.0,0,0,0,0,0,0
,,,,,,162,2026-02-01 13:43:28.802083,WNTR,26.0,25.85,26.0,2075400.0,2198900.0,0,0,0,0,0,0
2.0,1.0,1.0,,Aggregate Position Limit,Your CRO has set the aggregate position limit to 10000 shares for this week.,163,2026-02-01 13:43:29.836766,SPNG,23.69,23.35,23.5,2386300.0,2345000.0,0,0,0,0,0,0
1.0,1.0,1.0,,Welcome to the RITC 2026 Alogithmic Market Making Case - practice server,,163,2026-02-01 13:43:29.836766,SMMR,26.65,26.65,26.67,2184500.0,2006900.0,0,0,0,0,0,0
,,,,,,163,2026-02-01 13:43:29.836766,ATMN,26.92,26.64,26.92,2016700.0,2001500.0,0,0,0,0,0,0
,,,,,,163,2026-02-01 13:43:29.836766,WNTR,26.0,25.77,26.0,2069400.0,2198900.0,0,0,0,0,0,0
2.0,1.0,1.0,,Aggregate Position Limit,Your CRO has set the aggregate position limit to 10000 shares for this week.,164,2026-02-01 13:43:30.861213,SPNG,23.8,23.35,23.8,2386300.0,2245900.0,0,0,0,0,0,0
1.0,1.0,1.0,,Welcome to the RITC 2026 Alogithmic Market Making Case - practice server,,164,2026-02-01 13:43:30.861213,SMMR,26.67,26.61,26.67,2193800.0,2010200.0,0,0,0,0,0,0
,,,,,,164,2026-02-01 13:43:30.861213,ATMN,26.92,26.79,26.92,1995200.0,1992800.0,0,0,0,0,0,0
,,,,,,164,2026-02-01 13:43:30.861213,WNTR,25.76,25.76,25.94,2069300.0,2197300.0,0,0,0,0,0,0
2.0,1.0,1.0,,Aggregate Position Limit,Your CRO has set the aggregate position limit to 10000 shares for this week.,165,2026-02-01 13:43:31.881974,SPNG,23.15,23.16,23.8,2415900.0,2245900.0,0,0,0,0,0,0
1.0,1.0,1.0,,Welcome to the RITC 2026 Alogithmic Market Making Case - practice server,,165,2026-02-01 13:43:31.881974,SMMR,26.67,26.62,26.67,2181600.0,2010200.0,0,0,0,0,0,0
,,,,,,165,2026-02-01 13:43:31.881974,ATMN,26.54,26.54,26.92,2059500.0,1992800.0,0,0,0,0,0,0
,,,,,,165,2026-02-01 13:43:31.881974,WNTR,25.94,25.76,25.94,2069300.0,2197300.0,0,0,0,0,0,0
2.0,1.0,1.0,,Aggregate Position Limit,Your CRO has set the aggregate position limit to 10000 shares for this week.,166,2026-02-01 13:43:32.903420,SPNG,23.15,23.31,23.8,2379800.0,2245900.0,0,0,0,0,0,0
1.0,1.0,1.0,,Welcome to the RITC 2026 Alogithmic Market Making Case - practice server,,166,2026-02-01 13:43:32.903420,SMMR,26.61,26.61,26.66,2173200.0,1986500.0,0,0,0,0,0,0
,,,,,,166,2026-02-01 13:43:32.903420,ATMN,26.88,26.54,26.8,2059500.0,2013000.0,0,0,0,0,0,0
,,,,,,166,2026-02-01 13:43:32.903420,WNTR,26.08,25.76,26.08,2069300.0,2168000.0,0,0,0,0,0,0
2.0,1.0,1.0,,Aggregate Position Limit,Your CRO has set the aggregate position limit to 10000 shares for this week.,167,2026-02-01 13:43:33.933117,SPNG,23.15,23.31,23.8,2346900.0,2253800.0,0,0,0,0,0,0
1.0,1.0,1.0,,Welcome to the RITC 2026 Alogithmic Market Making Case - practice server,,167,2026-02-01 13:43:33.933117,SMMR,26.59,26.59,26.67,2172600.0,2010200.0,0,0,0,0,0,0
,,,,,,167,2026-02-01 13:43:33.933117,ATMN,26.53,26.59,26.8,2058000.0,2031900.0,0,0,0,0,0,0
,,,,,,167,2026-02-01 13:43:33.933117,WNTR,25.81,25.92,26.12,2042900.0,2173800.0,0,0,0,0,0,0
2.0,1.0,1.0,,Aggregate Position Limit,Your CRO has set the aggregate position limit to 10000 shares for this week.,168,2026-02-01 13:43:34.962888,SPNG,23.8,23.58,23.8,2325300.0,2253800.0,0,0,0,0,0,0
1.0,1.0,1.0,,Welcome to the RITC 2026 Alogithmic Market Making Case - practice server,,168,2026-02-01 13:43:34.962888,SMMR,26.59,26.59,26.62,2174700.0,2018200.0,0,0,0,0,0,0
,,,,,,168,2026-02-01 13:43:34.962888,ATMN,26.87,26.59,26.87,2058000.0,2039300.0,0,0,0,0,0,0
,,,,,,168,2026-02-01 13:43:34.962888,WNTR,25.74,25.74,25.86,2119900.0,2185900.0,0,0,0,0,0,0
2.0,1.0,1.0,,Aggregate Position Limit,Your CRO has set the aggregate position limit to 10000 shares for this week.,169,2026-02-01 13:43:35.992917,SPNG,23.86,23.54,23.86,2355500.0,2242300.0,0,0,0,0,0,0
1.0,1.0,1.0,,Welcome to the RITC 2026 Alogithmic Market Making Case - practice server,,169,2026-02-01 13:43:35.992917,SMMR,26.57,26.57,26.62,2164800.0,2018200.0,0,0,0,0,0,0
,,,,,,169,2026-02-01 13:43:35.992917,ATMN,26.87,26.68,26.87,2032900.0,2036200.0,0,0,0,0,0,0
,,,,,,169,2026-02-01 13:43:35.992917,WNTR,25.77,25.85,25.86,2101700.0,2185900.0,0,0,0,0,0,0
2.0,1.0,1.0,,Aggregate Position Limit,Your CRO has set the aggregate position limit to 10000 shares for this week.,170,2026-02-01 13:43:37.010260,SPNG,23.54,23.54,23.86,2355500.0,2242300.0,0,0,0,0,0,0
1.0,1.0,1.0,,Welcome to the RITC 2026 Alogithmic Market Making Case - practice server,,170,2026-02-01 13:43:37.010260,SMMR,26.7,26.64,26.7,2172300.0,2010600.0,0,0,0,0,0,0
,,,,,,170,2026-02-01 13:43:37.010260,ATMN,26.59,26.77,26.87,2051600.0,2036400.0,0,0,0,0,0,0
,,,,,,170,2026-02-01 13:43:37.010260,WNTR,25.86,25.75,25.86,2080900.0,2185900.0,0,0,0,0,0,0
2.0,1.0,1.0,,Aggregate Position Limit,Your CRO has set the aggregate position limit to 10000 shares for this week.,171,2026-02-01 13:43:38.046085,SPNG,23.86,23.31,23.86,2346000.0,2242300.0,0,0,0,0,0,0
1.0,1.0,1.0,,Welcome to the RITC 2026 Alogithmic Market Making Case - practice server,,171,2026-02-01 13:43:38.046085,SMMR,26.77,26.64,26.77,2172300.0,2021600.0,0,0,0,0,0,0
,,,,,,171,2026-02-01 13:43:38.046085,ATMN,26.77,26.59,26.65,2058000.0,2042100.0,0,0,0,0,0,0
,,,,,,171,2026-02-01 13:43:38.046085,WNTR,25.86,25.97,26.12,2081900.0,2173800.0,0,0,0,0,0,0
2.0,1.0,1.0,,Aggregate Position Limit,Your CRO has set the aggregate position limit to 10000 shares for this week.,172,2026-02-01 13:43:39.077905,SPNG,23.86,23.84,23.86,2311900.0,2284400.0,0,0,0,0,0,0
1.0,1.0,1.0,,Welcome to the RITC 2026 Alogithmic Market Making Case - practice server,,172,2026-02-01 13:43:39.077905,SMMR,26.64,26.71,26.77,2154700.0,2021600.0,0,0,0,0,0,0
,,,,,,172,2026-02-01 13:43:39.077905,ATMN,26.8,26.59,26.67,2058000.0,2043600.0,0,0,0,0,0,0
,,,,,,172,2026-02-01 13:43:39.077905,WNTR,25.86,25.97,26.12,2081900.0,2173700.0,0,0,0,0,0,0
2.0,1.0,1.0,,Aggregate Position Limit,Your CRO has set the aggregate position limit to 10000 shares for this week.,173,2026-02-01 13:43:40.094553,SPNG,23.84,23.31,23.4,2346000.0,2308500.0,0,0,0,0,0,0
1.0,1.0,1.0,,Welcome to the RITC 2026 Alogithmic Market Making Case - practice server,,173,2026-02-01 13:43:40.094553,SMMR,26.66,26.66,26.71,2170500.0,2034200.0,0,0,0,0,0,0
,,,,,,173,2026-02-01 13:43:40.094553,ATMN,26.57,26.57,26.67,2039600.0,2026900.0,0,0,0,0,0,0
,,,,,,173,2026-02-01 13:43:40.094553,WNTR,25.97,25.75,25.81,2106400.0,2166300.0,0,0,0,0,0,0
2.0,1.0,1.0,,Aggregate Position Limit,Your CRO has set the aggregate position limit to 10000 shares for this week.,174,2026-02-01 13:43:41.123202,SPNG,23.4,23.82,23.86,2346600.0,2284400.0,0,0,0,0,0,0
1.0,1.0,1.0,,Welcome to the RITC 2026 Alogithmic Market Making Case - practice server,,174,2026-02-01 13:43:41.123202,SMMR,26.66,26.64,26.65,2151300.0,2051600.0,0,0,0,0,0,0
,,,,,,174,2026-02-01 13:43:41.123202,ATMN,26.51,26.51,26.8,2057900.0,2042100.0,0,0,0,0,0,0
,,,,,,174,2026-02-01 13:43:41.123202,WNTR,25.97,25.75,25.81,2131200.0,2166300.0,0,0,0,0,0,0
2.0,1.0,1.0,,Aggregate Position Limit,Your CRO has set the aggregate position limit to 10000 shares for this week.,175,2026-02-01 13:43:42.136057,SPNG,23.82,23.79,23.81,2324200.0,2313500.0,0,0,0,0,0,0
1.0,1.0,1.0,,Welcome to the RITC 2026 Alogithmic Market Making Case - practice server,,175,2026-02-01 13:43:42.136057,SMMR,26.62,26.57,26.62,2147000.0,2072800.0,0,0,0,0,0,0
,,,,,,175,2026-02-01 13:43:42.136057,ATMN,26.48,26.48,26.74,2067100.0,2037700.0,0,0,0,0,0,0
,,,,,,175,2026-02-01 13:43:42.136057,WNTR,25.74,25.74,26.12,2105200.0,2173700.0,0,0,0,0,0,0
2.0,1.0,1.0,,Aggregate Position Limit,Your CRO has set the aggregate position limit to 10000 shares for this week.,176,2026-02-01 13:43:43.162968,SPNG,23.81,23.83,23.86,2314700.0,2306000.0,0,0,0,0,0,0
1.0,1.0,1.0,,Welcome to the RITC 2026 Alogithmic Market Making Case - practice server,,176,2026-02-01 13:43:43.162968,SMMR,26.65,26.63,26.65,2133100.0,2051600.0,0,0,0,0,0,0
,,,,,,176,2026-02-01 13:43:43.162968,ATMN,26.74,26.44,26.74,2090200.0,2037700.0,0,0,0,0,0,0
,,,,,,176,2026-02-01 13:43:43.162968,WNTR,26.14,25.74,26.14,2105200.0,2173300.0,0,0,0,0,0,0
2.0,1.0,1.0,,Aggregate Position Limit,Your CRO has set the aggregate position limit to 10000 shares for this week.,177,2026-02-01 13:43:44.187201,SPNG,23.81,23.83,23.86,2314700.0,2297700.0,0,0,0,0,0,0
1.0,1.0,1.0,,Welcome to the RITC 2026 Alogithmic Market Making Case - practice server,,177,2026-02-01 13:43:44.187201,SMMR,26.65,26.63,26.65,2131700.0,2054400.0,0,0,0,0,0,0
,,,,,,177,2026-02-01 13:43:44.187201,ATMN,26.74,26.69,26.74,2060000.0,2049900.0,0,0,0,0,0,0
,,,,,,177,2026-02-01 13:43:44.187201,WNTR,26.14,26.07,26.14,2112400.0,2153100.0,0,0,0,0,0,0
2.0,1.0,1.0,,Aggregate Position Limit,Your CRO has set the aggregate position limit to 10000 shares for this week.,178,2026-02-01 13:43:45.221946,SPNG,23.83,23.43,23.71,2346700.0,2329500.0,0,0,0,0,0,0
1.0,1.0,1.0,,Welcome to the RITC 2026 Alogithmic Market Making Case - practice server,,178,2026-02-01 13:43:45.221946,SMMR,26.79,26.63,26.79,2131700.0,1994500.0,0,0,0,0,0,0
,,,,,,178,2026-02-01 13:43:45.221946,ATMN,26.32,26.32,26.55,2102600.0,2074500.0,0,0,0,0,0,0
,,,,,,178,2026-02-01 13:43:45.221946,WNTR,26.02,26.02,26.15,2117100.0,2152500.0,0,0,0,0,0,0
2.0,1.0,1.0,,Aggregate Position Limit,Your CRO has set the aggregate position limit to 10000 shares for this week.,179,2026-02-01 13:43:46.245743,SPNG,23.71,23.82,23.86,2331700.0,2297700.0,0,0,0,0,0,0
1.0,1.0,1.0,,Welcome to the RITC 2026 Alogithmic Market Making Case - practice server,,179,2026-02-01 13:43:46.245743,SMMR,26.68,26.57,26.68,2147800.0,2000400.0,0,0,0,0,0,0
,,,,,,179,2026-02-01 13:43:46.245743,ATMN,26.32,26.32,26.74,2123200.0,2049900.0,0,0,0,0,0,0
,,,,,,179,2026-02-01 13:43:46.245743,WNTR,25.94,25.94,26.15,2094500.0,2152500.0,0,0,0,0,0,0
2.0,1.0,1.0,,Aggregate Position Limit,Your CRO has set the aggregate position limit to 10000 shares for this week.,180,2026-02-01 13:43:47.272746,SPNG,25.33,25.33,25.76,969000.0,844400.0,0,0,0,0,0,0
1.0,1.0,1.0,,Welcome to the RITC 2026 Alogithmic Market Making Case - practice server,,180,2026-02-01 13:43:47.272746,SMMR,26.68,24.91,25.38,922000.0,892000.0,0,0,0,0,0,0
,,,,,,180,2026-02-01 13:43:47.272746,ATMN,26.74,24.23,25.0,1039100.0,1055900.0,0,0,0,0,0,0
,,,,,,180,2026-02-01 13:43:47.272746,WNTR,25.71,25.41,25.6,890700.0,882800.0,0,0,0,0,0,0
2.0,1.0,1.0,,Aggregate Position Limit,Your CRO has set the aggregate position limit to 10000 shares for this week.,181,2026-02-01 13:43:48.292967,SPNG,24.6,24.92,25.45,1159700.0,957500.0,0,0,0,0,0,0
1.0,1.0,1.0,,Welcome to the RITC 2026 Alogithmic Market Making Case - practice server,,181,2026-02-01 13:43:48.292967,SMMR,24.91,24.91,25.03,922000.0,1129000.0,0,0,0,0,0,0
,,,,,,181,2026-02-01 13:43:48.292967,ATMN,24.23,24.23,24.73,1066000.0,1269800.0,0,0,0,0,0,0
,,,,,,181,2026-02-01 13:43:48.292967,WNTR,25.71,25.41,25.42,1221400.0,969200.0,0,0,0,0,0,0
2.0,1.0,1.0,,Aggregate Position Limit,Your CRO has set the aggregate position limit to 10000 shares for this week.,182,2026-02-01 13:43:49.317948,SPNG,25.45,25.44,25.45,1366200.0,957500.0,0,0,0,0,0,0
1.0,1.0,1.0,,Welcome to the RITC 2026 Alogithmic Market Making Case - practice server,,182,2026-02-01 13:43:49.317948,SMMR,24.91,24.91,24.95,922000.0,1562100.0,0,0,0,0,0,0
,,,,,,182,2026-02-01 13:43:49.317948,ATMN,24.23,23.5,24.22,1233800.0,1469900.0,0,0,0,0,0,0
,,,,,,182,2026-02-01 13:43:49.317948,WNTR,26.03,25.41,26.03,1225500.0,777600.0,0,0,0,0,0,0
2.0,1.0,1.0,,Aggregate Position Limit,Your CRO has set the aggregate position limit to 10000 shares for this week.,183,2026-02-01 13:43:50.353311,SPNG,25.44,25.44,25.45,1366200.0,1148900.0,0,0,0,0,0,0
1.0,1.0,1.0,,Welcome to the RITC 2026 Alogithmic Market Making Case - practice server,,183,2026-02-01 13:43:50.353311,SMMR,24.91,24.68,24.83,1007500.0,1766900.0,0,0,0,0,0,0
,,,,,,183,2026-02-01 13:43:50.353311,ATMN,24.33,23.5,23.83,1233800.0,1625200.0,0,0,0,0,0,0
,,,,,,183,2026-02-01 13:43:50.353311,WNTR,25.31,25.4,25.5,1230600.0,873300.0,0,0,0,0,0,0
2.0,1.0,1.0,,Aggregate Position Limit,Your CRO has set the aggregate position limit to 10000 shares for this week.,184,2026-02-01 13:43:51.382947,SPNG,25.36,25.36,25.45,1282500.0,1148900.0,0,0,0,0,0,0
1.0,1.0,1.0,,Welcome to the RITC 2026 Alogithmic Market Making Case - practice server,,184,2026-02-01 13:43:51.382947,SMMR,24.58,24.58,24.65,917100.0,1986100.0,0,0,0,0,0,0
,,,,,,184,2026-02-01 13:43:51.382947,ATMN,23.66,23.66,24.37,1487500.0,1486800.0,0,0,0,0,0,0
,,,,,,184,2026-02-01 13:43:51.382947,WNTR,25.5,25.4,25.5,1230600.0,1165700.0,0,0,0,0,0,0
2.0,1.0,1.0,,Aggregate Position Limit,Your CRO has set the aggregate position limit to 10000 shares for this week.,185,2026-02-01 13:43:52.412853,SPNG,24.92,24.92,25.76,1159700.0,1142000.0,0,0,0,0,0,0
1.0,1.0,1.0,,Welcome to the RITC 2026 Alogithmic Market Making Case - practice server,,185,2026-02-01 13:43:52.412853,SMMR,24.65,24.58,24.65,1032800.0,2097100.0,0,0,0,0,0,0
,,,,,,185,2026-02-01 13:43:52.412853,ATMN,24.37,23.98,24.37,1698600.0,1486800.0,0,0,0,0,0,0
,,,,,,185,2026-02-01 13:43:52.412853,WNTR,25.5,25.4,25.5,1335400.0,1391400.0,0,0,0,0,0,0
