news_id,period,tick,ticker,headline,body,tick,timestamp,ticker,last_price,bid_price,ask_price,BUY_ANON,SELL_ANON,SELL_LUIS-3,BUY_LUIS-3,SELL_CALG-1,BUY_CALG-1
2.0,1.0,1.0,,Aggregate Position Limit,Your CRO has set the aggregate position limit to 8000 shares for this week.,1,2026-02-01 05:36:25.900998,SPNG,25.22,0.0,25.22,2175100.0,2162600.0,0,0,0,0
1.0,1.0,1.0,,Welcome to the RITC 2026 Alogithmic Market Making Case - practice server,,1,2026-02-01 05:36:25.900998,SMMR,25.1,25.0,25.1,2235100.0,1842000.0,0,0,0,0
,,,,,,1,2026-02-01 05:36:25.900998,ATMN,24.83,24.83,0.0,1562200.0,2023200.0,0,0,0,0
,,,,,,1,2026-02-01 05:36:25.900998,WNTR,25.04,24.93,24.98,2149000.0,2047500.0,0,0,0,0
2.0,1.0,1.0,,Aggregate Position Limit,Your CRO has set the aggregate position limit to 8000 shares for this week.,2,2026-02-01 05:36:26.951691,SPNG,25.24,24.98,25.24,3500.0,2073400.0,2166000.0,,0,0
1.0,1.0,1.0,,Welcome to the RITC 2026 Alogithmic Market Making Case - practice server,,2,2026-02-01 05:36:26.951691,SMMR,25.1,25.01,25.05,3500.0,2136300.0,2074500.0,3500.0,0,0
,,,,,,2,2026-02-01 05:36:26.951691,ATMN,24.83,24.83,24.9,,1871700.0,2006700.0,,0,0
,,,,,,2,2026-02-01 05:36:26.951691,WNTR,25.16,24.93,25.16,,2166500.0,1919200.0,,0,0
2.0,1.0,1.0,,Aggregate Position Limit,Your CRO has set the aggregate position limit to 8000 shares for this week.,3,2026-02-01 05:36:28.006512,SPNG,24.97,24.97,24.99,2192400.0,2176600.0,,,0,0
1.0,1.0,1.0,,Welcome to the RITC 2026 Alogithmic Market Making Case - practice server,,3,2026-02-01 05:36:28.006512,SMMR,25.05,25.05,25.07,2125200.0,2072200.0,3500.0,3500.0,0,0
,,,,,,3,2026-02-01 05:36:28.006512,ATMN,24.9,25.01,25.06,1876600.0,1997900.0,3500.0,,0,0
,,,,,,3,2026-02-01 05:36:28.006512,WNTR,25.16,25.02,25.1,2025900.0,2030400.0,3500.0,3500.0,0,0
2.0,1.0,1.0,,Aggregate Position Limit,Your CRO has set the aggregate position limit to 8000 shares for this week.,4,2026-02-01 05:36:29.032470,SPNG,24.85,24.85,24.99,2197300.0,2180600.0,,,0,0
1.0,1.0,1.0,,Welcome to the RITC 2026 Alogithmic Market Making Case - practice server,,4,2026-02-01 05:36:29.032470,SMMR,25.07,25.0,25.07,2235100.0,2072200.0,3500.0,,0,0
,,,,,,4,2026-02-01 05:36:29.032470,ATMN,25.01,24.84,24.95,1877300.0,1976500.0,,3500.0,0,0
,,,,,,4,2026-02-01 05:36:29.032470,WNTR,24.93,25.04,25.06,2027700.0,1929800.0,7000.0,3500.0,0,0
2.0,1.0,1.0,,Aggregate Position Limit,Your CRO has set the aggregate position limit to 8000 shares for this week.,5,2026-02-01 05:36:30.053458,SPNG,25.21,24.86,25.09,3500.0,2065800.0,2167200.0,,0,0
1.0,1.0,1.0,,Welcome to the RITC 2026 Alogithmic Market Making Case - practice server,,5,2026-02-01 05:36:30.053458,SMMR,24.94,24.94,25.07,,2244100.0,2072200.0,3500.0,0,0
,,,,,,5,2026-02-01 05:36:30.053458,ATMN,25.32,24.85,25.31,7000.0,1774400.0,1903500.0,3500.0,0,0
,,,,,,5,2026-02-01 05:36:30.053458,WNTR,25.06,25.05,25.06,,2146300.0,1929800.0,7000.0,0,0
2.0,1.0,1.0,,Aggregate Position Limit,Your CRO has set the aggregate position limit to 8000 shares for this week.,6,2026-02-01 05:36:31.085706,SPNG,25.38,24.87,25.08,7000.0,1955900.0,3500.0,2035300.0,0,0
1.0,1.0,1.0,,Welcome to the RITC 2026 Alogithmic Market Making Case - practice server,,6,2026-02-01 05:36:31.085706,SMMR,24.94,24.95,25.06,3500.0,2145300.0,7000.0,1950800.0,0,0
,,,,,,6,2026-02-01 05:36:31.085706,ATMN,25.36,24.85,25.31,7000.0,1774400.0,,2005500.0,0,0
,,,,,,6,2026-02-01 05:36:31.085706,WNTR,25.06,25.05,25.06,,2138400.0,7000.0,1905500.0,0,0
2.0,1.0,1.0,,Aggregate Position Limit,Your CRO has set the aggregate position limit to 8000 shares for this week.,7,2026-02-01 05:36:32.116079,SPNG,25.4,24.88,24.89,10500.0,1842400.0,2056800.0,3500.0,0,0
1.0,1.0,1.0,,Welcome to the RITC 2026 Alogithmic Market Making Case - practice server,,7,2026-02-01 05:36:32.116079,SMMR,24.94,24.94,25.06,,2210500.0,1950800.0,7000.0,0,0
,,,,,,7,2026-02-01 05:36:32.116079,ATMN,25.36,24.86,24.91,10500.0,1668900.0,1868200.0,3500.0,0,0
,,,,,,7,2026-02-01 05:36:32.116079,WNTR,25.1,25.05,25.1,,2130100.0,2038400.0,3500.0,0,0
2.0,1.0,1.0,,Aggregate Position Limit,Your CRO has set the aggregate position limit to 8000 shares for this week.,8,2026-02-01 05:36:33.140425,SPNG,25.45,24.88,24.89,10500.0,1847400.0,2124100.0,,0,0
1.0,1.0,1.0,,Welcome to the RITC 2026 Alogithmic Market Making Case - practice server,,8,2026-02-01 05:36:33.140425,SMMR,24.93,24.93,25.02,,2172400.0,1937500.0,7000.0,0,0
,,,,,,8,2026-02-01 05:36:33.140425,ATMN,24.97,25.13,25.3,14000.0,1575000.0,1887700.0,3500.0,0,0
,,,,,,8,2026-02-01 05:36:33.140425,WNTR,25.03,25.03,25.1,,2146600.0,2051600.0,3500.0,0,0
2.0,1.0,1.0,,Aggregate Position Limit,Your CRO has set the aggregate position limit to 8000 shares for this week.,9,2026-02-01 05:36:34.166686,SPNG,25.45,24.88,25.45,10500.0,1847400.0,2139200.0,,0,0
1.0,1.0,1.0,,Welcome to the RITC 2026 Alogithmic Market Making Case - practice server,,9,2026-02-01 05:36:34.166686,SMMR,24.94,24.93,24.94,,2186800.0,1832900.0,10500.0,0,0
,,,,,,9,2026-02-01 05:36:34.166686,ATMN,25.13,25.15,25.3,21000.0,1493900.0,1853800.0,3500.0,0,0
,,,,,,9,2026-02-01 05:36:34.166686,WNTR,25.01,25.01,25.09,,2137300.0,1938300.0,7000.0,0,0
2.0,1.0,1.0,,Aggregate Position Limit,Your CRO has set the aggregate position limit to 8000 shares for this week.,10,2026-02-01 05:36:35.197704,SPNG,24.72,24.72,25.38,2165500.0,2138800.0,,,0,0
1.0,1.0,1.0,,Welcome to the RITC 2026 Alogithmic Market Making Case - practice server,,10,2026-02-01 05:36:35.197704,SMMR,24.92,24.92,24.94,2176700.0,1832900.0,10500.0,,0,0
,,,,,,10,2026-02-01 05:36:35.197704,ATMN,25.13,25.15,25.3,1493900.0,1759800.0,7000.0,21000.0,0,0
,,,,,,10,2026-02-01 05:36:35.197704,WNTR,25.0,25.0,25.09,2153200.0,2047500.0,3500.0,,0,0
2.0,1.0,1.0,,Aggregate Position Limit,Your CRO has set the aggregate position limit to 8000 shares for this week.,11,2026-02-01 05:36:36.223111,SPNG,24.95,24.72,24.95,2168500.0,2029600.0,3500.0,,0,0
1.0,1.0,1.0,,Welcome to the RITC 2026 Alogithmic Market Making Case - practice server,,11,2026-02-01 05:36:36.223111,SMMR,24.91,24.91,24.94,2136500.0,1832900.0,10500.0,,0,0
,,,,,,11,2026-02-01 05:36:36.223111,ATMN,24.91,24.91,25.3,1533500.0,1647300.0,10500.0,14000.0,0,0
,,,,,,11,2026-02-01 05:36:36.223111,WNTR,24.89,24.99,25.05,2068300.0,1946700.0,7000.0,3500.0,0,0
2.0,1.0,1.0,,Aggregate Position Limit,Your CRO has set the aggregate position limit to 8000 shares for this week.,12,2026-02-01 05:36:37.260244,SPNG,24.95,24.73,24.94,3500.0,2058800.0,7000.0,1931400.0,0,0
1.0,1.0,1.0,,Welcome to the RITC 2026 Alogithmic Market Making Case - practice server,,12,2026-02-01 05:36:37.260244,SMMR,25.02,24.91,25.0,3500.0,2048000.0,14000.0,1869600.0,0,0
,,,,,,12,2026-02-01 05:36:37.260244,ATMN,25.31,25.14,25.31,14000.0,1548300.0,7000.0,1759800.0,0,0
,,,,,,12,2026-02-01 05:36:37.260244,WNTR,24.84,24.84,24.97,,2197600.0,7000.0,1956900.0,0,0
2.0,1.0,1.0,,Aggregate Position Limit,Your CRO has set the aggregate position limit to 8000 shares for this week.,13,2026-02-01 05:36:38.293630,SPNG,24.95,24.97,25.03,2063000.0,3500.0,2050900.0,3500.0,0,0
1.0,1.0,1.0,,Welcome to the RITC 2026 Alogithmic Market Making Case - practice server,,13,2026-02-01 05:36:38.293630,SMMR,25.02,24.92,24.97,2078700.0,3500.0,1861200.0,14000.0,0,0
,,,,,,13,2026-02-01 05:36:38.293630,ATMN,24.84,24.84,25.3,1866400.0,3500.0,1647300.0,10500.0,0,0
,,,,,,13,2026-02-01 05:36:38.293630,WNTR,24.97,24.86,24.96,2079500.0,3500.0,1865000.0,10500.0,0,0
2.0,1.0,1.0,,Aggregate Position Limit,Your CRO has set the aggregate position limit to 8000 shares for this week.,14,2026-02-01 05:36:39.329761,SPNG,24.97,24.97,25.37,2063000.0,3500.0,3500.0,2050800.0,0,0
1.0,1.0,1.0,,Welcome to the RITC 2026 Alogithmic Market Making Case - practice server,,14,2026-02-01 05:36:39.329761,SMMR,24.97,24.95,24.97,2080900.0,3500.0,14000.0,1861200.0,0,0
,,,,,,14,2026-02-01 05:36:39.329761,ATMN,24.94,24.95,25.3,1757000.0,7000.0,10500.0,1647300.0,0,0
,,,,,,14,2026-02-01 05:36:39.329761,WNTR,24.97,24.97,24.98,2061600.0,3500.0,7000.0,1945600.0,0,0
2.0,1.0,1.0,,Aggregate Position Limit,Your CRO has set the aggregate position limit to 8000 shares for this week.,15,2026-02-01 05:36:40.370312,SPNG,24.97,24.73,24.78,3500.0,2093400.0,1925300.0,7000.0,0,0
1.0,1.0,1.0,,Welcome to the RITC 2026 Alogithmic Market Making Case - practice server,,15,2026-02-01 05:36:40.370312,SMMR,25.02,24.95,25.02,3500.0,2080900.0,1999200.0,7000.0,0,0
,,,,,,15,2026-02-01 05:36:40.370312,ATMN,24.84,24.85,25.29,7000.0,1785500.0,1522000.0,14000.0,0,0
,,,,,,15,2026-02-01 05:36:40.370312,WNTR,25.05,24.97,25.05,3500.0,2054600.0,1946700.0,7000.0,0,0
2.0,1.0,1.0,,Aggregate Position Limit,Your CRO has set the aggregate position limit to 8000 shares for this week.,16,2026-02-01 05:36:41.415711,SPNG,24.77,24.83,25.21,1994300.0,7000.0,1944200.0,7000.0,0,0
1.0,1.0,1.0,,Welcome to the RITC 2026 Alogithmic Market Making Case - practice server,,16,2026-02-01 05:36:41.415711,SMMR,25.03,24.96,25.03,1969600.0,7000.0,1960200.0,7000.0,0,0
,,,,,,16,2026-02-01 05:36:41.415711,ATMN,25.31,25.14,25.31,1782000.0,7000.0,1747400.0,7000.0,0,0
,,,,,,16,2026-02-01 05:36:41.415711,WNTR,25.12,25.04,25.12,1957400.0,7000.0,1918400.0,7000.0,0,0
2.0,1.0,1.0,,Aggregate Position Limit,Your CRO has set the aggregate position limit to 8000 shares for this week.,17,2026-02-01 05:36:42.525980,SPNG,25.07,25.07,25.21,1965500.0,7000.0,1908400.0,7000.0,0,0
1.0,1.0,1.0,,Welcome to the RITC 2026 Alogithmic Market Making Case - practice server,,17,2026-02-01 05:36:42.525980,SMMR,25.1,24.92,24.93,2054400.0,3500.0,2173600.0,,0,0
,,,,,,17,2026-02-01 05:36:42.525980,ATMN,25.31,25.14,25.27,1669000.0,10500.0,1679100.0,14000.0,0,0
,,,,,,17,2026-02-01 05:36:42.525980,WNTR,25.04,25.08,25.14,1844700.0,10500.0,2001100.0,3500.0,0,0
2.0,1.0,1.0,,Aggregate Position Limit,Your CRO has set the aggregate position limit to 8000 shares for this week.,18,2026-02-01 05:36:43.550179,SPNG,24.91,24.91,25.09,1977600.0,7000.0,1788200.0,10500.0,0,0
1.0,1.0,1.0,,Welcome to the RITC 2026 Alogithmic Market Making Case - practice server,,18,2026-02-01 05:36:43.550179,SMMR,24.93,24.92,24.93,2031300.0,3500.0,2173600.0,,0,0
,,,,,,18,2026-02-01 05:36:43.550179,ATMN,25.27,25.2,25.26,1641800.0,14000.0,1581300.0,17500.0,0,0
,,,,,,18,2026-02-01 05:36:43.550179,WNTR,25.16,25.08,25.09,1844700.0,10500.0,2125300.0,,0,0
2.0,1.0,1.0,,Aggregate Position Limit,Your CRO has set the aggregate position limit to 8000 shares for this week.,19,2026-02-01 05:36:44.578722,SPNG,24.7,24.7,25.07,2208500.0,17500.0,1677400.0,,0,0
1.0,1.0,1.0,,Welcome to the RITC 2026 Alogithmic Market Making Case - practice server,,19,2026-02-01 05:36:44.578722,SMMR,24.92,24.92,24.93,1992700.0,,2166600.0,3500.0,0,0
,,,,,,19,2026-02-01 05:36:44.578722,ATMN,25.36,25.28,25.36,1523800.0,,1975800.0,21000.0,0,0
,,,,,,19,2026-02-01 05:36:44.578722,WNTR,24.95,24.95,25.16,2055400.0,,2143200.0,3500.0,0,0
2.0,1.0,1.0,,Aggregate Position Limit,Your CRO has set the aggregate position limit to 8000 shares for this week.,20,2026-02-01 05:36:45.601589,SPNG,24.7,24.71,24.81,2117200.0,3500.0,1660600.0,17500.0,0,0
1.0,1.0,1.0,,Welcome to the RITC 2026 Alogithmic Market Making Case - practice server,,20,2026-02-01 05:36:45.601589,SMMR,24.93,24.94,25.1,2147400.0,,2154200.0,,0,0
,,,,,,20,2026-02-01 05:36:45.601589,ATMN,25.22,25.22,25.36,1529400.0,21000.0,1862400.0,3500.0,0,0
,,,,,,20,2026-02-01 05:36:45.601589,WNTR,24.95,24.98,25.02,1953700.0,7000.0,2024100.0,3500.0,0,0
2.0,1.0,1.0,,Aggregate Position Limit,Your CRO has set the aggregate position limit to 8000 shares for this week.,21,2026-02-01 05:36:46.634447,SPNG,24.81,24.77,24.81,2092400.0,3500.0,1660600.0,17500.0,0,0
1.0,1.0,1.0,,Welcome to the RITC 2026 Alogithmic Market Making Case - practice server,,21,2026-02-01 05:36:46.634447,SMMR,25.16,25.08,25.09,2019900.0,3500.0,2037500.0,3500.0,0,0
,,,,,,21,2026-02-01 05:36:46.634447,ATMN,25.06,25.06,25.36,1819000.0,7000.0,1780400.0,7000.0,0,0
,,,,,,21,2026-02-01 05:36:46.634447,WNTR,24.95,24.98,25.01,1954400.0,7000.0,2044200.0,3500.0,0,0
2.0,1.0,1.0,,Aggregate Position Limit,Your CRO has set the aggregate position limit to 8000 shares for this week.,22,2026-02-01 05:36:47.661292,SPNG,25.09,25.07,25.09,2082500.0,3500.0,1770300.0,10500.0,0,0
1.0,1.0,1.0,,Welcome to the RITC 2026 Alogithmic Market Making Case - practice server,,22,2026-02-01 05:36:47.661292,SMMR,25.08,24.95,24.99,2048600.0,3500.0,2002900.0,3500.0,0,0
,,,,,,22,2026-02-01 05:36:47.661292,ATMN,25.06,25.07,25.35,1763800.0,10500.0,1689400.0,10500.0,0,0
,,,,,,22,2026-02-01 05:36:47.661292,WNTR,25.01,24.98,25.01,1963300.0,7000.0,2044200.0,3500.0,0,0
2.0,1.0,1.0,,Aggregate Position Limit,Your CRO has set the aggregate position limit to 8000 shares for this week.,23,2026-02-01 05:36:48.686477,SPNG,24.77,24.96,25.09,2056600.0,3500.0,1770300.0,10500.0,0,0
1.0,1.0,1.0,,Welcome to the RITC 2026 Alogithmic Market Making Case - practice server,,23,2026-02-01 05:36:48.686477,SMMR,25.18,24.92,25.18,2120300.0,,2145400.0,,0,0
,,,,,,23,2026-02-01 05:36:48.686477,ATMN,24.92,24.92,25.34,1808600.0,7000.0,1561200.0,14000.0,0,0
,,,,,,23,2026-02-01 05:36:48.686477,WNTR,25.01,24.98,25.01,1977100.0,7000.0,2044200.0,3500.0,0,0
2.0,1.0,1.0,,Aggregate Position Limit,Your CRO has set the aggregate position limit to 8000 shares for this week.,24,2026-02-01 05:36:49.721075,SPNG,24.77,24.97,25.08,7000.0,1978700.0,14000.0,1659400.0,0,0
1.0,1.0,1.0,,Welcome to the RITC 2026 Alogithmic Market Making Case - practice server,,24,2026-02-01 05:36:49.721075,SMMR,25.2,24.87,25.2,3500.0,2020700.0,,2123800.0,0,0
,,,,,,24,2026-02-01 05:36:49.721075,ATMN,24.92,25.01,25.34,7000.0,1794600.0,14000.0,1569800.0,0,0
,,,,,,24,2026-02-01 05:36:49.721075,WNTR,25.11,24.98,25.11,7000.0,1977100.0,3500.0,2037100.0,0,0
2.0,1.0,1.0,,Aggregate Position Limit,Your CRO has set the aggregate position limit to 8000 shares for this week.,25,2026-02-01 05:36:50.761253,SPNG,24.77,24.97,25.08,7000.0,1970000.0,14000.0,1682100.0,0,0
1.0,1.0,1.0,,Welcome to the RITC 2026 Alogithmic Market Making Case - practice server,,25,2026-02-01 05:36:50.761253,SMMR,24.86,24.86,25.26,,2157700.0,,2144100.0,0,0
,,,,,,25,2026-02-01 05:36:50.761253,ATMN,25.36,25.01,25.36,10500.0,1728200.0,7000.0,1792800.0,0,0
,,,,,,25,2026-02-01 05:36:50.761253,WNTR,25.17,24.99,25.15,10500.0,1910700.0,3500.0,2021000.0,0,0
2.0,1.0,1.0,,Aggregate Position Limit,Your CRO has set the aggregate position limit to 8000 shares for this week.,26,2026-02-01 05:36:51.788785,SPNG,24.77,24.98,25.07,10500.0,1880000.0,17500.0,1522000.0,0,0
1.0,1.0,1.0,,Welcome to the RITC 2026 Alogithmic Market Making Case - practice server,,26,2026-02-01 05:36:51.788785,SMMR,24.84,25.15,25.18,3500.0,2051600.0,3500.0,2039700.0,0,0
,,,,,,26,2026-02-01 05:36:51.788785,ATMN,25.36,25.34,25.36,10500.0,1723400.0,7000.0,1795300.0,0,0
,,,,,,26,2026-02-01 05:36:51.788785,WNTR,25.12,25.12,25.17,10500.0,1935800.0,,2149100.0,0,0
2.0,1.0,1.0,,Aggregate Position Limit,Your CRO has set the aggregate position limit to 8000 shares for this week.,27,2026-02-01 05:36:52.823255,SPNG,25.12,24.81,24.95,7000.0,1989100.0,1681000.0,14000.0,0,0
1.0,1.0,1.0,,Welcome to the RITC 2026 Alogithmic Market Making Case - practice server,,27,2026-02-01 05:36:52.823255,SMMR,25.18,25.15,25.18,3500.0,2051600.0,2058200.0,3500.0,0,0
,,,,,,27,2026-02-01 05:36:52.823255,ATMN,25.39,25.34,25.39,10500.0,1723400.0,1988100.0,,0,0
,,,,,,27,2026-02-01 05:36:52.823255,WNTR,25.12,25.13,25.16,14000.0,1823000.0,2059800.0,3500.0,0,0
2.0,1.0,1.0,,Aggregate Position Limit,Your CRO has set the aggregate position limit to 8000 shares for this week.,28,2026-02-01 05:36:53.859975,SPNG,25.21,25.23,25.25,1890100.0,10500.0,1871100.0,7000.0,0,0
1.0,1.0,1.0,,Welcome to the RITC 2026 Alogithmic Market Making Case - practice server,,28,2026-02-01 05:36:53.859975,SMMR,24.84,25.12,25.18,2155100.0,,2058200.0,3500.0,0,0
,,,,,,28,2026-02-01 05:36:53.859975,ATMN,25.39,25.35,25.38,1630100.0,14000.0,1907000.0,3500.0,0,0
,,,,,,28,2026-02-01 05:36:53.859975,WNTR,25.18,25.17,25.18,1802000.0,14000.0,2149800.0,,0,0
2.0,1.0,1.0,,Aggregate Position Limit,Your CRO has set the aggregate position limit to 8000 shares for this week.,29,2026-02-01 05:36:54.886250,SPNG,25.23,25.23,25.24,1890100.0,10500.0,1898100.0,7000.0,0,0
1.0,1.0,1.0,,Welcome to the RITC 2026 Alogithmic Market Making Case - practice server,,29,2026-02-01 05:36:54.886250,SMMR,24.84,25.13,25.17,2066600.0,3500.0,1980700.0,7000.0,0,0
,,,,,,29,2026-02-01 05:36:54.886250,ATMN,25.0,25.0,25.38,1730600.0,10500.0,1906900.0,3500.0,0,0
,,,,,,29,2026-02-01 05:36:54.886250,WNTR,25.21,25.17,25.2,1802000.0,14000.0,2111100.0,,0,0
2.0,1.0,1.0,,Aggregate Position Limit,Your CRO has set the aggregate position limit to 8000 shares for this week.,30,2026-02-01 05:36:55.914883,SPNG,25.24,25.0,25.24,1897600.0,10500.0,1895800.0,7000.0,0,0
1.0,1.0,1.0,,Welcome to the RITC 2026 Alogithmic Market Making Case - practice server,,30,2026-02-01 05:36:55.914883,SMMR,24.88,24.88,25.09,2158800.0,,1983100.0,7000.0,0,0
,,,,,,30,2026-02-01 05:36:55.914883,ATMN,24.95,25.33,25.37,1841200.0,7000.0,1816500.0,7000.0,0,0
,,,,,,30,2026-02-01 05:36:55.914883,WNTR,25.21,25.12,25.21,1919400.0,10500.0,2136900.0,,0,0
2.0,1.0,1.0,,Aggregate Position Limit,Your CRO has set the aggregate position limit to 8000 shares for this week.,31,2026-02-01 05:36:56.949042,SPNG,24.8,24.8,25.01,2089700.0,3500.0,1891200.0,7000.0,0,0
1.0,1.0,1.0,,Welcome to the RITC 2026 Alogithmic Market Making Case - practice server,,31,2026-02-01 05:36:56.949042,SMMR,24.88,25.01,25.08,2019300.0,3500.0,1885700.0,10500.0,0,0
,,,,,,31,2026-02-01 05:36:56.949042,ATMN,25.33,24.92,25.28,1827200.0,7000.0,1823000.0,7000.0,0,0
,,,,,,31,2026-02-01 05:36:56.949042,WNTR,25.2,25.14,25.2,1814000.0,17500.0,2150900.0,,0,0
2.0,1.0,1.0,,Aggregate Position Limit,Your CRO has set the aggregate position limit to 8000 shares for this week.,32,2026-02-01 05:36:57.977513,SPNG,25.0,25.08,25.24,2016100.0,7000.0,1886600.0,7000.0,0,0
1.0,1.0,1.0,,Welcome to the RITC 2026 Alogithmic Market Making Case - practice server,,32,2026-02-01 05:36:57.977513,SMMR,25.18,25.19,25.21,1922000.0,7000.0,2100600.0,3500.0,0,0
,,,,,,32,2026-02-01 05:36:57.977513,ATMN,25.33,24.96,25.28,1802300.0,7000.0,1823000.0,7000.0,0,0
,,,,,,32,2026-02-01 05:36:57.977513,WNTR,25.21,25.06,25.21,1928500.0,10500.0,2050900.0,3500.0,0,0
2.0,1.0,1.0,,Aggregate Position Limit,Your CRO has set the aggregate position limit to 8000 shares for this week.,33,2026-02-01 05:36:59.012087,SPNG,24.81,24.96,25.24,7000.0,2013900.0,1886600.0,7000.0,0,0
1.0,1.0,1.0,,Welcome to the RITC 2026 Alogithmic Market Making Case - practice server,,33,2026-02-01 05:36:59.012087,SMMR,25.05,25.15,25.21,7000.0,1931300.0,2100600.0,3500.0,0,0
,,,,,,33,2026-02-01 05:36:59.012087,ATMN,25.33,24.97,25.27,10500.0,1692000.0,1727900.0,10500.0,0,0
,,,,,,33,2026-02-01 05:36:59.012087,WNTR,25.21,25.06,25.08,7000.0,2023300.0,2166400.0,,0,0
2.0,1.0,1.0,,Aggregate Position Limit,Your CRO has set the aggregate position limit to 8000 shares for this week.,35,2026-02-01 05:37:00.049461,SPNG,24.95,24.95,25.09,2109500.0,3500.0,1743300.0,10500.0,0,0
1.0,1.0,1.0,,Welcome to the RITC 2026 Alogithmic Market Making Case - practice server,,35,2026-02-01 05:37:00.049461,SMMR,25.01,25.02,25.2,1934700.0,7000.0,1978400.0,7000.0,0,0
,,,,,,35,2026-02-01 05:37:00.049461,ATMN,25.5,25.27,25.45,1706600.0,10500.0,1933600.0,3500.0,0,0
,,,,,,35,2026-02-01 05:37:00.049461,WNTR,25.27,25.07,25.27,1935000.0,10500.0,2176200.0,,0,0
2.0,1.0,1.0,,Aggregate Position Limit,Your CRO has set the aggregate position limit to 8000 shares for this week.,36,2026-02-01 05:37:01.106967,SPNG,25.09,24.72,25.08,7000.0,1980700.0,10500.0,1743300.0,0,0
1.0,1.0,1.0,,Welcome to the RITC 2026 Alogithmic Market Making Case - practice server,,36,2026-02-01 05:37:01.106967,SMMR,24.98,24.98,25.03,3500.0,2072500.0,7000.0,1977900.0,0,0
,,,,,,36,2026-02-01 05:37:01.106967,ATMN,25.5,25.1,25.5,14000.0,1625700.0,,2031400.0,0,0
,,,,,,36,2026-02-01 05:37:01.106967,WNTR,25.28,25.08,25.28,10500.0,1915500.0,,2199700.0,0,0
2.0,1.0,1.0,,Aggregate Position Limit,Your CRO has set the aggregate position limit to 8000 shares for this week.,37,2026-02-01 05:37:02.141056,SPNG,25.24,24.73,25.24,10500.0,1864400.0,1993500.0,3500.0,0,0
1.0,1.0,1.0,,Welcome to the RITC 2026 Alogithmic Market Making Case - practice server,,37,2026-02-01 05:37:02.141056,SMMR,25.16,25.12,25.13,3500.0,2036700.0,1975000.0,7000.0,0,0
,,,,,,37,2026-02-01 05:37:02.141056,ATMN,25.13,25.1,25.13,10500.0,1712200.0,2036600.0,,0,0
,,,,,,37,2026-02-01 05:37:02.141056,WNTR,25.28,25.17,25.27,14000.0,1777600.0,2072600.0,3500.0,0,0
2.0,1.0,1.0,,Aggregate Position Limit,Your CRO has set the aggregate position limit to 8000 shares for this week.,38,2026-02-01 05:37:03.171714,SPNG,24.95,25.21,25.24,1886800.0,10500.0,1993500.0,3500.0,0,0
1.0,1.0,1.0,,Welcome to the RITC 2026 Alogithmic Market Making Case - practice server,,38,2026-02-01 05:37:03.171714,SMMR,25.21,25.22,25.25,2017700.0,3500.0,2072600.0,3500.0,0,0
,,,,,,38,2026-02-01 05:37:03.171714,ATMN,25.13,25.1,25.13,1741200.0,10500.0,2036600.0,,0,0
,,,,,,38,2026-02-01 05:37:03.171714,WNTR,25.17,25.17,25.28,1777600.0,14000.0,2063900.0,3500.0,0,0
2.0,1.0,1.0,,Aggregate Position Limit,Your CRO has set the aggregate position limit to 8000 shares for this week.,39,2026-02-01 05:37:04.237134,SPNG,24.7,24.7,25.24,2082900.0,3500.0,1974700.0,3500.0,0,0
1.0,1.0,1.0,,Welcome to the RITC 2026 Alogithmic Market Making Case - practice server,,39,2026-02-01 05:37:04.237134,SMMR,25.12,25.12,25.25,2026300.0,3500.0,2080600.0,3500.0,0,0
,,,,,,39,2026-02-01 05:37:04.237134,ATMN,25.52,25.11,25.52,1728500.0,10500.0,2006900.0,,0,0
,,,,,,39,2026-02-01 05:37:04.237134,WNTR,25.3,25.28,25.29,1655500.0,21000.0,2063600.0,3500.0,0,0
2.0,1.0,1.0,,Aggregate Position Limit,Your CRO has set the aggregate position limit to 8000 shares for this week.,40,2026-02-01 05:37:05.290397,SPNG,24.81,24.83,25.23,1997300.0,7000.0,7000.0,1863600.0,0,0
1.0,1.0,1.0,,Welcome to the RITC 2026 Alogithmic Market Making Case - practice server,,40,2026-02-01 05:37:05.290397,SMMR,24.98,24.98,25.19,2072500.0,3500.0,7000.0,2000900.0,0,0
,,,,,,40,2026-02-01 05:37:05.290397,ATMN,25.52,25.46,25.52,1619300.0,17500.0,3500.0,1899300.0,0,0
,,,,,,40,2026-02-01 05:37:05.290397,WNTR,25.28,25.28,25.29,1655500.0,21000.0,3500.0,2038800.0,0,0
2.0,1.0,1.0,,Aggregate Position Limit,Your CRO has set the aggregate position limit to 8000 shares for this week.,41,2026-02-01 05:37:06.324835,SPNG,24.81,24.84,25.15,7000.0,1997300.0,1725600.0,10500.0,0,0
1.0,1.0,1.0,,Welcome to the RITC 2026 Alogithmic Market Making Case - practice server,,41,2026-02-01 05:37:06.324835,SMMR,25.0,24.98,25.0,3500.0,2064700.0,1997300.0,7000.0,0,0
,,,,,,41,2026-02-01 05:37:06.324835,ATMN,25.46,25.13,25.24,17500.0,1612200.0,1934500.0,3500.0,0,0
,,,,,,41,2026-02-01 05:37:06.324835,WNTR,25.28,25.19,25.28,17500.0,1770200.0,2072400.0,3500.0,0,0
2.0,1.0,1.0,,Aggregate Position Limit,Your CRO has set the aggregate position limit to 8000 shares for this week.,42,2026-02-01 05:37:07.366637,SPNG,24.75,24.76,25.15,7000.0,1993100.0,1708800.0,10500.0,0,0
1.0,1.0,1.0,,Welcome to the RITC 2026 Alogithmic Market Making Case - practice server,,42,2026-02-01 05:37:07.366637,SMMR,24.98,24.98,25.0,3500.0,2071500.0,1981400.0,7000.0,0,0
,,,,,,42,2026-02-01 05:37:07.366637,ATMN,25.24,25.13,25.24,17500.0,1612100.0,1833700.0,7000.0,0,0
,,,,,,42,2026-02-01 05:37:07.366637,WNTR,25.08,25.08,25.28,7000.0,2007800.0,2054500.0,3500.0,0,0
2.0,1.0,1.0,,Aggregate Position Limit,Your CRO has set the aggregate position limit to 8000 shares for this week.,43,2026-02-01 05:37:08.428257,SPNG,24.95,24.95,25.03,2011500.0,7000.0,1626500.0,14000.0,0,0
1.0,1.0,1.0,,Welcome to the RITC 2026 Alogithmic Market Making Case - practice server,,43,2026-02-01 05:37:08.428257,SMMR,24.98,24.98,25.0,2027700.0,3500.0,1981400.0,7000.0,0,0
,,,,,,43,2026-02-01 05:37:08.428257,ATMN,25.32,25.32,25.52,1544700.0,21000.0,1823200.0,7000.0,0,0
,,,,,,43,2026-02-01 05:37:08.428257,WNTR,25.29,25.17,25.19,1913100.0,10500.0,2050400.0,3500.0,0,0
2.0,1.0,1.0,,Aggregate Position Limit,Your CRO has set the aggregate position limit to 8000 shares for this week.,44,2026-02-01 05:37:09.494124,SPNG,25.03,24.88,25.03,2182100.0,1626500.0,14000.0,,0,0
1.0,1.0,1.0,,Welcome to the RITC 2026 Alogithmic Market Making Case - practice server,,44,2026-02-01 05:37:09.494124,SMMR,24.98,24.98,25.0,2012600.0,1964400.0,7000.0,3500.0,0,0
,,,,,,44,2026-02-01 05:37:09.494124,ATMN,25.11,25.11,25.42,1703600.0,1688700.0,10500.0,10500.0,0,0
,,,,,,44,2026-02-01 05:37:09.494124,WNTR,25.17,25.17,25.19,1913100.0,2050400.0,3500.0,10500.0,0,0
2.0,1.0,1.0,,Aggregate Position Limit,Your CRO has set the aggregate position limit to 8000 shares for this week.,45,2026-02-01 05:37:10.525333,SPNG,24.93,24.88,24.93,2061100.0,3500.0,1545300.0,21000.0,0,0
1.0,1.0,1.0,,Welcome to the RITC 2026 Alogithmic Market Making Case - practice server,,45,2026-02-01 05:37:10.525333,SMMR,25.01,24.98,25.01,2016200.0,3500.0,1972400.0,7000.0,0,0
,,,,,,45,2026-02-01 05:37:10.525333,ATMN,25.11,25.12,25.33,1612100.0,14000.0,1687700.0,10500.0,0,0
,,,,,,45,2026-02-01 05:37:10.525333,WNTR,25.25,25.17,25.24,1913100.0,10500.0,2035200.0,3500.0,0,0
2.0,1.0,1.0,,Aggregate Position Limit,Your CRO has set the aggregate position limit to 8000 shares for this week.,46,2026-02-01 05:37:11.572331,SPNG,24.93,24.88,24.91,1964000.0,7000.0,28000.0,1455700.0,0,0
1.0,1.0,1.0,,Welcome to the RITC 2026 Alogithmic Market Making Case - practice server,,46,2026-02-01 05:37:11.572331,SMMR,25.12,24.97,25.12,1986000.0,3500.0,7000.0,1998200.0,0,0
,,,,,,46,2026-02-01 05:37:11.572331,ATMN,25.06,25.06,25.33,1809200.0,7000.0,10500.0,1710200.0,0,0
,,,,,,46,2026-02-01 05:37:11.572331,WNTR,25.1,25.18,25.23,1907900.0,10500.0,7000.0,1919800.0,0,0
2.0,1.0,1.0,,Aggregate Position Limit,Your CRO has set the aggregate position limit to 8000 shares for this week.,47,2026-02-01 05:37:12.596159,SPNG,24.78,24.78,25.14,2129000.0,14000.0,1603700.0,,0,0
1.0,1.0,1.0,,Welcome to the RITC 2026 Alogithmic Market Making Case - practice server,,47,2026-02-01 05:37:12.596159,SMMR,25.19,25.19,25.2,1894800.0,3500.0,2117000.0,7000.0,0,0
,,,,,,47,2026-02-01 05:37:12.596159,ATMN,25.42,25.07,25.32,1725500.0,14000.0,1599300.0,10500.0,0,0
,,,,,,47,2026-02-01 05:37:12.596159,WNTR,25.25,25.19,25.25,1906600.0,7000.0,1932200.0,10500.0,0,0
2.0,1.0,1.0,,Aggregate Position Limit,Your CRO has set the aggregate position limit to 8000 shares for this week.,48,2026-02-01 05:37:13.635682,SPNG,25.13,25.13,25.14,2040500.0,3500.0,14000.0,1603700.0,0,0
1.0,1.0,1.0,,Welcome to the RITC 2026 Alogithmic Market Making Case - practice server,,48,2026-02-01 05:37:13.635682,SMMR,25.1,24.98,24.99,1866600.0,7000.0,,2247900.0,0,0
,,,,,,48,2026-02-01 05:37:13.635682,ATMN,25.16,25.08,25.16,1621600.0,14000.0,10500.0,1716400.0,0,0
,,,,,,48,2026-02-01 05:37:13.635682,WNTR,25.29,25.29,25.3,1852700.0,10500.0,,2184300.0,0,0
2.0,1.0,1.0,,Aggregate Position Limit,Your CRO has set the aggregate position limit to 8000 shares for this week.,49,2026-02-01 05:37:14.681386,SPNG,24.73,24.74,25.13,3500.0,2040200.0,17500.0,1487800.0,0,0
1.0,1.0,1.0,,Welcome to the RITC 2026 Alogithmic Market Making Case - practice server,,49,2026-02-01 05:37:14.681386,SMMR,25.1,24.98,24.99,7000.0,1872800.0,,2240100.0,0,0
,,,,,,49,2026-02-01 05:37:14.681386,ATMN,25.53,25.08,25.53,14000.0,1606900.0,7000.0,1822400.0,0,0
,,,,,,49,2026-02-01 05:37:14.681386,WNTR,25.06,25.03,25.04,,2221000.0,,2178000.0,0,0
2.0,1.0,1.0,,Aggregate Position Limit,Your CRO has set the aggregate position limit to 8000 shares for this week.,50,2026-02-01 05:37:15.739936,SPNG,25.26,24.67,25.11,2043700.0,3500.0,7000.0,1911300.0,0,0
1.0,1.0,1.0,,Welcome to the RITC 2026 Alogithmic Market Making Case - practice server,,50,2026-02-01 05:37:15.739936,SMMR,25.0,24.97,25.0,1987000.0,3500.0,,2242700.0,0,0
,,,,,,50,2026-02-01 05:37:15.739936,ATMN,25.53,25.09,25.39,1509200.0,17500.0,,2011000.0,0,0
,,,,,,50,2026-02-01 05:37:15.739936,WNTR,25.03,25.06,25.07,2184800.0,,,2193300.0,0,0
2.0,1.0,1.0,,Aggregate Position Limit,Your CRO has set the aggregate position limit to 8000 shares for this week.,51,2026-02-01 05:37:16.773762,SPNG,24.66,24.9,25.11,7000.0,1934100.0,7000.0,1911300.0,0,0
1.0,1.0,1.0,,Welcome to the RITC 2026 Alogithmic Market Making Case - practice server,,51,2026-02-01 05:37:16.773762,SMMR,25.0,24.97,25.0,3500.0,2044700.0,,2242700.0,0,0
,,,,,,51,2026-02-01 05:37:16.773762,ATMN,25.05,25.24,25.39,14000.0,1700400.0,3500.0,1910200.0,0,0
,,,,,,51,2026-02-01 05:37:16.773762,WNTR,25.03,25.03,25.07,,2227200.0,,2170200.0,0,0
2.0,1.0,1.0,,Aggregate Position Limit,Your CRO has set the aggregate position limit to 8000 shares for this week.,52,2026-02-01 05:37:17.806008,SPNG,24.66,24.95,25.1,1980800.0,7000.0,10500.0,1782900.0,0,0
1.0,1.0,1.0,,Welcome to the RITC 2026 Alogithmic Market Making Case - practice server,,52,2026-02-01 05:37:17.806008,SMMR,25.0,25.04,25.13,2182200.0,,,2210800.0,0,0
,,,,,,52,2026-02-01 05:37:17.806008,ATMN,25.4,25.11,25.38,1714000.0,10500.0,7000.0,1828400.0,0,0
,,,,,,52,2026-02-01 05:37:17.806008,WNTR,25.3,25.17,25.28,2090900.0,3500.0,3500.0,2070700.0,0,0
2.0,1.0,1.0,,Aggregate Position Limit,Your CRO has set the aggregate position limit to 8000 shares for this week.,53,2026-02-01 05:37:18.853196,SPNG,24.66,24.96,25.09,10500.0,1882600.0,14000.0,1685000.0,0,0
1.0,1.0,1.0,,Welcome to the RITC 2026 Alogithmic Market Making Case - practice server,,53,2026-02-01 05:37:18.853196,SMMR,25.15,25.09,25.11,,2176500.0,,2242700.0,0,0
,,,,,,53,2026-02-01 05:37:18.853196,ATMN,25.56,25.06,25.56,10500.0,1722800.0,,1990000.0,0,0
,,,,,,53,2026-02-01 05:37:18.853196,WNTR,25.16,25.03,25.11,,2227200.0,3500.0,2022000.0,0,0
2.0,1.0,1.0,,Aggregate Position Limit,Your CRO has set the aggregate position limit to 8000 shares for this week.,54,2026-02-01 05:37:19.912151,SPNG,24.76,24.97,25.04,7000.0,1994600.0,1669300.0,14000.0,0,0
1.0,1.0,1.0,,Welcome to the RITC 2026 Alogithmic Market Making Case - practice server,,54,2026-02-01 05:37:19.912151,SMMR,25.09,25.09,25.11,,2176500.0,2190800.0,,0,0
,,,,,,54,2026-02-01 05:37:19.912151,ATMN,25.05,25.05,25.46,7000.0,1851600.0,1928400.0,3500.0,0,0
,,,,,,54,2026-02-01 05:37:19.912151,WNTR,25.1,25.1,25.11,3500.0,2102600.0,2022000.0,3500.0,0,0
2.0,1.0,1.0,,Aggregate Position Limit,Your CRO has set the aggregate position limit to 8000 shares for this week.,55,2026-02-01 05:37:20.935741,SPNG,25.03,24.76,25.03,2109100.0,3500.0,17500.0,1581900.0,0,0
1.0,1.0,1.0,,Welcome to the RITC 2026 Alogithmic Market Making Case - practice server,,55,2026-02-01 05:37:20.935741,SMMR,24.97,24.97,25.02,2163400.0,,,2181800.0,0,0
,,,,,,55,2026-02-01 05:37:20.935741,ATMN,24.96,24.96,25.45,2008900.0,,7000.0,1847100.0,0,0
,,,,,,55,2026-02-01 05:37:20.935741,WNTR,25.22,25.11,25.18,1984700.0,7000.0,7000.0,1930100.0,0,0
2.0,1.0,1.0,,Aggregate Position Limit,Your CRO has set the aggregate position limit to 8000 shares for this week.,56,2026-02-01 05:37:21.981224,SPNG,24.8,24.77,24.8,7000.0,2010900.0,1513900.0,21000.0,0,0
1.0,1.0,1.0,,Welcome to the RITC 2026 Alogithmic Market Making Case - practice server,,56,2026-02-01 05:37:21.981224,SMMR,24.97,24.98,25.01,3500.0,2056700.0,2067800.0,3500.0,0,0
,,,,,,56,2026-02-01 05:37:21.981224,ATMN,25.46,24.96,25.46,,2008900.0,1943200.0,3500.0,0,0
,,,,,,56,2026-02-01 05:37:21.981224,WNTR,25.03,25.03,25.28,,2227200.0,2058400.0,3500.0,0,0
2.0,1.0,1.0,,Aggregate Position Limit,Your CRO has set the aggregate position limit to 8000 shares for this week.,57,2026-02-01 05:37:23.021772,SPNG,25.08,24.79,25.08,2003400.0,7000.0,1724700.0,14000.0,0,0
1.0,1.0,1.0,,Welcome to the RITC 2026 Alogithmic Market Making Case - practice server,,57,2026-02-01 05:37:23.021772,SMMR,25.02,24.98,25.02,2070300.0,3500.0,2181800.0,,0,0
,,,,,,57,2026-02-01 05:37:23.021772,ATMN,25.01,25.52,25.54,1918600.0,3500.0,1911400.0,3500.0,0,0
,,,,,,57,2026-02-01 05:37:23.021772,WNTR,25.03,25.04,25.27,2100400.0,3500.0,1938100.0,7000.0,0,0
2.0,1.0,1.0,,Aggregate Position Limit,Your CRO has set the aggregate position limit to 8000 shares for this week.,58,2026-02-01 05:37:24.057506,SPNG,25.08,24.79,25.05,2248500.0,2058900.0,0,0,0,0
1.0,1.0,1.0,,Welcome to the RITC 2026 Alogithmic Market Making Case - practice server,,58,2026-02-01 05:37:24.057506,SMMR,24.97,24.97,25.11,2171700.0,2190800.0,0,0,0,0
,,,,,,58,2026-02-01 05:37:24.057506,ATMN,25.52,24.96,25.27,2008900.0,2032500.0,0,0,0,0
,,,,,,58,2026-02-01 05:37:24.057506,WNTR,25.03,25.01,25.02,2223400.0,2147500.0,0,0,0,0
2.0,1.0,1.0,,Aggregate Position Limit,Your CRO has set the aggregate position limit to 8000 shares for this week.,59,2026-02-01 05:37:25.097716,SPNG,24.79,24.79,25.05,2248500.0,2058900.0,0,0,0,0
1.0,1.0,1.0,,Welcome to the RITC 2026 Alogithmic Market Making Case - practice server,,59,2026-02-01 05:37:25.097716,SMMR,25.07,25.07,25.11,2179700.0,2190800.0,0,0,0,0
,,,,,,59,2026-02-01 05:37:25.097716,ATMN,25.59,25.08,25.59,2014000.0,2000100.0,0,0,0,0
,,,,,,59,2026-02-01 05:37:25.097716,WNTR,25.12,25.01,25.12,2205600.0,2148800.0,0,0,0,0
2.0,1.0,1.0,,Aggregate Position Limit,Your CRO has set the aggregate position limit to 8000 shares for this week.,60,2026-02-01 05:37:26.145758,SPNG,23.93,24.03,24.66,1136600.0,805300.0,0,0,0,0
1.0,1.0,1.0,,Welcome to the RITC 2026 Alogithmic Market Making Case - practice server,,60,2026-02-01 05:37:26.145758,SMMR,25.07,24.31,24.35,837000.0,1044900.0,0,0,0,0
,,,,,,60,2026-02-01 05:37:26.145758,ATMN,25.02,25.02,25.63,928000.0,775100.0,0,0,0,0
,,,,,,60,2026-02-01 05:37:26.145758,WNTR,25.64,25.39,25.64,1002700.0,857000.0,0,0,0,0
2.0,1.0,1.0,,Aggregate Position Limit,Your CRO has set the aggregate position limit to 8000 shares for this week.,61,2026-02-01 05:37:27.165372,SPNG,23.77,23.77,23.95,1097200.0,992600.0,3500.0,,0,0
1.0,1.0,1.0,,Welcome to the RITC 2026 Alogithmic Market Making Case - practice server,,61,2026-02-01 05:37:27.165372,SMMR,25.07,24.31,24.35,1067200.0,1142800.0,,,0,0
,,,,,,61,2026-02-01 05:37:27.165372,ATMN,25.02,25.03,25.19,1046300.0,951300.0,3500.0,3500.0,0,0
,,,,,,61,2026-02-01 05:37:27.165372,WNTR,25.64,25.39,25.64,1243200.0,965900.0,,,0,0
2.0,1.0,1.0,,Aggregate Position Limit,Your CRO has set the aggregate position limit to 8000 shares for this week.,63,2026-02-01 05:37:28.197856,SPNG,24.66,23.8,24.02,3500.0,1204300.0,1029800.0,3500.0,0,0
1.0,1.0,1.0,,Welcome to the RITC 2026 Alogithmic Market Making Case - practice server,,63,2026-02-01 05:37:28.197856,SMMR,24.35,24.31,24.35,,1067200.0,1273400.0,,0,0
,,,,,,63,2026-02-01 05:37:28.197856,ATMN,25.25,25.02,25.25,,946300.0,1032500.0,,0,0
,,,,,,63,2026-02-01 05:37:28.197856,WNTR,25.64,25.48,25.63,3500.0,1559000.0,1087800.0,3500.0,0,0
2.0,1.0,1.0,,Aggregate Position Limit,Your CRO has set the aggregate position limit to 8000 shares for this week.,64,2026-02-01 05:37:29.228003,SPNG,22.14,22.14,24.02,1143500.0,1029800.0,3500.0,,0,0
1.0,1.0,1.0,,Welcome to the RITC 2026 Alogithmic Market Making Case - practice server,,64,2026-02-01 05:37:29.228003,SMMR,24.39,24.31,24.39,1067200.0,1286100.0,,,0,0
,,,,,,64,2026-02-01 05:37:29.228003,ATMN,24.9,24.9,25.19,961300.0,1127300.0,3500.0,,0,0
,,,,,,64,2026-02-01 05:37:29.228003,WNTR,25.64,25.49,25.62,1747100.0,1190400.0,7000.0,7000.0,0,0
2.0,1.0,1.0,,Aggregate Position Limit,Your CRO has set the aggregate position limit to 8000 shares for this week.,65,2026-02-01 05:37:30.259856,SPNG,24.02,24.12,24.27,1242900.0,3500.0,906700.0,3500.0,0,0
1.0,1.0,1.0,,Welcome to the RITC 2026 Alogithmic Market Making Case - practice server,,65,2026-02-01 05:37:30.259856,SMMR,24.31,24.32,24.33,1085100.0,3500.0,1420100.0,3500.0,0,0
,,,,,,65,2026-02-01 05:37:30.259856,ATMN,24.35,24.87,25.18,1166500.0,3500.0,1127300.0,7000.0,0,0
,,,,,,65,2026-02-01 05:37:30.259856,WNTR,25.63,25.48,25.62,1747100.0,3500.0,1385800.0,,0,0
2.0,1.0,1.0,,Aggregate Position Limit,Your CRO has set the aggregate position limit to 8000 shares for this week.,66,2026-02-01 05:37:31.285909,SPNG,24.17,23.75,23.77,7000.0,1143500.0,1140100.0,3500.0,0,0
1.0,1.0,1.0,,Welcome to the RITC 2026 Alogithmic Market Making Case - practice server,,66,2026-02-01 05:37:31.285909,SMMR,24.26,24.26,24.33,,985100.0,1632500.0,3500.0,0,0
,,,,,,66,2026-02-01 05:37:31.285909,ATMN,24.87,24.87,25.18,3500.0,1251900.0,1301800.0,7000.0,0,0
,,,,,,66,2026-02-01 05:37:31.285909,WNTR,25.62,25.62,25.63,7000.0,1862400.0,1395700.0,,0,0
2.0,1.0,1.0,,Aggregate Position Limit,Your CRO has set the aggregate position limit to 8000 shares for this week.,67,2026-02-01 05:37:32.320629,SPNG,23.74,23.14,23.45,1277800.0,1150600.0,3500.0,,0,0
1.0,1.0,1.0,,Welcome to the RITC 2026 Alogithmic Market Making Case - practice server,,67,2026-02-01 05:37:32.320629,SMMR,24.33,24.27,24.28,1114600.0,1843000.0,3500.0,3500.0,0,0
,,,,,,67,2026-02-01 05:37:32.320629,ATMN,24.87,24.98,25.17,1450300.0,1411400.0,10500.0,7000.0,0,0
,,,,,,67,2026-02-01 05:37:32.320629,WNTR,25.41,25.41,25.63,1627900.0,1395700.0,,3500.0,0,0
2.0,1.0,1.0,,Aggregate Position Limit,Your CRO has set the aggregate position limit to 8000 shares for this week.,68,2026-02-01 05:37:33.353679,SPNG,23.52,23.52,23.62,1500800.0,3500.0,1242900.0,3500.0,0,0
1.0,1.0,1.0,,Welcome to the RITC 2026 Alogithmic Market Making Case - practice server,,68,2026-02-01 05:37:33.353679,SMMR,24.26,24.3,24.33,1101200.0,,1749400.0,3500.0,0,0
,,,,,,68,2026-02-01 05:37:33.353679,ATMN,24.89,24.99,25.16,1436300.0,10500.0,1452200.0,14000.0,0,0
,,,,,,68,2026-02-01 05:37:33.353679,WNTR,25.41,25.49,25.63,1982500.0,3500.0,1513600.0,,0,0
2.0,1.0,1.0,,Aggregate Position Limit,Your CRO has set the aggregate position limit to 8000 shares for this week.,69,2026-02-01 05:37:34.385699,SPNG,23.35,23.74,24.17,1478400.0,3500.0,7000.0,1234500.0,0,0
1.0,1.0,1.0,,Welcome to the RITC 2026 Alogithmic Market Making Case - practice server,,69,2026-02-01 05:37:34.385699,SMMR,24.21,24.26,24.33,1217100.0,,3500.0,1749400.0,0,0
,,,,,,69,2026-02-01 05:37:34.385699,ATMN,25.18,25.18,25.19,1538600.0,10500.0,3500.0,1718100.0,0,0
,,,,,,69,2026-02-01 05:37:34.385699,WNTR,25.49,25.55,25.62,2088000.0,3500.0,3500.0,1634800.0,0,0
2.0,1.0,1.0,,Aggregate Position Limit,Your CRO has set the aggregate position limit to 8000 shares for this week.,70,2026-02-01 05:37:35.423143,SPNG,23.8,23.75,23.8,7000.0,1478400.0,1247900.0,3500.0,0,0
1.0,1.0,1.0,,Welcome to the RITC 2026 Alogithmic Market Making Case - practice server,,70,2026-02-01 05:37:35.423143,SMMR,24.21,24.3,24.32,3500.0,1565000.0,1876000.0,7000.0,0,0
,,,,,,70,2026-02-01 05:37:35.423143,ATMN,25.18,24.99,25.12,10500.0,1522100.0,1773800.0,3500.0,0,0
,,,,,,70,2026-02-01 05:37:35.423143,WNTR,25.58,25.55,25.56,3500.0,2088000.0,1834400.0,3500.0,0,0
2.0,1.0,1.0,,Aggregate Position Limit,Your CRO has set the aggregate position limit to 8000 shares for this week.,71,2026-02-01 05:37:36.458446,SPNG,24.01,24.01,24.17,1608400.0,7000.0,1372600.0,3500.0,0,0
1.0,1.0,1.0,,Welcome to the RITC 2026 Alogithmic Market Making Case - practice server,,71,2026-02-01 05:37:36.458446,SMMR,24.39,24.3,24.39,1565000.0,3500.0,1637200.0,,0,0
,,,,,,71,2026-02-01 05:37:36.458446,ATMN,25.19,25.0,25.19,1625000.0,14000.0,1746500.0,3500.0,0,0
,,,,,,71,2026-02-01 05:37:36.458446,WNTR,25.58,25.55,25.56,2102000.0,3500.0,1928400.0,3500.0,0,0
2.0,1.0,1.0,,Aggregate Position Limit,Your CRO has set the aggregate position limit to 8000 shares for this week.,72,2026-02-01 05:37:37.490788,SPNG,24.01,24.02,24.16,10500.0,1608400.0,7000.0,1695600.0,0,0
1.0,1.0,1.0,,Welcome to the RITC 2026 Alogithmic Market Making Case - practice server,,72,2026-02-01 05:37:37.490788,SMMR,24.3,24.3,24.38,3500.0,1694700.0,3500.0,1744800.0,0,0
,,,,,,72,2026-02-01 05:37:37.490788,ATMN,24.89,24.91,24.95,14000.0,1539200.0,7000.0,1675500.0,0,0
,,,,,,72,2026-02-01 05:37:37.490788,WNTR,25.53,25.53,25.56,3500.0,2095600.0,3500.0,1928400.0,0,0
2.0,1.0,1.0,,Aggregate Position Limit,Your CRO has set the aggregate position limit to 8000 shares for this week.,73,2026-02-01 05:37:38.527212,SPNG,23.74,24.03,24.08,7000.0,1478400.0,1840000.0,10500.0,0,0
1.0,1.0,1.0,,Welcome to the RITC 2026 Alogithmic Market Making Case - practice server,,73,2026-02-01 05:37:38.527212,SMMR,24.23,24.24,24.38,3500.0,1470700.0,1710200.0,,0,0
,,,,,,73,2026-02-01 05:37:38.527212,ATMN,24.96,25.16,25.19,14000.0,1762100.0,1765300.0,3500.0,0,0
,,,,,,73,2026-02-01 05:37:38.527212,WNTR,25.48,25.48,25.58,3500.0,2131600.0,1930800.0,3500.0,0,0
2.0,1.0,1.0,,Aggregate Position Limit,Your CRO has set the aggregate position limit to 8000 shares for this week.,74,2026-02-01 05:37:39.566550,SPNG,24.08,23.74,23.91,1478400.0,3500.0,1856100.0,10500.0,0,0
1.0,1.0,1.0,,Welcome to the RITC 2026 Alogithmic Market Making Case - practice server,,74,2026-02-01 05:37:39.566550,SMMR,24.23,24.23,24.38,1495200.0,,1829200.0,3500.0,0,0
,,,,,,74,2026-02-01 05:37:39.566550,ATMN,24.88,24.88,25.19,1556100.0,7000.0,1768400.0,3500.0,0,0
,,,,,,74,2026-02-01 05:37:39.566550,WNTR,25.57,25.59,25.63,1945800.0,7000.0,1714900.0,,0,0
2.0,1.0,1.0,,Aggregate Position Limit,Your CRO has set the aggregate position limit to 8000 shares for this week.,75,2026-02-01 05:37:40.598168,SPNG,23.91,23.75,23.9,7000.0,1700800.0,14000.0,1747400.0,0,0
1.0,1.0,1.0,,Welcome to the RITC 2026 Alogithmic Market Making Case - practice server,,75,2026-02-01 05:37:40.598168,SMMR,24.23,24.23,24.37,,1606300.0,7000.0,1920000.0,0,0
,,,,,,75,2026-02-01 05:37:40.598168,ATMN,24.88,24.87,24.88,3500.0,1556100.0,7000.0,1747400.0,0,0
,,,,,,75,2026-02-01 05:37:40.598168,WNTR,25.64,25.48,25.64,3500.0,2097900.0,,1611900.0,0,0
2.0,1.0,1.0,,Aggregate Position Limit,Your CRO has set the aggregate position limit to 8000 shares for this week.,76,2026-02-01 05:37:41.635390,SPNG,24.06,24.06,24.08,2009400.0,10500.0,1812500.0,10500.0,0,0
1.0,1.0,1.0,,Welcome to the RITC 2026 Alogithmic Market Making Case - practice server,,76,2026-02-01 05:37:41.635390,SMMR,24.23,24.24,24.32,1812400.0,,1966200.0,7000.0,0,0
,,,,,,76,2026-02-01 05:37:41.635390,ATMN,24.6,24.6,25.0,1255000.0,3500.0,1833200.0,3500.0,0,0
,,,,,,76,2026-02-01 05:37:41.635390,WNTR,25.66,25.6,25.66,1965900.0,7000.0,1494000.0,,0,0
2.0,1.0,1.0,,Aggregate Position Limit,Your CRO has set the aggregate position limit to 8000 shares for this week.,77,2026-02-01 05:37:42.674668,SPNG,23.68,23.68,24.08,1706100.0,3500.0,1819800.0,10500.0,0,0
1.0,1.0,1.0,,Welcome to the RITC 2026 Alogithmic Market Making Case - practice server,,77,2026-02-01 05:37:42.674668,SMMR,24.32,24.19,24.32,1586400.0,,1966200.0,7000.0,0,0
,,,,,,77,2026-02-01 05:37:42.674668,ATMN,25.01,24.67,25.01,1234800.0,3500.0,1815800.0,3500.0,0,0
,,,,,,77,2026-02-01 05:37:42.674668,WNTR,25.61,25.6,25.61,1965900.0,7000.0,1689500.0,,0,0
2.0,1.0,1.0,,Aggregate Position Limit,Your CRO has set the aggregate position limit to 8000 shares for this week.,78,2026-02-01 05:37:43.711650,SPNG,24.14,23.69,24.06,7000.0,1812900.0,1845000.0,10500.0,0,0
1.0,1.0,1.0,,Welcome to the RITC 2026 Alogithmic Market Making Case - practice server,,78,2026-02-01 05:37:43.711650,SMMR,24.39,24.2,24.31,3500.0,1714100.0,1936200.0,3500.0,0,0
,,,,,,78,2026-02-01 05:37:43.711650,ATMN,24.51,24.5,24.51,3500.0,1143100.0,1849500.0,3500.0,0,0
,,,,,,78,2026-02-01 05:37:43.711650,WNTR,25.45,25.57,25.58,3500.0,2101500.0,1797600.0,,0,0
2.0,1.0,1.0,,Aggregate Position Limit,Your CRO has set the aggregate position limit to 8000 shares for this week.,79,2026-02-01 05:37:44.748497,SPNG,24.14,23.94,24.05,1909500.0,10500.0,14000.0,1785100.0,0,0
1.0,1.0,1.0,,Welcome to the RITC 2026 Alogithmic Market Making Case - practice server,,79,2026-02-01 05:37:44.748497,SMMR,24.4,24.21,24.3,1820600.0,7000.0,,1977900.0,0,0
,,,,,,79,2026-02-01 05:37:44.748497,ATMN,24.51,24.67,24.83,1341100.0,3500.0,7000.0,1762100.0,0,0
,,,,,,79,2026-02-01 05:37:44.748497,WNTR,25.58,25.57,25.58,2106700.0,3500.0,,1797600.0,0,0
2.0,1.0,1.0,,Aggregate Position Limit,Your CRO has set the aggregate position limit to 8000 shares for this week.,80,2026-02-01 05:37:45.772845,SPNG,23.94,23.92,24.05,2017900.0,10500.0,14000.0,1785100.0,0,0
1.0,1.0,1.0,,Welcome to the RITC 2026 Alogithmic Market Making Case - practice server,,80,2026-02-01 05:37:45.772845,SMMR,24.3,24.21,24.3,2042500.0,7000.0,,1977900.0,0,0
,,,,,,80,2026-02-01 05:37:45.772845,ATMN,24.83,24.68,24.82,1455000.0,7000.0,10500.0,1663400.0,0,0
,,,,,,80,2026-02-01 05:37:45.772845,WNTR,25.6,25.6,25.61,2101400.0,3500.0,,1814000.0,0,0
2.0,1.0,1.0,,Aggregate Position Limit,Your CRO has set the aggregate position limit to 8000 shares for this week.,81,2026-02-01 05:37:46.820696,SPNG,23.68,23.68,24.04,2058900.0,3500.0,17500.0,1701000.0,0,0
1.0,1.0,1.0,,Welcome to the RITC 2026 Alogithmic Market Making Case - practice server,,81,2026-02-01 05:37:46.820696,SMMR,24.43,24.33,24.43,1914300.0,10500.0,,1487300.0,0,0
,,,,,,81,2026-02-01 05:37:46.820696,ATMN,24.9,24.9,25.0,1548500.0,10500.0,7000.0,1750400.0,0,0
,,,,,,81,2026-02-01 05:37:46.820696,WNTR,25.5,25.5,25.61,1975200.0,7000.0,,1931300.0,0,0
2.0,1.0,1.0,,Aggregate Position Limit,Your CRO has set the aggregate position limit to 8000 shares for this week.,82,2026-02-01 05:37:47.883252,SPNG,23.68,23.99,24.02,2187000.0,7000.0,21000.0,1705300.0,0,0
1.0,1.0,1.0,,Welcome to the RITC 2026 Alogithmic Market Making Case - practice server,,82,2026-02-01 05:37:47.883252,SMMR,24.48,24.23,24.48,1937800.0,14000.0,,1474100.0,0,0
,,,,,,82,2026-02-01 05:37:47.883252,ATMN,24.92,24.69,24.92,1548500.0,10500.0,7000.0,1752100.0,0,0
,,,,,,82,2026-02-01 05:37:47.883252,WNTR,25.66,25.58,25.66,1939000.0,7000.0,,1838700.0,0,0
2.0,1.0,1.0,,Aggregate Position Limit,Your CRO has set the aggregate position limit to 8000 shares for this week.,83,2026-02-01 05:37:48.930816,SPNG,23.99,23.99,24.0,2187000.0,7000.0,1717000.0,21000.0,0,0
1.0,1.0,1.0,,Welcome to the RITC 2026 Alogithmic Market Making Case - practice server,,83,2026-02-01 05:37:48.930816,SMMR,24.47,24.47,24.48,1944100.0,14000.0,1677400.0,3500.0,0,0
,,,,,,83,2026-02-01 05:37:48.930816,ATMN,24.82,24.82,24.84,1665500.0,14000.0,1680600.0,10500.0,0,0
,,,,,,83,2026-02-01 05:37:48.930816,WNTR,25.52,25.52,25.65,1920900.0,7000.0,1936100.0,3500.0,0,0
2.0,1.0,1.0,,Aggregate Position Limit,Your CRO has set the aggregate position limit to 8000 shares for this week.,84,2026-02-01 05:37:49.970841,SPNG,23.64,23.64,24.0,2080000.0,3500.0,1717000.0,21000.0,0,0
1.0,1.0,1.0,,Welcome to the RITC 2026 Alogithmic Market Making Case - practice server,,84,2026-02-01 05:37:49.970841,SMMR,24.49,24.26,24.49,2061300.0,7000.0,1552600.0,3500.0,0,0
,,,,,,84,2026-02-01 05:37:49.970841,ATMN,24.82,24.7,24.77,1548500.0,14000.0,1788600.0,7000.0,0,0
,,,,,,84,2026-02-01 05:37:49.970841,WNTR,25.66,25.53,25.65,1903500.0,7000.0,2044500.0,3500.0,0,0
2.0,1.0,1.0,,Aggregate Position Limit,Your CRO has set the aggregate position limit to 8000 shares for this week.,85,2026-02-01 05:37:51.006560,SPNG,23.64,23.65,23.74,2265400.0,7000.0,1610400.0,28000.0,0,0
1.0,1.0,1.0,,Welcome to the RITC 2026 Alogithmic Market Making Case - practice server,,85,2026-02-01 05:37:51.006560,SMMR,24.26,24.21,24.23,2048000.0,7000.0,1672500.0,3500.0,0,0
,,,,,,85,2026-02-01 05:37:51.006560,ATMN,24.57,24.63,24.76,1628400.0,3500.0,1677300.0,10500.0,0,0
,,,,,,85,2026-02-01 05:37:51.006560,WNTR,25.57,25.64,25.65,1914000.0,7000.0,2066300.0,3500.0,0,0
2.0,1.0,1.0,,Aggregate Position Limit,Your CRO has set the aggregate position limit to 8000 shares for this week.,86,2026-02-01 05:37:52.040772,SPNG,23.72,23.86,24.0,2077700.0,10500.0,1717000.0,21000.0,0,0
1.0,1.0,1.0,,Welcome to the RITC 2026 Alogithmic Market Making Case - practice server,,86,2026-02-01 05:37:52.040772,SMMR,24.23,24.38,24.48,1986100.0,10500.0,1803300.0,7000.0,0,0
,,,,,,86,2026-02-01 05:37:52.040772,ATMN,24.84,24.71,24.84,1631800.0,,1790400.0,7000.0,0,0
,,,,,,86,2026-02-01 05:37:52.040772,WNTR,25.5,25.5,25.65,2179000.0,,2075300.0,3500.0,0,0
2.0,1.0,1.0,,Aggregate Position Limit,Your CRO has set the aggregate position limit to 8000 shares for this week.,87,2026-02-01 05:37:53.076505,SPNG,24.0,23.76,23.98,1899100.0,14000.0,1634100.0,24500.0,0,0
1.0,1.0,1.0,,Welcome to the RITC 2026 Alogithmic Market Making Case - practice server,,87,2026-02-01 05:37:53.076505,SMMR,24.38,24.37,24.38,2082600.0,7000.0,1954300.0,7000.0,0,0
,,,,,,87,2026-02-01 05:37:53.076505,ATMN,24.82,24.82,24.84,1716300.0,3500.0,1739400.0,7000.0,0,0
,,,,,,87,2026-02-01 05:37:53.076505,WNTR,25.67,25.64,25.67,2168500.0,,2166600.0,,0,0
2.0,1.0,1.0,,Aggregate Position Limit,Your CRO has set the aggregate position limit to 8000 shares for this week.,88,2026-02-01 05:37:54.104855,SPNG,23.65,23.89,23.97,2070200.0,10500.0,28000.0,1532900.0,0,0
1.0,1.0,1.0,,Welcome to the RITC 2026 Alogithmic Market Making Case - practice server,,88,2026-02-01 05:37:54.104855,SMMR,24.3,24.3,24.38,2102500.0,7000.0,7000.0,1954300.0,0,0
,,,,,,88,2026-02-01 05:37:54.104855,ATMN,24.84,24.74,24.84,1747000.0,3500.0,7000.0,1739400.0,0,0
,,,,,,88,2026-02-01 05:37:54.104855,WNTR,25.64,25.59,25.6,2137100.0,,,2177700.0,0,0
2.0,1.0,1.0,,Aggregate Position Limit,Your CRO has set the aggregate position limit to 8000 shares for this week.,89,2026-02-01 05:37:55.131742,SPNG,23.98,23.7,23.98,2179800.0,7000.0,1634100.0,24500.0,0,0
1.0,1.0,1.0,,Welcome to the RITC 2026 Alogithmic Market Making Case - practice server,,89,2026-02-01 05:37:55.131742,SMMR,24.46,24.33,24.46,1958800.0,10500.0,1956500.0,7000.0,0,0
,,,,,,89,2026-02-01 05:37:55.131742,ATMN,24.71,24.71,24.83,1803500.0,3500.0,1676500.0,10500.0,0,0
,,,,,,89,2026-02-01 05:37:55.131742,WNTR,25.59,25.6,25.61,2011600.0,3500.0,2152200.0,,0,0
2.0,1.0,1.0,,Aggregate Position Limit,Your CRO has set the aggregate position limit to 8000 shares for this week.,90,2026-02-01 05:37:56.160154,SPNG,24.06,23.72,24.06,14000.0,2020100.0,1955500.0,10500.0,0,0
1.0,1.0,1.0,,Welcome to the RITC 2026 Alogithmic Market Making Case - practice server,,90,2026-02-01 05:37:56.160154,SMMR,24.19,24.31,24.46,3500.0,2178000.0,1974400.0,7000.0,0,0
,,,,,,90,2026-02-01 05:37:56.160154,ATMN,24.71,24.71,24.83,3500.0,1803500.0,1712100.0,10500.0,0,0
,,,,,,90,2026-02-01 05:37:56.160154,WNTR,25.61,25.63,25.68,3500.0,2002800.0,2062500.0,3500.0,0,0
2.0,1.0,1.0,,Aggregate Position Limit,Your CRO has set the aggregate position limit to 8000 shares for this week.,91,2026-02-01 05:37:57.197293,SPNG,24.14,23.66,23.76,10500.0,2064000.0,2032200.0,7000.0,0,0
1.0,1.0,1.0,,Welcome to the RITC 2026 Alogithmic Market Making Case - practice server,,91,2026-02-01 05:37:57.197293,SMMR,24.17,24.17,24.44,,2313200.0,1875200.0,10500.0,0,0
,,,,,,91,2026-02-01 05:37:57.197293,ATMN,24.59,24.69,24.82,,1929300.0,1686000.0,10500.0,0,0
,,,,,,91,2026-02-01 05:37:57.197293,WNTR,25.68,25.63,25.69,3500.0,2002800.0,2176100.0,,0,0
2.0,1.0,1.0,,Aggregate Position Limit,Your CRO has set the aggregate position limit to 8000 shares for this week.,92,2026-02-01 05:37:58.227686,SPNG,23.63,23.63,24.01,3500.0,2421200.0,2044400.0,7000.0,0,0
1.0,1.0,1.0,,Welcome to the RITC 2026 Alogithmic Market Making Case - practice server,,92,2026-02-01 05:37:58.227686,SMMR,24.17,24.34,24.42,3500.0,2198900.0,1790200.0,17500.0,0,0
,,,,,,92,2026-02-01 05:37:58.227686,ATMN,24.64,24.64,24.8,,2054700.0,1595400.0,17500.0,0,0
,,,,,,92,2026-02-01 05:37:58.227686,WNTR,25.7,25.54,25.7,,2132800.0,2176400.0,,0,0
2.0,1.0,1.0,,Aggregate Position Limit,Your CRO has set the aggregate position limit to 8000 shares for this week.,93,2026-02-01 05:37:59.263559,SPNG,24.14,23.72,24.0,7000.0,2223000.0,3500.0,2122500.0,0,0
1.0,1.0,1.0,,Welcome to the RITC 2026 Alogithmic Market Making Case - practice server,,93,2026-02-01 05:37:59.263559,SMMR,24.17,24.37,24.42,3500.0,2244200.0,17500.0,1797500.0,0,0
,,,,,,93,2026-02-01 05:37:59.263559,ATMN,24.73,24.73,24.8,,2280600.0,17500.0,1595400.0,0,0
,,,,,,93,2026-02-01 05:37:59.263559,WNTR,25.68,25.68,25.7,3500.0,1991500.0,,2194100.0,0,0
2.0,1.0,1.0,,Aggregate Position Limit,Your CRO has set the aggregate position limit to 8000 shares for this week.,94,2026-02-01 05:38:00.310182,SPNG,24.0,24.01,24.14,2133100.0,7000.0,2218200.0,,0,0
1.0,1.0,1.0,,Welcome to the RITC 2026 Alogithmic Market Making Case - practice server,,94,2026-02-01 05:38:00.310182,SMMR,24.44,24.37,24.43,2114700.0,7000.0,1898400.0,10500.0,0,0
,,,,,,94,2026-02-01 05:38:00.310182,ATMN,24.92,24.73,24.92,2108900.0,3500.0,1837600.0,3500.0,0,0
,,,,,,94,2026-02-01 05:38:00.310182,WNTR,25.62,25.64,25.7,2003400.0,3500.0,2194100.0,,0,0
2.0,1.0,1.0,,Aggregate Position Limit,Your CRO has set the aggregate position limit to 8000 shares for this week.,96,2026-02-01 05:38:01.357498,SPNG,24.01,24.01,24.13,1996100.0,10500.0,2261300.0,,0,0
1.0,1.0,1.0,,Welcome to the RITC 2026 Alogithmic Market Making Case - practice server,,96,2026-02-01 05:38:01.357498,SMMR,24.37,24.37,24.38,2107700.0,7000.0,1772900.0,14000.0,0,0
,,,,,,96,2026-02-01 05:38:01.357498,ATMN,24.97,24.74,24.96,1963300.0,7000.0,1719100.0,7000.0,0,0
,,,,,,96,2026-02-01 05:38:01.357498,WNTR,25.71,25.64,25.69,1997100.0,3500.0,2217600.0,,0,0
2.0,1.0,1.0,,Aggregate Position Limit,Your CRO has set the aggregate position limit to 8000 shares for this week.,97,2026-02-01 05:38:02.409594,SPNG,23.73,23.74,23.98,10500.0,2003400.0,2152100.0,3500.0,0,0
1.0,1.0,1.0,,Welcome to the RITC 2026 Alogithmic Market Making Case - practice server,,97,2026-02-01 05:38:02.409594,SMMR,24.43,24.4,24.43,10500.0,1999200.0,1898400.0,10500.0,0,0
,,,,,,97,2026-02-01 05:38:02.409594,ATMN,24.55,24.55,24.7,,1951700.0,1737300.0,7000.0,0,0
,,,,,,97,2026-02-01 05:38:02.409594,WNTR,25.71,25.65,25.68,7000.0,1903400.0,2084100.0,3500.0,0,0
2.0,1.0,1.0,,Aggregate Position Limit,Your CRO has set the aggregate position limit to 8000 shares for this week.,98,2026-02-01 05:38:03.435543,SPNG,23.98,23.74,23.98,10500.0,1973000.0,2152100.0,3500.0,0,0
1.0,1.0,1.0,,Welcome to the RITC 2026 Alogithmic Market Making Case - practice server,,98,2026-02-01 05:38:03.435543,SMMR,24.43,24.4,24.43,10500.0,1999200.0,1898400.0,10500.0,0,0
,,,,,,98,2026-02-01 05:38:03.435543,ATMN,24.55,24.64,24.69,3500.0,2137600.0,1668900.0,10500.0,0,0
,,,,,,98,2026-02-01 05:38:03.435543,WNTR,25.54,25.54,25.69,,2092200.0,2177700.0,,0,0
2.0,1.0,1.0,,Aggregate Position Limit,Your CRO has set the aggregate position limit to 8000 shares for this week.,99,2026-02-01 05:38:04.486522,SPNG,23.71,23.71,24.13,2278400.0,3500.0,2261300.0,,0,0
1.0,1.0,1.0,,Welcome to the RITC 2026 Alogithmic Market Making Case - practice server,,99,2026-02-01 05:38:04.486522,SMMR,24.44,24.36,24.44,2112100.0,7000.0,1894900.0,10500.0,0,0
,,,,,,99,2026-02-01 05:38:04.486522,ATMN,24.69,24.64,24.69,2137600.0,3500.0,1768200.0,7000.0,0,0
,,,,,,99,2026-02-01 05:38:04.486522,WNTR,25.7,25.62,25.7,2018600.0,3500.0,2171300.0,,0,0
2.0,1.0,1.0,,Aggregate Position Limit,Your CRO has set the aggregate position limit to 8000 shares for this week.,100,2026-02-01 05:38:05.523511,SPNG,23.55,23.55,24.12,2427700.0,3500.0,2137400.0,,0,0
1.0,1.0,1.0,,Welcome to the RITC 2026 Alogithmic Market Making Case - practice server,,100,2026-02-01 05:38:05.523511,SMMR,24.44,24.37,24.43,1994400.0,14000.0,1799300.0,10500.0,0,0
,,,,,,100,2026-02-01 05:38:05.523511,ATMN,24.5,24.5,24.69,1845000.0,7000.0,1768200.0,,0,0
,,,,,,100,2026-02-01 05:38:05.523511,WNTR,25.71,25.59,25.71,2109100.0,,2155600.0,,0,0
2.0,1.0,1.0,,Aggregate Position Limit,Your CRO has set the aggregate position limit to 8000 shares for this week.,101,2026-02-01 05:38:06.571490,SPNG,23.55,23.55,23.76,2415900.0,2161300.0,3500.0,,0,0
1.0,1.0,1.0,,Welcome to the RITC 2026 Alogithmic Market Making Case - practice server,,101,2026-02-01 05:38:06.571490,SMMR,24.49,24.37,24.49,1994400.0,2115200.0,3500.0,10500.0,0,0
,,,,,,101,2026-02-01 05:38:06.571490,ATMN,24.7,24.49,24.7,1857400.0,1851600.0,3500.0,,0,0
,,,,,,101,2026-02-01 05:38:06.571490,WNTR,25.71,25.6,25.7,1992800.0,2052000.0,3500.0,3500.0,0,0
2.0,1.0,1.0,,Aggregate Position Limit,Your CRO has set the aggregate position limit to 8000 shares for this week.,102,2026-02-01 05:38:07.588910,SPNG,24.06,23.56,23.67,3500.0,2239400.0,2164400.0,3500.0,0,0
1.0,1.0,1.0,,Welcome to the RITC 2026 Alogithmic Market Making Case - practice server,,102,2026-02-01 05:38:07.588910,SMMR,24.49,24.46,24.49,17500.0,1861100.0,2123300.0,3500.0,0,0
,,,,,,102,2026-02-01 05:38:07.588910,ATMN,24.71,24.5,24.71,3500.0,1857400.0,1838800.0,3500.0,0,0
,,,,,,102,2026-02-01 05:38:07.588910,WNTR,25.54,25.59,25.7,,2116300.0,2052000.0,3500.0,0,0
2.0,1.0,1.0,,Aggregate Position Limit,Your CRO has set the aggregate position limit to 8000 shares for this week.,103,2026-02-01 05:38:08.622945,SPNG,23.7,23.57,23.7,7000.0,2122500.0,2249900.0,,0,0
1.0,1.0,1.0,,Welcome to the RITC 2026 Alogithmic Market Making Case - practice server,,103,2026-02-01 05:38:08.622945,SMMR,24.49,24.46,24.49,17500.0,1861100.0,2090700.0,3500.0,0,0
,,,,,,103,2026-02-01 05:38:08.622945,ATMN,24.71,24.5,24.71,3500.0,1857400.0,1838800.0,3500.0,0,0
,,,,,,103,2026-02-01 05:38:08.622945,WNTR,25.64,25.59,25.64,,2116300.0,2078300.0,3500.0,0,0
2.0,1.0,1.0,,Aggregate Position Limit,Your CRO has set the aggregate position limit to 8000 shares for this week.,104,2026-02-01 05:38:09.643820,SPNG,23.7,23.75,23.78,2133600.0,7000.0,2233700.0,,0,0
1.0,1.0,1.0,,Welcome to the RITC 2026 Alogithmic Market Making Case - practice server,,104,2026-02-01 05:38:09.643820,SMMR,24.46,24.48,24.49,1829600.0,17500.0,2097100.0,3500.0,0,0
,,,,,,104,2026-02-01 05:38:09.643820,ATMN,24.41,24.42,24.7,1845700.0,3500.0,1744300.0,7000.0,0,0
,,,,,,104,2026-02-01 05:38:09.643820,WNTR,25.68,25.68,25.69,2012400.0,3500.0,2060000.0,3500.0,0,0
2.0,1.0,1.0,,Aggregate Position Limit,Your CRO has set the aggregate position limit to 8000 shares for this week.,105,2026-02-01 05:38:10.680118,SPNG,23.75,23.75,24.13,2133600.0,7000.0,3500.0,2135900.0,0,0
1.0,1.0,1.0,,Welcome to the RITC 2026 Alogithmic Market Making Case - practice server,,105,2026-02-01 05:38:10.680118,SMMR,24.36,24.36,24.5,2125100.0,7000.0,3500.0,2095800.0,0,0
,,,,,,105,2026-02-01 05:38:10.680118,ATMN,24.71,24.36,24.71,1848600.0,3500.0,3500.0,1838400.0,0,0
,,,,,,105,2026-02-01 05:38:10.680118,WNTR,25.74,25.64,25.74,2146400.0,,,2168000.0,0,0
2.0,1.0,1.0,,Aggregate Position Limit,Your CRO has set the aggregate position limit to 8000 shares for this week.,106,2026-02-01 05:38:11.712970,SPNG,23.55,23.56,24.16,3500.0,2246200.0,2244200.0,,0,0
1.0,1.0,1.0,,Welcome to the RITC 2026 Alogithmic Market Making Case - practice server,,106,2026-02-01 05:38:11.712970,SMMR,24.36,24.36,24.37,7000.0,2125100.0,2108100.0,3500.0,0,0
,,,,,,106,2026-02-01 05:38:11.712970,ATMN,24.62,24.36,24.62,3500.0,1939300.0,1860700.0,3500.0,0,0
,,,,,,106,2026-02-01 05:38:11.712970,WNTR,25.67,25.65,25.67,3500.0,2028100.0,2082600.0,3500.0,0,0
2.0,1.0,1.0,,Aggregate Position Limit,Your CRO has set the aggregate position limit to 8000 shares for this week.,107,2026-02-01 05:38:12.745728,SPNG,24.17,23.81,24.17,2240500.0,3500.0,2229400.0,,0,0
1.0,1.0,1.0,,Welcome to the RITC 2026 Alogithmic Market Making Case - practice server,,107,2026-02-01 05:38:12.745728,SMMR,24.37,24.43,24.5,2262500.0,3500.0,2095800.0,3500.0,0,0
,,,,,,107,2026-02-01 05:38:12.745728,ATMN,24.48,24.27,24.48,1740100.0,3500.0,1773800.0,7000.0,0,0
,,,,,,107,2026-02-01 05:38:12.745728,WNTR,25.65,25.64,25.65,2154400.0,,2065500.0,3500.0,0,0
2.0,1.0,1.0,,Aggregate Position Limit,Your CRO has set the aggregate position limit to 8000 shares for this week.,108,2026-02-01 05:38:13.779533,SPNG,24.07,23.82,23.98,7000.0,2122200.0,2147000.0,3500.0,0,0
1.0,1.0,1.0,,Welcome to the RITC 2026 Alogithmic Market Making Case - practice server,,108,2026-02-01 05:38:13.779533,SMMR,24.37,24.44,24.49,7000.0,2149400.0,1949900.0,7000.0,0,0
,,,,,,108,2026-02-01 05:38:13.779533,ATMN,24.23,24.23,24.48,,1541000.0,1783300.0,7000.0,0,0
,,,,,,108,2026-02-01 05:38:13.779533,WNTR,25.74,25.7,25.74,,2145200.0,2151700.0,,0,0
2.0,1.0,1.0,,Aggregate Position Limit,Your CRO has set the aggregate position limit to 8000 shares for this week.,109,2026-02-01 05:38:14.816836,SPNG,23.81,23.97,24.19,2092600.0,7000.0,3500.0,2080900.0,0,0
1.0,1.0,1.0,,Welcome to the RITC 2026 Alogithmic Market Making Case - practice server,,109,2026-02-01 05:38:14.816836,SMMR,24.43,24.43,24.5,2262500.0,3500.0,3500.0,2061100.0,0,0
,,,,,,109,2026-02-01 05:38:14.816836,ATMN,24.62,24.63,24.71,1641900.0,,3500.0,1852600.0,0,0
,,,,,,109,2026-02-01 05:38:14.816836,WNTR,25.75,25.7,25.75,2201100.0,,,2141700.0,0,0
2.0,1.0,1.0,,Aggregate Position Limit,Your CRO has set the aggregate position limit to 8000 shares for this week.,110,2026-02-01 05:38:15.852408,SPNG,24.24,23.83,24.19,7000.0,2122200.0,2193400.0,,0,0
1.0,1.0,1.0,,Welcome to the RITC 2026 Alogithmic Market Making Case - practice server,,110,2026-02-01 05:38:15.852408,SMMR,24.33,24.33,24.49,3500.0,2242200.0,1971400.0,7000.0,0,0
,,,,,,110,2026-02-01 05:38:15.852408,ATMN,24.63,24.23,24.36,,1660100.0,1774300.0,7000.0,0,0
,,,,,,110,2026-02-01 05:38:15.852408,WNTR,25.68,25.68,25.71,,2173000.0,2154700.0,,0,0
2.0,1.0,1.0,,Aggregate Position Limit,Your CRO has set the aggregate position limit to 8000 shares for this week.,111,2026-02-01 05:38:16.897616,SPNG,23.53,23.53,24.19,2401200.0,2089600.0,3500.0,,0,0
1.0,1.0,1.0,,Welcome to the RITC 2026 Alogithmic Market Making Case - practice server,,111,2026-02-01 05:38:16.897616,SMMR,24.33,24.34,24.35,2125400.0,1890800.0,10500.0,7000.0,0,0
,,,,,,111,2026-02-01 05:38:16.897616,ATMN,24.36,24.53,24.7,1962000.0,1748800.0,7000.0,3500.0,0,0
,,,,,,111,2026-02-01 05:38:16.897616,WNTR,25.75,25.68,25.75,2173000.0,2158400.0,,,0,0
2.0,1.0,1.0,,Aggregate Position Limit,Your CRO has set the aggregate position limit to 8000 shares for this week.,112,2026-02-01 05:38:17.935279,SPNG,24.13,24.13,24.19,2260400.0,3500.0,2103000.0,3500.0,0,0
1.0,1.0,1.0,,Welcome to the RITC 2026 Alogithmic Market Making Case - practice server,,112,2026-02-01 05:38:17.935279,SMMR,24.33,24.34,24.35,2121900.0,7000.0,1889500.0,10500.0,0,0
,,,,,,112,2026-02-01 05:38:17.935279,ATMN,24.53,24.24,24.29,1863200.0,3500.0,1784600.0,7000.0,0,0
,,,,,,112,2026-02-01 05:38:17.935279,WNTR,25.75,25.72,25.75,2114600.0,3500.0,2158400.0,,0,0
2.0,1.0,1.0,,Aggregate Position Limit,Your CRO has set the aggregate position limit to 8000 shares for this week.,113,2026-02-01 05:38:18.976103,SPNG,23.53,23.95,24.19,2262700.0,3500.0,2103000.0,3500.0,0,0
1.0,1.0,1.0,,Welcome to the RITC 2026 Alogithmic Market Making Case - practice server,,113,2026-02-01 05:38:18.976103,SMMR,24.33,24.33,24.35,2249800.0,3500.0,1889500.0,10500.0,0,0
,,,,,,113,2026-02-01 05:38:18.976103,ATMN,24.71,24.25,24.28,2062900.0,7000.0,1778000.0,7000.0,0,0
,,,,,,113,2026-02-01 05:38:18.976103,WNTR,25.76,25.72,25.76,2146300.0,3500.0,2142700.0,,0,0
2.0,1.0,1.0,,Aggregate Position Limit,Your CRO has set the aggregate position limit to 8000 shares for this week.,114,2026-02-01 05:38:20.007809,SPNG,23.95,23.54,23.58,3500.0,2264200.0,2027700.0,7000.0,0,0
1.0,1.0,1.0,,Welcome to the RITC 2026 Alogithmic Market Making Case - practice server,,114,2026-02-01 05:38:20.007809,SMMR,24.32,24.32,24.35,,2318100.0,1889500.0,10500.0,0,0
,,,,,,114,2026-02-01 05:38:20.007809,ATMN,24.23,24.23,24.71,,2232000.0,1863300.0,3500.0,0,0
,,,,,,114,2026-02-01 05:38:20.007809,WNTR,25.8,25.8,25.84,7000.0,2038400.0,2127300.0,,0,0
2.0,1.0,1.0,,Aggregate Position Limit,Your CRO has set the aggregate position limit to 8000 shares for this week.,115,2026-02-01 05:38:21.039453,SPNG,23.58,24.12,24.13,2277600.0,3500.0,2009200.0,7000.0,0,0
1.0,1.0,1.0,,Welcome to the RITC 2026 Alogithmic Market Making Case - practice server,,115,2026-02-01 05:38:21.039453,SMMR,24.3,24.3,24.35,2306100.0,,1847400.0,10500.0,0,0
,,,,,,115,2026-02-01 05:38:21.039453,ATMN,24.23,24.58,24.7,2145800.0,3500.0,1756100.0,7000.0,0,0
,,,,,,115,2026-02-01 05:38:21.039453,WNTR,25.84,25.74,25.84,2048900.0,10500.0,2061900.0,3500.0,0,0
2.0,1.0,1.0,,Aggregate Position Limit,Your CRO has set the aggregate position limit to 8000 shares for this week.,116,2026-02-01 05:38:22.100062,SPNG,24.12,23.84,23.9,2264900.0,3500.0,2036200.0,7000.0,0,0
1.0,1.0,1.0,,Welcome to the RITC 2026 Alogithmic Market Making Case - practice server,,116,2026-02-01 05:38:22.100062,SMMR,24.35,24.39,24.43,2201700.0,3500.0,1963600.0,7000.0,0,0
,,,,,,116,2026-02-01 05:38:22.100062,ATMN,24.17,24.17,24.62,2141900.0,,1848300.0,3500.0,0,0
,,,,,,116,2026-02-01 05:38:22.100062,WNTR,25.71,25.76,25.83,2036200.0,7000.0,1947000.0,7000.0,0,0
2.0,1.0,1.0,,Aggregate Position Limit,Your CRO has set the aggregate position limit to 8000 shares for this week.,117,2026-02-01 05:38:23.158993,SPNG,23.85,23.53,23.72,2372200.0,1994300.0,7000.0,,0,0
1.0,1.0,1.0,,Welcome to the RITC 2026 Alogithmic Market Making Case - practice server,,117,2026-02-01 05:38:23.158993,SMMR,24.31,24.31,24.43,2308700.0,1963600.0,7000.0,,0,0
,,,,,,117,2026-02-01 05:38:23.158993,ATMN,24.54,24.54,24.62,2168700.0,1869400.0,3500.0,3500.0,0,0
,,,,,,117,2026-02-01 05:38:23.158993,WNTR,25.85,25.76,25.82,2036200.0,2033400.0,3500.0,7000.0,0,0
2.0,1.0,1.0,,Aggregate Position Limit,Your CRO has set the aggregate position limit to 8000 shares for this week.,118,2026-02-01 05:38:24.191227,SPNG,23.53,23.53,23.72,2348300.0,2221600.0,0,0,0,0
1.0,1.0,1.0,,Welcome to the RITC 2026 Alogithmic Market Making Case - practice server,,118,2026-02-01 05:38:24.191227,SMMR,24.31,24.31,24.41,2315200.0,2147400.0,0,0,0,0
,,,,,,118,2026-02-01 05:38:24.191227,ATMN,24.54,24.17,24.23,2356200.0,1983100.0,0,0,0,0
,,,,,,118,2026-02-01 05:38:24.191227,WNTR,25.87,25.84,25.87,2240000.0,2119400.0,0,0,0,0
2.0,1.0,1.0,,Aggregate Position Limit,Your CRO has set the aggregate position limit to 8000 shares for this week.,119,2026-02-01 05:38:25.227830,SPNG,24.19,23.91,24.19,2341400.0,2263800.0,0,0,0,0
1.0,1.0,1.0,,Welcome to the RITC 2026 Alogithmic Market Making Case - practice server,,119,2026-02-01 05:38:25.227830,SMMR,24.33,24.33,24.5,2333500.0,2199400.0,0,0,0,0
,,,,,,119,2026-02-01 05:38:25.227830,ATMN,24.23,24.17,24.23,2254400.0,1983100.0,0,0,0,0
,,,,,,119,2026-02-01 05:38:25.227830,WNTR,25.87,25.84,25.87,2212100.0,2104900.0,0,0,0,0
2.0,1.0,1.0,,Aggregate Position Limit,Your CRO has set the aggregate position limit to 8000 shares for this week.,120,2026-02-01 05:38:26.257282,SPNG,25.39,25.39,26.06,1052300.0,857300.0,0,0,0,0
1.0,1.0,1.0,,Welcome to the RITC 2026 Alogithmic Market Making Case - practice server,,120,2026-02-01 05:38:26.257282,SMMR,24.33,24.11,24.53,879600.0,917200.0,0,0,0,0
,,,,,,120,2026-02-01 05:38:26.257282,ATMN,24.23,24.39,25.07,908000.0,849900.0,0,0,0,0
,,,,,,120,2026-02-01 05:38:26.257282,WNTR,25.63,25.63,25.79,936700.0,956900.0,0,0,0,0
2.0,1.0,1.0,,Aggregate Position Limit,Your CRO has set the aggregate position limit to 8000 shares for this week.,121,2026-02-01 05:38:27.280131,SPNG,25.39,24.62,25.13,1066700.0,1141000.0,3500.0,,0,0
1.0,1.0,1.0,,Welcome to the RITC 2026 Alogithmic Market Making Case - practice server,,121,2026-02-01 05:38:27.280131,SMMR,24.33,24.12,24.17,879600.0,1368800.0,,3500.0,0,0
,,,,,,121,2026-02-01 05:38:27.280131,ATMN,24.23,24.39,24.64,908000.0,1264400.0,,,0,0
,,,,,,121,2026-02-01 05:38:27.280131,WNTR,25.63,25.63,25.72,936700.0,1253600.0,,,0,0
2.0,1.0,1.0,,Aggregate Position Limit,Your CRO has set the aggregate position limit to 8000 shares for this week.,122,2026-02-01 05:38:28.297063,SPNG,25.43,24.68,25.18,1177000.0,1137800.0,3500.0,0,0,0
1.0,1.0,1.0,,Welcome to the RITC 2026 Alogithmic Market Making Case - practice server,,122,2026-02-01 05:38:28.297063,SMMR,24.11,24.05,24.06,859700.0,1603100.0,3500.0,0,0,0
,,,,,,122,2026-02-01 05:38:28.297063,ATMN,24.39,24.39,24.44,908000.0,1469600.0,3500.0,0,0,0
,,,,,,122,2026-02-01 05:38:28.297063,WNTR,25.47,25.47,25.67,961400.0,1456700.0,3500.0,0,0,0
2.0,1.0,1.0,,Aggregate Position Limit,Your CRO has set the aggregate position limit to 8000 shares for this week.,123,2026-02-01 05:38:29.317143,SPNG,25.57,25.57,25.59,1287600.0,3500.0,1376900.0,3500.0,0,0
1.0,1.0,1.0,,Welcome to the RITC 2026 Alogithmic Market Making Case - practice server,,123,2026-02-01 05:38:29.317143,SMMR,24.05,23.75,23.97,876800.0,,1965000.0,3500.0,0,0
,,,,,,123,2026-02-01 05:38:29.317143,ATMN,23.64,23.94,24.24,918700.0,,1687600.0,3500.0,0,0
,,,,,,123,2026-02-01 05:38:29.317143,WNTR,25.44,25.44,25.68,1046500.0,3500.0,1456700.0,,0,0
2.0,1.0,1.0,,Aggregate Position Limit,Your CRO has set the aggregate position limit to 8000 shares for this week.,124,2026-02-01 05:38:30.348015,SPNG,25.03,25.03,25.59,1290400.0,3500.0,1492300.0,3500.0,0,0
1.0,1.0,1.0,,Welcome to the RITC 2026 Alogithmic Market Making Case - practice server,,124,2026-02-01 05:38:30.348015,SMMR,23.56,23.56,23.6,960700.0,,2006300.0,7000.0,0,0
,,,,,,124,2026-02-01 05:38:30.348015,ATMN,24.18,24.06,24.1,1017500.0,3500.0,1785400.0,3500.0,0,0
,,,,,,124,2026-02-01 05:38:30.348015,WNTR,25.44,25.44,25.52,1159300.0,3500.0,1576100.0,,0,0
2.0,1.0,1.0,,Aggregate Position Limit,Your CRO has set the aggregate position limit to 8000 shares for this week.,125,2026-02-01 05:38:31.384321,SPNG,25.32,25.04,25.21,7000.0,1518900.0,7000.0,1588000.0,0,0
1.0,1.0,1.0,,Welcome to the RITC 2026 Alogithmic Market Making Case - practice server,,125,2026-02-01 05:38:31.384321,SMMR,23.6,23.38,23.39,,981600.0,7000.0,2014000.0,0,0
,,,,,,125,2026-02-01 05:38:31.384321,ATMN,24.1,24.18,24.24,,1021200.0,3500.0,1780100.0,0,0
,,,,,,125,2026-02-01 05:38:31.384321,WNTR,25.51,25.56,25.68,7000.0,1251900.0,,1573200.0,0,0
2.0,1.0,1.0,,Aggregate Position Limit,Your CRO has set the aggregate position limit to 8000 shares for this week.,126,2026-02-01 05:38:32.417335,SPNG,25.32,25.04,25.21,7000.0,1907200.0,7000.0,1588000.0,0,0
1.0,1.0,1.0,,Welcome to the RITC 2026 Alogithmic Market Making Case - practice server,,126,2026-02-01 05:38:32.417335,SMMR,23.59,23.59,23.6,,1213700.0,7000.0,2006300.0,0,0
,,,,,,126,2026-02-01 05:38:32.417335,ATMN,24.24,24.18,24.24,,1021200.0,3500.0,1889900.0,0,0
,,,,,,126,2026-02-01 05:38:32.417335,WNTR,25.56,25.56,25.67,10500.0,1364000.0,3500.0,1573200.0,0,0
2.0,1.0,1.0,,Aggregate Position Limit,Your CRO has set the aggregate position limit to 8000 shares for this week.,127,2026-02-01 05:38:33.445438,SPNG,25.59,25.22,25.41,2131500.0,10500.0,1586500.0,7000.0,0,0
1.0,1.0,1.0,,Welcome to the RITC 2026 Alogithmic Market Making Case - practice server,,127,2026-02-01 05:38:33.445438,SMMR,23.39,23.38,23.39,1113800.0,,1935700.0,10500.0,0,0
,,,,,,127,2026-02-01 05:38:33.445438,ATMN,24.24,24.18,24.24,1021200.0,,1888700.0,3500.0,0,0
,,,,,,127,2026-02-01 05:38:33.445438,WNTR,25.45,25.44,25.45,1508900.0,3500.0,1701100.0,3500.0,0,0
2.0,1.0,1.0,,Aggregate Position Limit,Your CRO has set the aggregate position limit to 8000 shares for this week.,128,2026-02-01 05:38:34.520817,SPNG,25.48,25.48,25.58,1870700.0,14000.0,7000.0,1615300.0,0,0
1.0,1.0,1.0,,Welcome to the RITC 2026 Alogithmic Market Making Case - practice server,,128,2026-02-01 05:38:34.520817,SMMR,23.39,23.51,23.72,1513600.0,3500.0,10500.0,1902900.0,0,0
,,,,,,128,2026-02-01 05:38:34.520817,ATMN,24.11,23.94,24.11,918700.0,,7000.0,1827600.0,0,0
,,,,,,128,2026-02-01 05:38:34.520817,WNTR,25.62,25.62,25.66,1601900.0,3500.0,3500.0,1664300.0,0,0
2.0,1.0,1.0,,Aggregate Position Limit,Your CRO has set the aggregate position limit to 8000 shares for this week.,130,2026-02-01 05:38:35.557454,SPNG,25.22,25.22,25.58,2082900.0,10500.0,7000.0,1813000.0,0,0
1.0,1.0,1.0,,Welcome to the RITC 2026 Alogithmic Market Making Case - practice server,,130,2026-02-01 05:38:35.557454,SMMR,23.39,23.58,23.66,1631000.0,3500.0,17500.0,1800000.0,0,0
,,,,,,130,2026-02-01 05:38:35.557454,ATMN,24.28,23.95,24.28,918700.0,3500.0,3500.0,1883000.0,0,0
,,,,,,130,2026-02-01 05:38:35.557454,WNTR,25.62,25.62,25.65,1809700.0,3500.0,3500.0,1787600.0,0,0
2.0,1.0,1.0,,Aggregate Position Limit,Your CRO has set the aggregate position limit to 8000 shares for this week.,131,2026-02-01 05:38:36.604491,SPNG,25.67,25.23,25.67,14000.0,1912300.0,1706900.0,3500.0,0,0
1.0,1.0,1.0,,Welcome to the RITC 2026 Alogithmic Market Making Case - practice server,,131,2026-02-01 05:38:36.604491,SMMR,23.51,23.51,23.65,3500.0,1513600.0,1785800.0,17500.0,0,0
,,,,,,131,2026-02-01 05:38:36.604491,ATMN,24.31,23.96,24.27,3500.0,924100.0,1779700.0,7000.0,0,0
,,,,,,131,2026-02-01 05:38:36.604491,WNTR,25.62,25.53,25.62,3500.0,1910900.0,1887000.0,3500.0,0,0
2.0,1.0,1.0,,Aggregate Position Limit,Your CRO has set the aggregate position limit to 8000 shares for this week.,132,2026-02-01 05:38:37.640082,SPNG,25.39,25.04,25.14,7000.0,2257300.0,1822700.0,7000.0,0,0
1.0,1.0,1.0,,Welcome to the RITC 2026 Alogithmic Market Making Case - practice server,,132,2026-02-01 05:38:37.640082,SMMR,23.48,23.48,23.59,3500.0,1508800.0,1793200.0,17500.0,0,0
,,,,,,132,2026-02-01 05:38:37.640082,ATMN,24.31,24.18,24.27,3500.0,1122900.0,1808000.0,7000.0,0,0
,,,,,,132,2026-02-01 05:38:37.640082,WNTR,25.59,25.54,25.59,7000.0,1910900.0,1891200.0,7000.0,0,0
2.0,1.0,1.0,,Aggregate Position Limit,Your CRO has set the aggregate position limit to 8000 shares for this week.,133,2026-02-01 05:38:38.668999,SPNG,25.77,25.03,25.77,2257300.0,3500.0,1583900.0,3500.0,0,0
1.0,1.0,1.0,,Welcome to the RITC 2026 Alogithmic Market Making Case - practice server,,133,2026-02-01 05:38:38.668999,SMMR,23.75,23.48,23.75,1508800.0,3500.0,2007600.0,7000.0,0,0
,,,,,,133,2026-02-01 05:38:38.668999,ATMN,24.33,24.19,24.32,1463700.0,7000.0,1796600.0,7000.0,0,0
,,,,,,133,2026-02-01 05:38:38.668999,WNTR,25.56,25.56,25.59,2005600.0,7000.0,1873900.0,7000.0,0,0
2.0,1.0,1.0,,Aggregate Position Limit,Your CRO has set the aggregate position limit to 8000 shares for this week.,134,2026-02-01 05:38:39.694624,SPNG,25.77,25.04,25.35,7000.0,2217400.0,1671200.0,7000.0,0,0
1.0,1.0,1.0,,Welcome to the RITC 2026 Alogithmic Market Making Case - practice server,,134,2026-02-01 05:38:39.694624,SMMR,23.57,23.57,23.74,7000.0,1630300.0,1901300.0,10500.0,0,0
,,,,,,134,2026-02-01 05:38:39.694624,ATMN,24.18,24.18,24.31,3500.0,1365800.0,1731100.0,10500.0,0,0
,,,,,,134,2026-02-01 05:38:39.694624,WNTR,25.57,25.57,25.64,7000.0,2003800.0,1948200.0,3500.0,0,0
2.0,1.0,1.0,,Aggregate Position Limit,Your CRO has set the aggregate position limit to 8000 shares for this week.,135,2026-02-01 05:38:40.723499,SPNG,25.35,25.13,25.35,2346100.0,3500.0,1671200.0,7000.0,0,0
1.0,1.0,1.0,,Welcome to the RITC 2026 Alogithmic Market Making Case - practice server,,135,2026-02-01 05:38:40.723499,SMMR,23.47,23.54,23.66,1596800.0,,1886400.0,10500.0,0,0
,,,,,,135,2026-02-01 05:38:40.723499,ATMN,24.18,24.18,24.2,1365800.0,3500.0,1761800.0,10500.0,0,0
,,,,,,135,2026-02-01 05:38:40.723499,WNTR,25.63,25.63,25.65,1905400.0,10500.0,1963800.0,3500.0,0,0
2.0,1.0,1.0,,Aggregate Position Limit,Your CRO has set the aggregate position limit to 8000 shares for this week.,136,2026-02-01 05:38:41.746334,SPNG,25.13,24.99,25.02,2320600.0,3500.0,1597600.0,7000.0,0,0
1.0,1.0,1.0,,Welcome to the RITC 2026 Alogithmic Market Making Case - practice server,,136,2026-02-01 05:38:41.746334,SMMR,23.45,23.45,23.57,1588800.0,,1879100.0,10500.0,0,0
,,,,,,136,2026-02-01 05:38:41.746334,ATMN,24.0,24.01,24.2,1378400.0,3500.0,1666000.0,14000.0,0,0
,,,,,,136,2026-02-01 05:38:41.746334,WNTR,25.65,25.63,25.65,1904100.0,10500.0,1861500.0,3500.0,0,0
2.0,1.0,1.0,,Aggregate Position Limit,Your CRO has set the aggregate position limit to 8000 shares for this week.,137,2026-02-01 05:38:42.777056,SPNG,25.34,25.4,25.87,2263300.0,3500.0,1581100.0,3500.0,0,0
1.0,1.0,1.0,,Welcome to the RITC 2026 Alogithmic Market Making Case - practice server,,137,2026-02-01 05:38:42.777056,SMMR,23.58,23.46,23.54,1688900.0,3500.0,1920500.0,10500.0,0,0
,,,,,,137,2026-02-01 05:38:42.777056,ATMN,24.0,24.01,24.15,1378400.0,7000.0,1579800.0,21000.0,0,0
,,,,,,137,2026-02-01 05:38:42.777056,WNTR,25.68,25.63,25.68,1886600.0,10500.0,1658800.0,,0,0
2.0,1.0,1.0,,Aggregate Position Limit,Your CRO has set the aggregate position limit to 8000 shares for this week.,138,2026-02-01 05:38:43.798088,SPNG,25.34,25.41,25.72,7000.0,2135300.0,1766900.0,7000.0,0,0
1.0,1.0,1.0,,Welcome to the RITC 2026 Alogithmic Market Making Case - practice server,,138,2026-02-01 05:38:43.798088,SMMR,23.54,23.47,23.53,7000.0,1809400.0,1835300.0,14000.0,0,0
,,,,,,138,2026-02-01 05:38:43.798088,ATMN,24.15,24.01,24.02,7000.0,1378400.0,1576200.0,21000.0,0,0
,,,,,,138,2026-02-01 05:38:43.798088,WNTR,25.68,25.6,25.68,10500.0,1922000.0,1544000.0,,0,0
2.0,1.0,1.0,,Aggregate Position Limit,Your CRO has set the aggregate position limit to 8000 shares for this week.,139,2026-02-01 05:38:44.831059,SPNG,25.4,25.41,25.52,7000.0,2135300.0,10500.0,1720300.0,0,0
1.0,1.0,1.0,,Welcome to the RITC 2026 Alogithmic Market Making Case - practice server,,139,2026-02-01 05:38:44.831059,SMMR,23.54,23.47,23.53,7000.0,1809400.0,10500.0,1918000.0,0,0
,,,,,,139,2026-02-01 05:38:44.831059,ATMN,24.02,24.06,24.15,7000.0,1495600.0,21000.0,1583200.0,0,0
,,,,,,139,2026-02-01 05:38:44.831059,WNTR,25.57,25.62,25.68,14000.0,1874300.0,3500.0,1638400.0,0,0
2.0,1.0,1.0,,Aggregate Position Limit,Your CRO has set the aggregate position limit to 8000 shares for this week.,140,2026-02-01 05:38:45.873503,SPNG,24.99,25.42,25.51,7000.0,2179000.0,14000.0,1621200.0,0,0
1.0,1.0,1.0,,Welcome to the RITC 2026 Alogithmic Market Making Case - practice server,,140,2026-02-01 05:38:45.873503,SMMR,23.53,23.55,23.56,7000.0,2168400.0,10500.0,1958000.0,0,0
,,,,,,140,2026-02-01 05:38:45.873503,ATMN,24.13,24.01,24.13,7000.0,1378400.0,28000.0,1487200.0,0,0
,,,,,,140,2026-02-01 05:38:45.873503,WNTR,25.66,25.66,25.72,14000.0,1841100.0,,1433600.0,0,0
2.0,1.0,1.0,,Aggregate Position Limit,Your CRO has set the aggregate position limit to 8000 shares for this week.,141,2026-02-01 05:38:46.919963,SPNG,25.03,24.99,25.03,2290800.0,3500.0,1651100.0,14000.0,0,0
1.0,1.0,1.0,,Welcome to the RITC 2026 Alogithmic Market Making Case - practice server,,141,2026-02-01 05:38:46.919963,SMMR,23.45,23.45,23.56,1951600.0,,1962200.0,10500.0,0,0
,,,,,,141,2026-02-01 05:38:46.919963,ATMN,23.82,23.82,24.11,1182200.0,,1384700.0,35000.0,0,0
,,,,,,141,2026-02-01 05:38:46.919963,WNTR,25.63,25.63,25.72,1847000.0,14000.0,1643900.0,3500.0,0,0
2.0,1.0,1.0,,Aggregate Position Limit,Your CRO has set the aggregate position limit to 8000 shares for this week.,142,2026-02-01 05:38:47.945250,SPNG,25.53,24.99,25.53,2290800.0,3500.0,1911900.0,3500.0,0,0
1.0,1.0,1.0,,Welcome to the RITC 2026 Alogithmic Market Making Case - practice server,,142,2026-02-01 05:38:47.945250,SMMR,23.38,23.52,23.55,1959100.0,,1965000.0,10500.0,0,0
,,,,,,142,2026-02-01 05:38:47.945250,ATMN,24.2,23.82,24.2,1182200.0,3500.0,1697400.0,14000.0,0,0
,,,,,,142,2026-02-01 05:38:47.945250,WNTR,25.65,25.66,25.72,1762900.0,17500.0,1643900.0,3500.0,0,0
2.0,1.0,1.0,,Aggregate Position Limit,Your CRO has set the aggregate position limit to 8000 shares for this week.,143,2026-02-01 05:38:48.984604,SPNG,25.18,25.07,25.17,2237500.0,3500.0,7000.0,1821800.0,0,0
1.0,1.0,1.0,,Welcome to the RITC 2026 Alogithmic Market Making Case - practice server,,143,2026-02-01 05:38:48.984604,SMMR,23.58,23.53,23.58,2056100.0,3500.0,7000.0,2067100.0,0,0
,,,,,,143,2026-02-01 05:38:48.984604,ATMN,23.64,24.14,24.2,1201700.0,,14000.0,1697400.0,0,0
,,,,,,143,2026-02-01 05:38:48.984604,WNTR,25.59,25.6,25.71,1970600.0,7000.0,7000.0,1744500.0,0,0
2.0,1.0,1.0,,Aggregate Position Limit,Your CRO has set the aggregate position limit to 8000 shares for this week.,144,2026-02-01 05:38:50.014388,SPNG,25.18,25.39,25.53,2138900.0,3500.0,1927500.0,3500.0,0,0
1.0,1.0,1.0,,Welcome to the RITC 2026 Alogithmic Market Making Case - practice server,,144,2026-02-01 05:38:50.014388,SMMR,23.52,23.52,23.57,2186500.0,,1997700.0,10500.0,0,0
,,,,,,144,2026-02-01 05:38:50.014388,ATMN,24.14,24.14,24.19,1201700.0,,1673400.0,14000.0,0,0
,,,,,,144,2026-02-01 05:38:50.014388,WNTR,25.76,25.72,25.75,1878500.0,10500.0,1652100.0,3500.0,0,0
2.0,1.0,1.0,,Aggregate Position Limit,Your CRO has set the aggregate position limit to 8000 shares for this week.,145,2026-02-01 05:38:51.057113,SPNG,25.01,25.01,25.52,2208900.0,3500.0,7000.0,1836700.0,0,0
1.0,1.0,1.0,,Welcome to the RITC 2026 Alogithmic Market Making Case - practice server,,145,2026-02-01 05:38:51.057113,SMMR,23.5,23.47,23.5,1928200.0,,10500.0,2036800.0,0,0
,,,,,,145,2026-02-01 05:38:51.057113,ATMN,24.14,23.88,23.97,1382300.0,3500.0,14000.0,1682900.0,0,0
,,,,,,145,2026-02-01 05:38:51.057113,WNTR,25.78,25.72,25.78,1869500.0,10500.0,,1578600.0,0,0
2.0,1.0,1.0,,Aggregate Position Limit,Your CRO has set the aggregate position limit to 8000 shares for this week.,146,2026-02-01 05:38:52.092601,SPNG,24.99,25.01,25.52,2218400.0,3500.0,7000.0,1836700.0,0,0
1.0,1.0,1.0,,Welcome to the RITC 2026 Alogithmic Market Making Case - practice server,,146,2026-02-01 05:38:52.092601,SMMR,23.5,23.36,23.5,1860900.0,,10500.0,2036800.0,0,0
,,,,,,146,2026-02-01 05:38:52.092601,ATMN,23.97,23.97,24.19,1572300.0,3500.0,14000.0,1697000.0,0,0
,,,,,,146,2026-02-01 05:38:52.092601,WNTR,25.73,25.74,25.77,1991800.0,7000.0,3500.0,1683100.0,0,0
2.0,1.0,1.0,,Aggregate Position Limit,Your CRO has set the aggregate position limit to 8000 shares for this week.,147,2026-02-01 05:38:53.223260,SPNG,24.99,25.01,25.11,2131400.0,3500.0,1775200.0,10500.0,0,0
1.0,1.0,1.0,,Welcome to the RITC 2026 Alogithmic Market Making Case - practice server,,147,2026-02-01 05:38:53.223260,SMMR,23.42,23.36,23.41,2110900.0,3500.0,1912600.0,17500.0,0,0
,,,,,,147,2026-02-01 05:38:53.223260,ATMN,23.9,23.91,24.18,1590800.0,7000.0,1577300.0,17500.0,0,0
,,,,,,147,2026-02-01 05:38:53.223260,WNTR,25.72,25.72,25.77,1993000.0,7000.0,2009000.0,3500.0,0,0
2.0,1.0,1.0,,Aggregate Position Limit,Your CRO has set the aggregate position limit to 8000 shares for this week.,148,2026-02-01 05:38:54.257224,SPNG,25.42,25.42,25.51,1991800.0,7000.0,10500.0,1741400.0,0,0
1.0,1.0,1.0,,Welcome to the RITC 2026 Alogithmic Market Making Case - practice server,,148,2026-02-01 05:38:54.257224,SMMR,23.42,23.36,23.41,2251300.0,7000.0,17500.0,1912600.0,0,0
,,,,,,148,2026-02-01 05:38:54.257224,ATMN,23.9,23.94,24.18,1916100.0,7000.0,17500.0,1581900.0,0,0
,,,,,,148,2026-02-01 05:38:54.257224,WNTR,25.79,25.73,25.79,1869800.0,10500.0,,1920600.0,0,0
2.0,1.0,1.0,,Aggregate Position Limit,Your CRO has set the aggregate position limit to 8000 shares for this week.,149,2026-02-01 05:38:55.284712,SPNG,24.99,24.99,25.51,2296200.0,10500.0,1749400.0,,0,0
1.0,1.0,1.0,,Welcome to the RITC 2026 Alogithmic Market Making Case - practice server,,149,2026-02-01 05:38:55.284712,SMMR,23.57,23.57,23.58,2217400.0,3500.0,2188900.0,7000.0,0,0
,,,,,,149,2026-02-01 05:38:55.284712,ATMN,24.24,23.95,24.17,1916500.0,14000.0,1696100.0,10500.0,0,0
,,,,,,149,2026-02-01 05:38:55.284712,WNTR,25.82,25.72,25.74,1869800.0,3500.0,1922000.0,10500.0,0,0
2.0,1.0,1.0,,Aggregate Position Limit,Your CRO has set the aggregate position limit to 8000 shares for this week.,150,2026-02-01 05:38:56.329084,SPNG,25.49,25.21,25.49,2131800.0,3500.0,1628100.0,17500.0,0,0
1.0,1.0,1.0,,Welcome to the RITC 2026 Alogithmic Market Making Case - practice server,,150,2026-02-01 05:38:56.329084,SMMR,23.57,23.38,23.43,2085300.0,14000.0,2098400.0,7000.0,0,0
,,,,,,150,2026-02-01 05:38:56.329084,ATMN,24.24,23.95,24.17,1725000.0,14000.0,1582800.0,17500.0,0,0
,,,,,,150,2026-02-01 05:38:56.329084,WNTR,25.71,25.67,25.68,1939900.0,7000.0,1797100.0,,0,0
2.0,1.0,1.0,,Aggregate Position Limit,Your CRO has set the aggregate position limit to 8000 shares for this week.,151,2026-02-01 05:38:57.421458,SPNG,25.31,25.22,25.31,7000.0,2046800.0,1628100.0,17500.0,0,0
1.0,1.0,1.0,,Welcome to the RITC 2026 Alogithmic Market Making Case - practice server,,151,2026-02-01 05:38:57.421458,SMMR,23.44,23.53,23.58,14000.0,2076300.0,2188900.0,3500.0,0,0
,,,,,,151,2026-02-01 05:38:57.421458,ATMN,24.17,23.96,24.17,14000.0,1765000.0,1792700.0,10500.0,0,0
,,,,,,151,2026-02-01 05:38:57.421458,WNTR,25.83,25.68,25.83,10500.0,1836700.0,1688500.0,,0,0
2.0,1.0,1.0,,Aggregate Position Limit,Your CRO has set the aggregate position limit to 8000 shares for this week.,152,2026-02-01 05:38:58.479519,SPNG,25.31,25.43,25.49,2146400.0,3500.0,17500.0,1639600.0,0,0
1.0,1.0,1.0,,Welcome to the RITC 2026 Alogithmic Market Making Case - practice server,,152,2026-02-01 05:38:58.479519,SMMR,23.62,23.53,23.62,2076300.0,14000.0,3500.0,2183600.0,0,0
,,,,,,152,2026-02-01 05:38:58.479519,ATMN,23.8,23.8,24.16,1637800.0,,14000.0,1662100.0,0,0
,,,,,,152,2026-02-01 05:38:58.479519,WNTR,25.9,25.78,25.84,1814200.0,10500.0,3500.0,1364200.0,0,0
2.0,1.0,1.0,,Aggregate Position Limit,Your CRO has set the aggregate position limit to 8000 shares for this week.,153,2026-02-01 05:38:59.497041,SPNG,24.99,24.99,25.32,2152500.0,3500.0,1509500.0,21000.0,0,0
1.0,1.0,1.0,,Welcome to the RITC 2026 Alogithmic Market Making Case - practice server,,153,2026-02-01 05:38:59.497041,SMMR,23.66,23.55,23.57,1977500.0,21000.0,2082000.0,7000.0,0,0
,,,,,,153,2026-02-01 05:38:59.497041,ATMN,23.8,23.8,23.84,1859300.0,,1771700.0,10500.0,0,0
,,,,,,153,2026-02-01 05:38:59.497041,WNTR,25.78,25.78,25.84,1814200.0,10500.0,1476100.0,3500.0,0,0
2.0,1.0,1.0,,Aggregate Position Limit,Your CRO has set the aggregate position limit to 8000 shares for this week.,154,2026-02-01 05:39:00.524211,SPNG,24.94,24.94,25.11,2277300.0,1627500.0,14000.0,,0,0
1.0,1.0,1.0,,Welcome to the RITC 2026 Alogithmic Market Making Case - practice server,,154,2026-02-01 05:39:00.524211,SMMR,23.55,23.53,23.54,2107100.0,2228900.0,3500.0,14000.0,0,0
,,,,,,154,2026-02-01 05:39:00.524211,ATMN,23.84,23.87,24.16,2055400.0,1877100.0,7000.0,,0,0
,,,,,,154,2026-02-01 05:39:00.524211,WNTR,25.78,25.78,25.84,1803600.0,1476100.0,3500.0,10500.0,0,0
2.0,1.0,1.0,,Aggregate Position Limit,Your CRO has set the aggregate position limit to 8000 shares for this week.,155,2026-02-01 05:39:01.569991,SPNG,25.49,25.04,25.09,2142800.0,3500.0,17500.0,1616400.0,0,0
1.0,1.0,1.0,,Welcome to the RITC 2026 Alogithmic Market Making Case - practice server,,155,2026-02-01 05:39:01.569991,SMMR,23.51,23.51,23.54,2087800.0,14000.0,3500.0,2218900.0,0,0
,,,,,,155,2026-02-01 05:39:01.569991,ATMN,23.8,24.12,24.16,2064200.0,,7000.0,1874600.0,0,0
,,,,,,155,2026-02-01 05:39:01.569991,WNTR,25.85,25.85,25.9,1696500.0,14000.0,,1703200.0,0,0
2.0,1.0,1.0,,Aggregate Position Limit,Your CRO has set the aggregate position limit to 8000 shares for this week.,156,2026-02-01 05:39:02.600060,SPNG,25.49,25.05,25.08,7000.0,1981300.0,21000.0,1503800.0,0,0
1.0,1.0,1.0,,Welcome to the RITC 2026 Alogithmic Market Making Case - practice server,,156,2026-02-01 05:39:02.600060,SMMR,23.51,23.51,23.53,14000.0,2077900.0,3500.0,2216500.0,0,0
,,,,,,156,2026-02-01 05:39:02.600060,ATMN,23.79,23.79,24.08,,1829200.0,3500.0,1962800.0,0,0
,,,,,,156,2026-02-01 05:39:02.600060,WNTR,25.85,25.85,25.86,14000.0,1696500.0,,2001300.0,0,0
2.0,1.0,1.0,,Aggregate Position Limit,Your CRO has set the aggregate position limit to 8000 shares for this week.,157,2026-02-01 05:39:03.660072,SPNG,25.04,25.04,25.48,2092100.0,3500.0,10500.0,1705500.0,0,0
1.0,1.0,1.0,,Welcome to the RITC 2026 Alogithmic Market Making Case - practice server,,157,2026-02-01 05:39:03.660072,SMMR,23.53,23.51,23.53,2071800.0,14000.0,3500.0,2217000.0,0,0
,,,,,,157,2026-02-01 05:39:03.660072,ATMN,23.79,24.05,24.07,2136800.0,3500.0,7000.0,1843200.0,0,0
,,,,,,157,2026-02-01 05:39:03.660072,WNTR,25.67,25.67,25.86,2063100.0,3500.0,,2100800.0,0,0
2.0,1.0,1.0,,Aggregate Position Limit,Your CRO has set the aggregate position limit to 8000 shares for this week.,158,2026-02-01 05:39:04.695450,SPNG,25.04,25.05,25.4,7000.0,1981300.0,2014700.0,,0,0
1.0,1.0,1.0,,Welcome to the RITC 2026 Alogithmic Market Making Case - practice server,,158,2026-02-01 05:39:04.695450,SMMR,23.49,23.49,23.54,14000.0,2042300.0,2185700.0,3500.0,0,0
,,,,,,158,2026-02-01 05:39:04.695450,ATMN,23.79,24.05,24.07,3500.0,2154700.0,1822200.0,7000.0,0,0
,,,,,,158,2026-02-01 05:39:04.695450,WNTR,25.63,25.63,25.84,3500.0,2045500.0,2002200.0,3500.0,0,0
2.0,1.0,1.0,,Aggregate Position Limit,Your CRO has set the aggregate position limit to 8000 shares for this week.,159,2026-02-01 05:39:05.726031,SPNG,25.02,25.2,25.4,2203200.0,1931400.0,3500.0,,0,0
1.0,1.0,1.0,,Welcome to the RITC 2026 Alogithmic Market Making Case - practice server,,159,2026-02-01 05:39:05.726031,SMMR,23.49,23.47,23.48,2055100.0,2173900.0,3500.0,14000.0,0,0
,,,,,,159,2026-02-01 05:39:05.726031,ATMN,24.05,24.05,24.07,2154700.0,1848600.0,7000.0,3500.0,0,0
,,,,,,159,2026-02-01 05:39:05.726031,WNTR,25.83,25.83,25.86,1934100.0,2014000.0,3500.0,7000.0,0,0
2.0,1.0,1.0,,Aggregate Position Limit,Your CRO has set the aggregate position limit to 8000 shares for this week.,160,2026-02-01 05:39:06.759004,SPNG,25.4,25.2,25.4,2180500.0,1931400.0,3500.0,,0,0
1.0,1.0,1.0,,Welcome to the RITC 2026 Alogithmic Market Making Case - practice server,,160,2026-02-01 05:39:06.759004,SMMR,23.48,23.55,23.56,2124300.0,2146100.0,3500.0,14000.0,0,0
,,,,,,160,2026-02-01 05:39:06.759004,ATMN,24.17,24.0,24.17,1990400.0,1950800.0,3500.0,7000.0,0,0
,,,,,,160,2026-02-01 05:39:06.759004,WNTR,25.83,25.64,25.82,1957400.0,1997400.0,3500.0,7000.0,0,0
2.0,1.0,1.0,,Aggregate Position Limit,Your CRO has set the aggregate position limit to 8000 shares for this week.,162,2026-02-01 05:39:07.822146,SPNG,25.2,25.2,25.39,2180500.0,7000.0,1836300.0,,0,0
1.0,1.0,1.0,,Welcome to the RITC 2026 Alogithmic Market Making Case - practice server,,162,2026-02-01 05:39:07.822146,SMMR,23.47,23.47,23.56,2080900.0,3500.0,2146100.0,14000.0,0,0
,,,,,,162,2026-02-01 05:39:07.822146,ATMN,24.17,24.0,24.17,1990400.0,,2071800.0,7000.0,0,0
,,,,,,162,2026-02-01 05:39:07.822146,WNTR,25.63,25.63,25.72,2021400.0,7000.0,1913600.0,3500.0,0,0
2.0,1.0,1.0,,Aggregate Position Limit,Your CRO has set the aggregate position limit to 8000 shares for this week.,163,2026-02-01 05:39:08.891638,SPNG,25.02,25.02,25.28,2196900.0,1840100.0,7000.0,,0,0
1.0,1.0,1.0,,Welcome to the RITC 2026 Alogithmic Market Making Case - practice server,,163,2026-02-01 05:39:08.891638,SMMR,23.57,23.47,23.57,2118000.0,2160800.0,3500.0,14000.0,0,0
,,,,,,163,2026-02-01 05:39:08.891638,ATMN,24.2,23.73,24.16,2101500.0,1968300.0,3500.0,3500.0,0,0
,,,,,,163,2026-02-01 05:39:08.891638,WNTR,25.73,25.78,25.82,1925100.0,2018000.0,3500.0,7000.0,0,0
2.0,1.0,1.0,,Aggregate Position Limit,Your CRO has set the aggregate position limit to 8000 shares for this week.,164,2026-02-01 05:39:09.913552,SPNG,25.02,25.03,25.27,3500.0,2021600.0,10500.0,1751000.0,0,0
1.0,1.0,1.0,,Welcome to the RITC 2026 Alogithmic Market Making Case - practice server,,164,2026-02-01 05:39:09.913552,SMMR,23.58,23.48,23.57,17500.0,1978100.0,7000.0,2059900.0,0,0
,,,,,,164,2026-02-01 05:39:09.913552,ATMN,24.2,23.98,24.16,3500.0,2121800.0,3500.0,1968300.0,0,0
,,,,,,164,2026-02-01 05:39:09.913552,WNTR,25.78,25.78,25.81,7000.0,1901500.0,3500.0,2031500.0,0,0
2.0,1.0,1.0,,Aggregate Position Limit,Your CRO has set the aggregate position limit to 8000 shares for this week.,165,2026-02-01 05:39:10.954777,SPNG,25.6,25.03,25.6,3500.0,2021600.0,2044400.0,,0,0
1.0,1.0,1.0,,Welcome to the RITC 2026 Alogithmic Market Making Case - practice server,,165,2026-02-01 05:39:10.954777,SMMR,23.46,23.46,23.58,14000.0,2052800.0,2179000.0,3500.0,0,0
,,,,,,165,2026-02-01 05:39:10.954777,ATMN,24.12,24.12,24.21,7000.0,1947800.0,2092000.0,,0,0
,,,,,,165,2026-02-01 05:39:10.954777,WNTR,25.63,25.63,25.85,3500.0,2011600.0,2031000.0,3500.0,0,0
2.0,1.0,1.0,,Aggregate Position Limit,Your CRO has set the aggregate position limit to 8000 shares for this week.,166,2026-02-01 05:39:12.044748,SPNG,25.67,25.04,25.53,7000.0,1889900.0,2043600.0,,0,0
1.0,1.0,1.0,,Welcome to the RITC 2026 Alogithmic Market Making Case - practice server,,166,2026-02-01 05:39:12.044748,SMMR,23.45,23.45,23.46,14000.0,2067000.0,2141600.0,3500.0,0,0
,,,,,,166,2026-02-01 05:39:12.044748,ATMN,24.24,24.13,24.2,10500.0,1844400.0,2035600.0,3500.0,0,0
,,,,,,166,2026-02-01 05:39:12.044748,WNTR,25.79,25.79,25.8,,2101700.0,2031000.0,3500.0,0,0
2.0,1.0,1.0,,Aggregate Position Limit,Your CRO has set the aggregate position limit to 8000 shares for this week.,167,2026-02-01 05:39:13.111783,SPNG,25.03,25.13,25.53,2111500.0,1958400.0,3500.0,,0,0
1.0,1.0,1.0,,Welcome to the RITC 2026 Alogithmic Market Making Case - practice server,,167,2026-02-01 05:39:13.111783,SMMR,23.43,23.43,23.53,2171000.0,2061200.0,7000.0,10500.0,0,0
,,,,,,167,2026-02-01 05:39:13.111783,ATMN,23.98,23.98,24.29,2030900.0,2156900.0,,3500.0,0,0
,,,,,,167,2026-02-01 05:39:13.111783,WNTR,25.88,25.71,25.88,2159900.0,2144500.0,,,0,0
2.0,1.0,1.0,,Aggregate Position Limit,Your CRO has set the aggregate position limit to 8000 shares for this week.,168,2026-02-01 05:39:14.205041,SPNG,25.02,25.03,25.67,3500.0,2001500.0,2067000.0,,0,0
1.0,1.0,1.0,,Welcome to the RITC 2026 Alogithmic Market Making Case - practice server,,168,2026-02-01 05:39:14.205041,SMMR,23.53,23.55,23.57,10500.0,2209400.0,2055400.0,7000.0,0,0
,,,,,,168,2026-02-01 05:39:14.205041,ATMN,24.3,23.99,24.3,7000.0,1956400.0,2162900.0,,0,0
,,,,,,168,2026-02-01 05:39:14.205041,WNTR,25.88,25.72,25.88,3500.0,2041200.0,2134900.0,,0,0
2.0,1.0,1.0,,Aggregate Position Limit,Your CRO has set the aggregate position limit to 8000 shares for this week.,169,2026-02-01 05:39:15.262144,SPNG,25.7,24.94,25.7,2126600.0,2067000.0,,,0,0
1.0,1.0,1.0,,Welcome to the RITC 2026 Alogithmic Market Making Case - practice server,,169,2026-02-01 05:39:15.262144,SMMR,23.55,23.41,23.43,2298600.0,2196900.0,7000.0,3500.0,0,0
,,,,,,169,2026-02-01 05:39:15.262144,ATMN,24.3,24.06,24.1,1801400.0,2051900.0,10500.0,3500.0,0,0
,,,,,,169,2026-02-01 05:39:15.262144,WNTR,25.81,25.81,25.87,2029700.0,2026300.0,3500.0,3500.0,0,0
2.0,1.0,1.0,,Aggregate Position Limit,Your CRO has set the aggregate position limit to 8000 shares for this week.,170,2026-02-01 05:39:16.288053,SPNG,24.82,24.82,25.69,2160700.0,3500.0,1983700.0,,0,0
1.0,1.0,1.0,,Welcome to the RITC 2026 Alogithmic Market Making Case - practice server,,170,2026-02-01 05:39:16.288053,SMMR,23.41,23.41,23.6,2290000.0,3500.0,2197200.0,7000.0,0,0
,,,,,,170,2026-02-01 05:39:16.288053,ATMN,24.3,24.3,24.31,1701300.0,,2131900.0,14000.0,0,0
,,,,,,170,2026-02-01 05:39:16.288053,WNTR,25.85,25.85,25.87,2024300.0,3500.0,2032100.0,3500.0,0,0
2.0,1.0,1.0,,Aggregate Position Limit,Your CRO has set the aggregate position limit to 8000 shares for this week.,171,2026-02-01 05:39:17.320279,SPNG,25.3,24.83,25.12,3500.0,2049900.0,1878800.0,7000.0,0,0
1.0,1.0,1.0,,Welcome to the RITC 2026 Alogithmic Market Making Case - practice server,,171,2026-02-01 05:39:17.320279,SMMR,23.61,23.49,23.59,10500.0,2164000.0,2220900.0,3500.0,0,0
,,,,,,171,2026-02-01 05:39:17.320279,ATMN,24.06,24.23,24.31,10500.0,1813900.0,2131900.0,,0,0
,,,,,,171,2026-02-01 05:39:17.320279,WNTR,25.6,25.6,25.87,,2185200.0,2056500.0,3500.0,0,0
2.0,1.0,1.0,,Aggregate Position Limit,Your CRO has set the aggregate position limit to 8000 shares for this week.,172,2026-02-01 05:39:18.397388,SPNG,25.12,25.37,25.68,2027100.0,3500.0,7000.0,1901800.0,0,0
1.0,1.0,1.0,,Welcome to the RITC 2026 Alogithmic Market Making Case - practice server,,172,2026-02-01 05:39:18.397388,SMMR,23.48,23.41,23.47,2405800.0,,7000.0,2114500.0,0,0
,,,,,,172,2026-02-01 05:39:18.397388,ATMN,23.99,23.99,24.31,2053600.0,3500.0,3500.0,2069000.0,0,0
,,,,,,172,2026-02-01 05:39:18.397388,WNTR,25.6,25.75,25.86,2067400.0,3500.0,7000.0,1961500.0,0,0
2.0,1.0,1.0,,Aggregate Position Limit,Your CRO has set the aggregate position limit to 8000 shares for this week.,173,2026-02-01 05:39:19.448316,SPNG,25.09,24.83,24.88,3500.0,2044600.0,1814400.0,10500.0,0,0
1.0,1.0,1.0,,Welcome to the RITC 2026 Alogithmic Market Making Case - practice server,,173,2026-02-01 05:39:19.448316,SMMR,23.47,23.42,23.46,3500.0,2300300.0,2016900.0,10500.0,0,0
,,,,,,173,2026-02-01 05:39:19.448316,ATMN,24.01,24.05,24.31,3500.0,2044700.0,2046100.0,3500.0,0,0
,,,,,,173,2026-02-01 05:39:19.448316,WNTR,25.88,25.79,25.88,7000.0,1924400.0,2160400.0,,0,0
2.0,1.0,1.0,,Aggregate Position Limit,Your CRO has set the aggregate position limit to 8000 shares for this week.,174,2026-02-01 05:39:20.501428,SPNG,24.88,24.84,24.87,7000.0,1954200.0,14000.0,1725300.0,0,0
1.0,1.0,1.0,,Welcome to the RITC 2026 Alogithmic Market Making Case - practice server,,174,2026-02-01 05:39:20.501428,SMMR,23.57,23.42,23.57,3500.0,2323800.0,3500.0,2222300.0,0,0
,,,,,,174,2026-02-01 05:39:20.501428,ATMN,24.31,24.06,24.31,7000.0,1935000.0,3500.0,2046100.0,0,0
,,,,,,174,2026-02-01 05:39:20.501428,WNTR,25.75,25.75,25.86,3500.0,2027500.0,3500.0,2057700.0,0,0
2.0,1.0,1.0,,Aggregate Position Limit,Your CRO has set the aggregate position limit to 8000 shares for this week.,175,2026-02-01 05:39:21.541219,SPNG,25.27,25.2,25.27,1827500.0,10500.0,1797800.0,10500.0,0,0
1.0,1.0,1.0,,Welcome to the RITC 2026 Alogithmic Market Making Case - practice server,,175,2026-02-01 05:39:21.541219,SMMR,23.41,23.41,23.57,2408500.0,,2262300.0,3500.0,0,0
,,,,,,175,2026-02-01 05:39:21.541219,ATMN,24.31,24.06,24.07,1967800.0,7000.0,1924600.0,7000.0,0,0
,,,,,,175,2026-02-01 05:39:21.541219,WNTR,25.7,25.75,25.83,2171700.0,,1938900.0,7000.0,0,0
2.0,1.0,1.0,,Aggregate Position Limit,Your CRO has set the aggregate position limit to 8000 shares for this week.,176,2026-02-01 05:39:22.588656,SPNG,25.27,25.2,25.26,1827500.0,10500.0,14000.0,1680100.0,0,0
1.0,1.0,1.0,,Welcome to the RITC 2026 Alogithmic Market Making Case - practice server,,176,2026-02-01 05:39:22.588656,SMMR,23.41,23.42,23.53,2312400.0,3500.0,7000.0,2152600.0,0,0
,,,,,,176,2026-02-01 05:39:22.588656,ATMN,24.05,23.99,24.05,2067700.0,3500.0,7000.0,1927800.0,0,0
,,,,,,176,2026-02-01 05:39:22.588656,WNTR,25.7,25.7,25.79,2150900.0,,10500.0,1830900.0,0,0
2.0,1.0,1.0,,Aggregate Position Limit,Your CRO has set the aggregate position limit to 8000 shares for this week.,177,2026-02-01 05:39:23.619677,SPNG,25.17,25.21,25.25,10500.0,1851100.0,17500.0,1575700.0,0,0
1.0,1.0,1.0,,Welcome to the RITC 2026 Alogithmic Market Making Case - practice server,,177,2026-02-01 05:39:23.619677,SMMR,23.53,23.53,23.56,7000.0,2163700.0,7000.0,2144900.0,0,0
,,,,,,177,2026-02-01 05:39:23.619677,ATMN,24.05,24.06,24.07,3500.0,2099700.0,7000.0,1924600.0,0,0
,,,,,,177,2026-02-01 05:39:23.619677,WNTR,25.76,25.7,25.74,,2171300.0,10500.0,1808300.0,0,0
2.0,1.0,1.0,,Aggregate Position Limit,Your CRO has set the aggregate position limit to 8000 shares for this week.,178,2026-02-01 05:39:24.648566,SPNG,25.28,25.17,25.19,2175500.0,2095400.0,0,0,0,0
1.0,1.0,1.0,,Welcome to the RITC 2026 Alogithmic Market Making Case - practice server,,178,2026-02-01 05:39:24.648566,SMMR,23.57,23.52,23.57,2448300.0,2405900.0,0,0,0,0
,,,,,,178,2026-02-01 05:39:24.648566,ATMN,24.06,24.06,24.07,2191300.0,2138300.0,0,0,0,0
,,,,,,178,2026-02-01 05:39:24.648566,WNTR,25.6,25.6,25.63,2173000.0,2171100.0,0,0,0,0
2.0,1.0,1.0,,Aggregate Position Limit,Your CRO has set the aggregate position limit to 8000 shares for this week.,179,2026-02-01 05:39:25.672671,SPNG,25.0,25.16,25.19,2173200.0,2127500.0,0,0,0,0
1.0,1.0,1.0,,Welcome to the RITC 2026 Alogithmic Market Making Case - practice server,,179,2026-02-01 05:39:25.672671,SMMR,23.42,23.42,23.54,2412500.0,2382500.0,0,0,0,0
,,,,,,179,2026-02-01 05:39:25.672671,ATMN,23.99,23.99,24.05,2162600.0,2115800.0,0,0,0,0
,,,,,,179,2026-02-01 05:39:25.672671,WNTR,25.6,25.61,25.63,2196600.0,2171100.0,0,0,0,0
2.0,1.0,1.0,,Aggregate Position Limit,Your CRO has set the aggregate position limit to 8000 shares for this week.,180,2026-02-01 05:39:26.694331,SPNG,25.29,25.39,25.64,956700.0,1035600.0,0,0,0,0
1.0,1.0,1.0,,Welcome to the RITC 2026 Alogithmic Market Making Case - practice server,,180,2026-02-01 05:39:26.694331,SMMR,24.34,24.56,24.73,932700.0,824000.0,0,0,0,0
,,,,,,180,2026-02-01 05:39:26.694331,ATMN,26.03,26.03,28.04,832800.0,698900.0,0,0,0,0
,,,,,,180,2026-02-01 05:39:26.694331,WNTR,25.79,25.64,25.75,811000.0,952500.0,0,0,0,0
2.0,1.0,1.0,,Aggregate Position Limit,Your CRO has set the aggregate position limit to 8000 shares for this week.,181,2026-02-01 05:39:27.728180,SPNG,25.39,24.68,25.06,3500.0,1094700.0,3500.0,1163600.0,0,0
1.0,1.0,1.0,,Welcome to the RITC 2026 Alogithmic Market Making Case - practice server,,181,2026-02-01 05:39:27.728180,SMMR,24.73,24.67,24.73,,1196500.0,,824000.0,0,0
,,,,,,181,2026-02-01 05:39:27.728180,ATMN,26.03,25.04,25.8,,844800.0,,1082000.0,0,0
,,,,,,181,2026-02-01 05:39:27.728180,WNTR,25.74,25.74,25.75,,994100.0,,1061000.0,0,0
