news_id,period,tick,ticker,headline,body,tick,timestamp,ticker,last_price,bid_price,ask_price,BUY_ANON,SELL_ANON,SELL_LUIS-3,BUY_LUIS-3,SELL_CALG-1,BUY_CALG-1,SELL_LUIS-2,BUY_LUIS-2
2.0,1.0,1.0,,Aggregate Position Limit,Your CRO has set the aggregate position limit to 8000 shares for this week.,2,2026-02-01 09:57:25.758270,SPNG,25.1,24.93,25.1,2231200.0,2187300.0,0,0,0,0,0,0
1.0,1.0,1.0,,Welcome to the RITC 2026 Alogithmic Market Making Case - practice server,,2,2026-02-01 09:57:25.758270,SMMR,24.92,24.92,24.99,1987600.0,2263900.0,0,0,0,0,0,0
,,,,,,2,2026-02-01 09:57:25.758270,ATMN,25.3,24.97,25.3,2130800.0,2347500.0,0,0,0,0,0,0
,,,,,,2,2026-02-01 09:57:25.758270,WNTR,24.99,24.99,25.02,2203200.0,2357100.0,0,0,0,0,0,0
2.0,1.0,1.0,,Aggregate Position Limit,Your CRO has set the aggregate position limit to 8000 shares for this week.,3,2026-02-01 09:57:26.782534,SPNG,25.1,25.07,25.1,2215400.0,2321000.0,0,0,0,0,0,0
1.0,1.0,1.0,,Welcome to the RITC 2026 Alogithmic Market Making Case - practice server,,3,2026-02-01 09:57:26.782534,SMMR,24.92,24.92,24.99,2222300.0,2264200.0,0,0,0,0,0,0
,,,,,,3,2026-02-01 09:57:26.782534,ATMN,24.97,24.97,25.1,2130800.0,2352100.0,0,0,0,0,0,0
,,,,,,3,2026-02-01 09:57:26.782534,WNTR,24.99,24.99,25.02,2203200.0,2332100.0,0,0,0,0,0,0
2.0,1.0,1.0,,Aggregate Position Limit,Your CRO has set the aggregate position limit to 8000 shares for this week.,4,2026-02-01 09:57:27.827491,SPNG,25.07,25.07,25.1,2215400.0,2298400.0,0,0,0,0,0,0
1.0,1.0,1.0,,Welcome to the RITC 2026 Alogithmic Market Making Case - practice server,,4,2026-02-01 09:57:27.827491,SMMR,25.02,24.92,24.98,2208400.0,2293400.0,0,0,0,0,0,0
,,,,,,4,2026-02-01 09:57:27.827491,ATMN,25.18,25.0,25.18,2261200.0,2353900.0,0,0,0,0,0,0
,,,,,,4,2026-02-01 09:57:27.827491,WNTR,24.98,24.98,25.03,2226600.0,2329800.0,0,0,0,0,0,0
2.0,1.0,1.0,,Aggregate Position Limit,Your CRO has set the aggregate position limit to 8000 shares for this week.,5,2026-02-01 09:57:28.895659,SPNG,24.82,24.82,24.96,2189800.0,2322500.0,0,0,0,0,0,0
1.0,1.0,1.0,,Welcome to the RITC 2026 Alogithmic Market Making Case - practice server,,5,2026-02-01 09:57:28.895659,SMMR,24.89,24.89,24.98,1976300.0,2257400.0,0,0,0,0,0,0
,,,,,,5,2026-02-01 09:57:28.895659,ATMN,25.0,24.97,24.98,2130800.0,2355600.0,0,0,0,0,0,0
,,,,,,5,2026-02-01 09:57:28.895659,WNTR,24.88,24.88,24.97,2209300.0,2326800.0,0,0,0,0,0,0
2.0,1.0,1.0,,Aggregate Position Limit,Your CRO has set the aggregate position limit to 8000 shares for this week.,6,2026-02-01 09:57:29.932514,SPNG,24.82,24.82,25.1,2189800.0,2298400.0,0,0,0,0,0,0
1.0,1.0,1.0,,Welcome to the RITC 2026 Alogithmic Market Making Case - practice server,,6,2026-02-01 09:57:29.932514,SMMR,24.98,24.94,24.98,2223600.0,2257400.0,0,0,0,0,0,0
,,,,,,6,2026-02-01 09:57:29.932514,ATMN,25.18,25.19,25.2,2252100.0,2330900.0,0,0,0,0,0,0
,,,,,,6,2026-02-01 09:57:29.932514,WNTR,24.95,24.95,25.03,2196000.0,2352800.0,0,0,0,0,0,0
2.0,1.0,1.0,,Aggregate Position Limit,Your CRO has set the aggregate position limit to 8000 shares for this week.,7,2026-02-01 09:57:30.950492,SPNG,24.83,24.89,25.1,2189000.0,2298400.0,0,0,0,0,0,0
1.0,1.0,1.0,,Welcome to the RITC 2026 Alogithmic Market Making Case - practice server,,7,2026-02-01 09:57:30.950492,SMMR,24.9,24.9,24.98,2213900.0,2259600.0,0,0,0,0,0,0
,,,,,,7,2026-02-01 09:57:30.950492,ATMN,25.18,25.19,25.2,2252100.0,2360600.0,0,0,0,0,0,0
,,,,,,7,2026-02-01 09:57:30.950492,WNTR,24.95,24.95,25.03,2178900.0,2326200.0,0,0,0,0,0,0
2.0,1.0,1.0,,Aggregate Position Limit,Your CRO has set the aggregate position limit to 8000 shares for this week.,8,2026-02-01 09:57:31.972469,SPNG,25.23,25.23,25.32,2180500.0,2278600.0,0,0,0,0,0,0
1.0,1.0,1.0,,Welcome to the RITC 2026 Alogithmic Market Making Case - practice server,,8,2026-02-01 09:57:31.972469,SMMR,24.9,24.9,24.98,2213900.0,2247500.0,0,0,0,0,0,0
,,,,,,8,2026-02-01 09:57:31.972469,ATMN,24.56,24.75,25.13,1895400.0,2353900.0,0,0,0,0,0,0
,,,,,,8,2026-02-01 09:57:31.972469,WNTR,24.95,24.95,25.03,2124000.0,2323500.0,0,0,0,0,0,0
2.0,1.0,1.0,,Aggregate Position Limit,Your CRO has set the aggregate position limit to 8000 shares for this week.,9,2026-02-01 09:57:32.993498,SPNG,24.88,24.82,24.88,2193500.0,2315600.0,0,0,0,0,0,0
1.0,1.0,1.0,,Welcome to the RITC 2026 Alogithmic Market Making Case - practice server,,9,2026-02-01 09:57:32.993498,SMMR,24.93,24.93,24.98,2209400.0,2248800.0,0,0,0,0,0,0
,,,,,,9,2026-02-01 09:57:32.993498,ATMN,25.1,24.75,25.1,1895400.0,2375200.0,0,0,0,0,0,0
,,,,,,9,2026-02-01 09:57:32.993498,WNTR,25.06,24.8,25.06,2188800.0,2340800.0,0,0,0,0,0,0
2.0,1.0,1.0,,Aggregate Position Limit,Your CRO has set the aggregate position limit to 8000 shares for this week.,10,2026-02-01 09:57:34.046245,SPNG,25.2,25.2,25.32,2191700.0,2278400.0,0,0,0,0,0,0
1.0,1.0,1.0,,Welcome to the RITC 2026 Alogithmic Market Making Case - practice server,,10,2026-02-01 09:57:34.046245,SMMR,24.93,24.9,24.93,2190700.0,2239000.0,0,0,0,0,0,0
,,,,,,10,2026-02-01 09:57:34.046245,ATMN,24.91,24.75,24.91,2038700.0,2363800.0,0,0,0,0,0,0
,,,,,,10,2026-02-01 09:57:34.046245,WNTR,25.06,24.8,25.06,2147400.0,2363500.0,0,0,0,0,0,0
2.0,1.0,1.0,,Aggregate Position Limit,Your CRO has set the aggregate position limit to 8000 shares for this week.,11,2026-02-01 09:57:35.082525,SPNG,25.2,25.2,25.32,2191700.0,2297500.0,0,0,0,0,0,0
1.0,1.0,1.0,,Welcome to the RITC 2026 Alogithmic Market Making Case - practice server,,11,2026-02-01 09:57:35.082525,SMMR,24.99,24.9,24.99,2169200.0,2223800.0,0,0,0,0,0,0
,,,,,,11,2026-02-01 09:57:35.082525,ATMN,24.55,25.18,25.2,2073600.0,2365100.0,0,0,0,0,0,0
,,,,,,11,2026-02-01 09:57:35.082525,WNTR,25.16,24.8,25.16,2162700.0,2401700.0,0,0,0,0,0,0
2.0,1.0,1.0,,Aggregate Position Limit,Your CRO has set the aggregate position limit to 8000 shares for this week.,12,2026-02-01 09:57:36.117534,SPNG,25.2,25.2,25.22,2191700.0,2255500.0,0,0,0,0,0,0
1.0,1.0,1.0,,Welcome to the RITC 2026 Alogithmic Market Making Case - practice server,,12,2026-02-01 09:57:36.117534,SMMR,24.88,24.88,24.99,2166600.0,2193400.0,0,0,0,0,0,0
,,,,,,12,2026-02-01 09:57:36.117534,ATMN,24.81,24.55,24.81,2036500.0,2383900.0,0,0,0,0,0,0
,,,,,,12,2026-02-01 09:57:36.117534,WNTR,24.79,25.09,25.16,2162100.0,2401700.0,0,0,0,0,0,0
2.0,1.0,1.0,,Aggregate Position Limit,Your CRO has set the aggregate position limit to 8000 shares for this week.,13,2026-02-01 09:57:37.157392,SPNG,24.81,24.81,25.22,2205900.0,2255500.0,0,0,0,0,0,0
1.0,1.0,1.0,,Welcome to the RITC 2026 Alogithmic Market Making Case - practice server,,13,2026-02-01 09:57:37.157392,SMMR,25.0,24.9,25.0,2159500.0,2217400.0,0,0,0,0,0,0
,,,,,,13,2026-02-01 09:57:37.157392,ATMN,25.2,24.55,25.2,2266100.0,2365100.0,0,0,0,0,0,0
,,,,,,13,2026-02-01 09:57:37.157392,WNTR,25.09,24.83,24.98,2137200.0,2399200.0,0,0,0,0,0,0
2.0,1.0,1.0,,Aggregate Position Limit,Your CRO has set the aggregate position limit to 8000 shares for this week.,14,2026-02-01 09:57:38.192463,SPNG,24.81,24.98,25.15,2152700.0,2243600.0,0,0,0,0,0,0
1.0,1.0,1.0,,Welcome to the RITC 2026 Alogithmic Market Making Case - practice server,,14,2026-02-01 09:57:38.192463,SMMR,25.0,24.91,24.99,2178700.0,2197100.0,0,0,0,0,0,0
,,,,,,14,2026-02-01 09:57:38.192463,ATMN,25.2,24.78,25.04,2227000.0,2358700.0,0,0,0,0,0,0
,,,,,,14,2026-02-01 09:57:38.192463,WNTR,24.98,25.01,25.16,2126000.0,2401800.0,0,0,0,0,0,0
2.0,1.0,1.0,,Aggregate Position Limit,Your CRO has set the aggregate position limit to 8000 shares for this week.,15,2026-02-01 09:57:39.222845,SPNG,24.98,24.81,24.98,2163500.0,2243900.0,0,0,0,0,0,0
1.0,1.0,1.0,,Welcome to the RITC 2026 Alogithmic Market Making Case - practice server,,15,2026-02-01 09:57:39.222845,SMMR,24.99,24.91,24.99,2178700.0,2217300.0,0,0,0,0,0,0
,,,,,,15,2026-02-01 09:57:39.222845,ATMN,24.95,24.78,24.81,2238900.0,2339800.0,0,0,0,0,0,0
,,,,,,15,2026-02-01 09:57:39.222845,WNTR,24.98,25.01,25.16,2126000.0,2354400.0,0,0,0,0,0,0
2.0,1.0,1.0,,Aggregate Position Limit,Your CRO has set the aggregate position limit to 8000 shares for this week.,16,2026-02-01 09:57:40.247326,SPNG,24.81,24.88,25.22,2165000.0,2255500.0,0,0,0,0,0,0
1.0,1.0,1.0,,Welcome to the RITC 2026 Alogithmic Market Making Case - practice server,,16,2026-02-01 09:57:40.247326,SMMR,24.93,24.9,24.93,2159500.0,2227500.0,0,0,0,0,0,0
,,,,,,16,2026-02-01 09:57:40.247326,ATMN,25.04,24.9,25.04,2225300.0,2349100.0,0,0,0,0,0,0
,,,,,,16,2026-02-01 09:57:40.247326,WNTR,25.01,24.83,25.01,2132200.0,2308900.0,0,0,0,0,0,0
2.0,1.0,1.0,,Aggregate Position Limit,Your CRO has set the aggregate position limit to 8000 shares for this week.,17,2026-02-01 09:57:41.262353,SPNG,24.97,24.97,25.05,2164400.0,2228300.0,0,0,0,0,0,0
1.0,1.0,1.0,,Welcome to the RITC 2026 Alogithmic Market Making Case - practice server,,17,2026-02-01 09:57:41.262353,SMMR,25.01,24.9,25.01,2187800.0,2230400.0,0,0,0,0,0,0
,,,,,,17,2026-02-01 09:57:41.262353,ATMN,25.12,24.9,25.04,2225300.0,2291400.0,0,0,0,0,0,0
,,,,,,17,2026-02-01 09:57:41.262353,WNTR,25.01,25.04,25.06,2115500.0,2334200.0,0,0,0,0,0,0
2.0,1.0,1.0,,Aggregate Position Limit,Your CRO has set the aggregate position limit to 8000 shares for this week.,18,2026-02-01 09:57:42.284579,SPNG,25.05,24.97,25.05,2164400.0,2266600.0,0,0,0,0,0,0
1.0,1.0,1.0,,Welcome to the RITC 2026 Alogithmic Market Making Case - practice server,,18,2026-02-01 09:57:42.284579,SMMR,24.94,24.94,25.01,2206300.0,2230400.0,0,0,0,0,0,0
,,,,,,18,2026-02-01 09:57:42.284579,ATMN,25.22,24.65,25.22,2238900.0,2355900.0,0,0,0,0,0,0
,,,,,,18,2026-02-01 09:57:42.284579,WNTR,24.91,25.01,25.06,2090400.0,2334200.0,0,0,0,0,0,0
2.0,1.0,1.0,,Aggregate Position Limit,Your CRO has set the aggregate position limit to 8000 shares for this week.,19,2026-02-01 09:57:43.312202,SPNG,25.05,24.97,25.05,2227900.0,2266600.0,0,0,0,0,0,0
1.0,1.0,1.0,,Welcome to the RITC 2026 Alogithmic Market Making Case - practice server,,19,2026-02-01 09:57:43.312202,SMMR,24.93,24.93,25.02,2191000.0,2247000.0,0,0,0,0,0,0
,,,,,,19,2026-02-01 09:57:43.312202,ATMN,24.71,24.65,25.22,2238900.0,2332700.0,0,0,0,0,0,0
,,,,,,19,2026-02-01 09:57:43.312202,WNTR,24.91,24.91,25.06,2088500.0,2334200.0,0,0,0,0,0,0
2.0,1.0,1.0,,Aggregate Position Limit,Your CRO has set the aggregate position limit to 8000 shares for this week.,20,2026-02-01 09:57:44.338727,SPNG,25.03,24.97,25.03,2252100.0,2289200.0,0,0,0,0,0,0
1.0,1.0,1.0,,Welcome to the RITC 2026 Alogithmic Market Making Case - practice server,,20,2026-02-01 09:57:44.338727,SMMR,25.08,24.93,24.96,2191000.0,2246900.0,0,0,0,0,0,0
,,,,,,20,2026-02-01 09:57:44.338727,ATMN,24.71,24.81,25.08,2223500.0,2287100.0,0,0,0,0,0,0
,,,,,,20,2026-02-01 09:57:44.338727,WNTR,24.79,24.79,25.02,2142300.0,2293000.0,0,0,0,0,0,0
2.0,1.0,1.0,,Aggregate Position Limit,Your CRO has set the aggregate position limit to 8000 shares for this week.,21,2026-02-01 09:57:45.362723,SPNG,25.05,25.08,25.22,2256900.0,2250500.0,0,0,0,0,0,0
1.0,1.0,1.0,,Welcome to the RITC 2026 Alogithmic Market Making Case - practice server,,21,2026-02-01 09:57:45.362723,SMMR,24.96,24.97,25.08,2198000.0,2266000.0,0,0,0,0,0,0
,,,,,,21,2026-02-01 09:57:45.362723,ATMN,24.65,24.65,25.08,2248700.0,2293300.0,0,0,0,0,0,0
,,,,,,21,2026-02-01 09:57:45.362723,WNTR,24.79,24.79,25.02,2137500.0,2286200.0,0,0,0,0,0,0
2.0,1.0,1.0,,Aggregate Position Limit,Your CRO has set the aggregate position limit to 8000 shares for this week.,22,2026-02-01 09:57:46.391143,SPNG,24.97,24.97,25.22,2252100.0,2267100.0,0,0,0,0,0,0
1.0,1.0,1.0,,Welcome to the RITC 2026 Alogithmic Market Making Case - practice server,,22,2026-02-01 09:57:46.391143,SMMR,25.09,24.97,25.09,2198000.0,2218900.0,0,0,0,0,0,0
,,,,,,22,2026-02-01 09:57:46.391143,ATMN,24.65,24.99,25.08,2271900.0,2293300.0,0,0,0,0,0,0
,,,,,,22,2026-02-01 09:57:46.391143,WNTR,25.06,24.79,25.06,2158800.0,2329800.0,0,0,0,0,0,0
2.0,1.0,1.0,,Aggregate Position Limit,Your CRO has set the aggregate position limit to 8000 shares for this week.,23,2026-02-01 09:57:47.442299,SPNG,24.97,24.97,25.22,2256300.0,2267100.0,0,0,0,0,0,0
1.0,1.0,1.0,,Welcome to the RITC 2026 Alogithmic Market Making Case - practice server,,23,2026-02-01 09:57:47.442299,SMMR,25.09,24.88,25.09,2184800.0,2218900.0,0,0,0,0,0,0
,,,,,,23,2026-02-01 09:57:47.442299,ATMN,25.15,24.99,25.15,2283500.0,2264900.0,0,0,0,0,0,0
,,,,,,23,2026-02-01 09:57:47.442299,WNTR,25.06,25.0,25.06,2206000.0,2329800.0,0,0,0,0,0,0
2.0,1.0,1.0,,Aggregate Position Limit,Your CRO has set the aggregate position limit to 8000 shares for this week.,24,2026-02-01 09:57:48.495616,SPNG,24.88,24.88,25.22,2194400.0,2267100.0,,0,0,0,0,0,0
1.0,1.0,1.0,,Welcome to the RITC 2026 Alogithmic Market Making Case - practice server,,24,2026-02-01 09:57:48.495616,SMMR,25.12,24.97,25.12,2095900.0,2220100.0,2500.0,0,0,0,0,0,0
,,,,,,24,2026-02-01 09:57:48.495616,ATMN,24.99,24.99,25.04,2298000.0,2258800.0,,0,0,0,0,0,0
,,,,,,24,2026-02-01 09:57:48.495616,WNTR,25.15,24.8,24.98,2074000.0,2294100.0,2500.0,0,0,0,0,0,0
2.0,1.0,1.0,,Aggregate Position Limit,Your CRO has set the aggregate position limit to 8000 shares for this week.,25,2026-02-01 09:57:49.544610,SPNG,25.21,25.21,25.22,2209700.0,2270700.0,,,0,0,0,0,0,0
1.0,1.0,1.0,,Welcome to the RITC 2026 Alogithmic Market Making Case - practice server,,25,2026-02-01 09:57:49.544610,SMMR,24.96,24.96,25.11,2066200.0,2109100.0,2500.0,2500.0,0,0,0,0,0,0
,,,,,,25,2026-02-01 09:57:49.544610,ATMN,25.04,24.98,25.04,2258900.0,2271500.0,,,0,0,0,0,0,0
,,,,,,25,2026-02-01 09:57:49.544610,WNTR,24.98,24.85,24.98,2154200.0,2188300.0,,2500.0,0,0,0,0,0,0
2.0,1.0,1.0,,Aggregate Position Limit,Your CRO has set the aggregate position limit to 8000 shares for this week.,27,2026-02-01 09:57:50.582263,SPNG,24.88,24.88,24.92,2201200.0,2272500.0,,,0,0,0,0,0,0
1.0,1.0,1.0,,Welcome to the RITC 2026 Alogithmic Market Making Case - practice server,,27,2026-02-01 09:57:50.582263,SMMR,25.01,24.97,25.01,1952500.0,1955300.0,5000.0,5000.0,0,0,0,0,0,0
,,,,,,27,2026-02-01 09:57:50.582263,ATMN,24.99,24.83,24.94,2244400.0,2190800.0,,2500.0,0,0,0,0,0,0
,,,,,,27,2026-02-01 09:57:50.582263,WNTR,24.91,24.88,24.91,2062400.0,2226400.0,2500.0,2500.0,0,0,0,0,0,0
2.0,1.0,1.0,,Aggregate Position Limit,Your CRO has set the aggregate position limit to 8000 shares for this week.,28,2026-02-01 09:57:51.631970,SPNG,24.92,24.89,24.92,2500.0,2069000.0,2272500.0,,0,0,0,0,0,0
1.0,1.0,1.0,,Welcome to the RITC 2026 Alogithmic Market Making Case - practice server,,28,2026-02-01 09:57:51.631970,SMMR,24.96,25.02,25.06,5000.0,1952500.0,1966700.0,5000.0,0,0,0,0,0,0
,,,,,,28,2026-02-01 09:57:51.631970,ATMN,24.99,24.83,24.94,,2275600.0,2235200.0,2500.0,0,0,0,0,0,0
,,,,,,28,2026-02-01 09:57:51.631970,WNTR,24.98,24.88,24.93,2500.0,2087800.0,2220300.0,2500.0,0,0,0,0,0,0
2.0,1.0,1.0,,Aggregate Position Limit,Your CRO has set the aggregate position limit to 8000 shares for this week.,29,2026-02-01 09:57:52.672085,SPNG,24.92,24.89,24.91,2500.0,2156200.0,2500.0,2145700.0,0,0,0,0,0,0
1.0,1.0,1.0,,Welcome to the RITC 2026 Alogithmic Market Making Case - practice server,,29,2026-02-01 09:57:52.672085,SMMR,24.88,24.88,25.06,,2173400.0,7500.0,1845200.0,0,0,0,0,0,0
,,,,,,29,2026-02-01 09:57:52.672085,ATMN,24.96,24.84,24.96,2500.0,2170500.0,2500.0,2263300.0,0,0,0,0,0,0
,,,,,,29,2026-02-01 09:57:52.672085,WNTR,24.88,24.88,24.93,2500.0,2113600.0,2500.0,2201800.0,0,0,0,0,0,0
2.0,1.0,1.0,,Aggregate Position Limit,Your CRO has set the aggregate position limit to 8000 shares for this week.,30,2026-02-01 09:57:53.699561,SPNG,24.8,24.8,24.81,2248400.0,2154200.0,2500.0,,0,0,0,0,0,0
1.0,1.0,1.0,,Welcome to the RITC 2026 Alogithmic Market Making Case - practice server,,30,2026-02-01 09:57:53.699561,SMMR,25.08,25.01,25.08,2029000.0,1843100.0,7500.0,2500.0,0,0,0,0,0,0
,,,,,,30,2026-02-01 09:57:53.699561,ATMN,24.74,24.86,24.95,2280700.0,2137300.0,5000.0,,0,0,0,0,0,0
,,,,,,30,2026-02-01 09:57:53.699561,WNTR,24.87,24.86,24.87,2142300.0,2196100.0,2500.0,2500.0,0,0,0,0,0,0
2.0,1.0,1.0,,Aggregate Position Limit,Your CRO has set the aggregate position limit to 8000 shares for this week.,31,2026-02-01 09:57:54.722358,SPNG,24.8,24.8,24.81,2293000.0,2154200.0,2500.0,,0,0,0,0,0,0
1.0,1.0,1.0,,Welcome to the RITC 2026 Alogithmic Market Making Case - practice server,,31,2026-02-01 09:57:54.722358,SMMR,25.09,25.01,25.02,2029000.0,1961500.0,5000.0,2500.0,0,0,0,0,0,0
,,,,,,31,2026-02-01 09:57:54.722358,ATMN,25.21,24.81,25.21,2176500.0,2320700.0,,2500.0,0,0,0,0,0,0
,,,,,,31,2026-02-01 09:57:54.722358,WNTR,24.93,24.86,24.93,2159800.0,2201800.0,2500.0,2500.0,0,0,0,0,0,0
2.0,1.0,1.0,,Aggregate Position Limit,Your CRO has set the aggregate position limit to 8000 shares for this week.,32,2026-02-01 09:57:55.765215,SPNG,24.92,24.81,24.92,2500.0,2168600.0,2248500.0,,0,0,0,0,0,0
1.0,1.0,1.0,,Welcome to the RITC 2026 Alogithmic Market Making Case - practice server,,32,2026-02-01 09:57:55.765215,SMMR,25.11,25.11,25.12,2500.0,2047000.0,2201400.0,,0,0,0,0,0,0
,,,,,,32,2026-02-01 09:57:55.765215,ATMN,24.74,24.82,24.94,2500.0,2208100.0,2226500.0,2500.0,0,0,0,0,0,0
,,,,,,32,2026-02-01 09:57:55.765215,WNTR,24.93,24.83,24.93,,2256900.0,2201800.0,2500.0,0,0,0,0,0,0
2.0,1.0,1.0,,Aggregate Position Limit,Your CRO has set the aggregate position limit to 8000 shares for this week.,33,2026-02-01 09:57:56.796393,SPNG,24.92,24.82,24.91,5000.0,2033000.0,2500.0,2146100.0,0,0,0,0,0,0
1.0,1.0,1.0,,Welcome to the RITC 2026 Alogithmic Market Making Case - practice server,,33,2026-02-01 09:57:56.796393,SMMR,25.01,25.01,25.11,2500.0,2052200.0,,2165200.0,0,0,0,0,0,0
,,,,,,33,2026-02-01 09:57:56.796393,ATMN,24.93,25.01,25.15,2500.0,2237600.0,,2345000.0,0,0,0,0,0,0
,,,,,,33,2026-02-01 09:57:56.796393,WNTR,24.93,24.91,24.93,,2264900.0,2500.0,2207000.0,0,0,0,0,0,0
2.0,1.0,1.0,,Aggregate Position Limit,Your CRO has set the aggregate position limit to 8000 shares for this week.,34,2026-02-01 09:57:57.815546,SPNG,24.86,24.82,24.86,5000.0,2014500.0,2050500.0,5000.0,0,0,0,0,0,0
1.0,1.0,1.0,,Welcome to the RITC 2026 Alogithmic Market Making Case - practice server,,34,2026-02-01 09:57:57.815546,SMMR,25.02,24.99,25.02,2500.0,2095400.0,2046400.0,2500.0,0,0,0,0,0,0
,,,,,,34,2026-02-01 09:57:57.815546,ATMN,25.15,25.02,25.15,5000.0,2095100.0,2216900.0,2500.0,0,0,0,0,0,0
,,,,,,34,2026-02-01 09:57:57.815546,WNTR,25.0,24.91,25.0,,2264900.0,2210000.0,2500.0,0,0,0,0,0,0
2.0,1.0,1.0,,Aggregate Position Limit,Your CRO has set the aggregate position limit to 8000 shares for this week.,35,2026-02-01 09:57:58.832604,SPNG,25.24,24.83,25.2,7500.0,1895100.0,2273200.0,,0,0,0,0,0,0
1.0,1.0,1.0,,Welcome to the RITC 2026 Alogithmic Market Making Case - practice server,,35,2026-02-01 09:57:58.832604,SMMR,24.99,24.99,25.11,2500.0,2080900.0,2040800.0,2500.0,0,0,0,0,0,0
,,,,,,35,2026-02-01 09:57:58.832604,ATMN,25.01,25.03,25.13,5000.0,2095100.0,2236300.0,2500.0,0,0,0,0,0,0
,,,,,,35,2026-02-01 09:57:58.832604,WNTR,25.0,24.92,24.96,2500.0,2132400.0,2209700.0,2500.0,0,0,0,0,0,0
2.0,1.0,1.0,,Aggregate Position Limit,Your CRO has set the aggregate position limit to 8000 shares for this week.,36,2026-02-01 09:57:59.852742,SPNG,24.79,24.79,25.08,2286700.0,2500.0,2146700.0,,0,0,0,0,0,0
1.0,1.0,1.0,,Welcome to the RITC 2026 Alogithmic Market Making Case - practice server,,36,2026-02-01 09:57:59.852742,SMMR,25.09,25.04,25.05,2082400.0,2500.0,2053900.0,2500.0,0,0,0,0,0,0
,,,,,,36,2026-02-01 09:57:59.852742,ATMN,25.01,24.87,24.93,2208600.0,5000.0,2077100.0,2500.0,0,0,0,0,0,0
,,,,,,36,2026-02-01 09:57:59.852742,WNTR,24.91,24.91,24.96,2264900.0,5000.0,2048500.0,,0,0,0,0,0,0
2.0,1.0,1.0,,Aggregate Position Limit,Your CRO has set the aggregate position limit to 8000 shares for this week.,37,2026-02-01 09:58:00.882567,SPNG,25.22,24.84,25.07,2500.0,2151200.0,2500.0,2148500.0,0,0,0,0,0,0
1.0,1.0,1.0,,Welcome to the RITC 2026 Alogithmic Market Making Case - practice server,,37,2026-02-01 09:58:00.882567,SMMR,25.05,25.06,25.11,2500.0,2066100.0,2500.0,2040800.0,0,0,0,0,0,0
,,,,,,37,2026-02-01 09:58:00.882567,ATMN,24.87,24.87,24.92,5000.0,2075800.0,7500.0,1965400.0,0,0,0,0,0,0
,,,,,,37,2026-02-01 09:58:00.882567,WNTR,24.91,24.92,24.95,2500.0,2121500.0,7500.0,1943400.0,0,0,0,0,0,0
2.0,1.0,1.0,,Aggregate Position Limit,Your CRO has set the aggregate position limit to 8000 shares for this week.,38,2026-02-01 09:58:01.906753,SPNG,25.22,24.8,25.08,2287800.0,2241900.0,,,0,0,0,0,0,0
1.0,1.0,1.0,,Welcome to the RITC 2026 Alogithmic Market Making Case - practice server,,38,2026-02-01 09:58:01.906753,SMMR,25.08,25.07,25.08,1951000.0,2207400.0,5000.0,,0,0,0,0,0,0
,,,,,,38,2026-02-01 09:58:01.906753,ATMN,25.21,24.88,25.16,1973000.0,2344800.0,7500.0,,0,0,0,0,0,0
,,,,,,38,2026-02-01 09:58:01.906753,WNTR,24.83,24.83,24.95,2251000.0,2050300.0,,5000.0,0,0,0,0,0,0
2.0,1.0,1.0,,Aggregate Position Limit,Your CRO has set the aggregate position limit to 8000 shares for this week.,39,2026-02-01 09:58:02.922516,SPNG,24.73,24.73,25.08,2335100.0,2241900.0,,,0,0,0,0,0,0
1.0,1.0,1.0,,Welcome to the RITC 2026 Alogithmic Market Making Case - practice server,,39,2026-02-01 09:58:02.922516,SMMR,25.08,25.1,25.11,2102800.0,2073000.0,2500.0,2500.0,0,0,0,0,0,0
,,,,,,39,2026-02-01 09:58:02.922516,ATMN,24.75,24.75,25.14,2313300.0,2233700.0,,2500.0,0,0,0,0,0,0
,,,,,,39,2026-02-01 09:58:02.922516,WNTR,24.99,24.84,24.99,2118500.0,2269600.0,2500.0,,0,0,0,0,0,0
2.0,1.0,1.0,,Aggregate Position Limit,Your CRO has set the aggregate position limit to 8000 shares for this week.,40,2026-02-01 09:58:03.965298,SPNG,24.78,24.77,24.78,2500.0,2219800.0,2140600.0,2500.0,0,0,0,0,0,0
1.0,1.0,1.0,,Welcome to the RITC 2026 Alogithmic Market Making Case - practice server,,40,2026-02-01 09:58:03.965298,SMMR,25.1,25.1,25.11,2500.0,2101900.0,2062300.0,2500.0,0,0,0,0,0,0
,,,,,,40,2026-02-01 09:58:03.965298,ATMN,24.94,24.94,25.13,2500.0,2231200.0,2213200.0,2500.0,0,0,0,0,0,0
,,,,,,40,2026-02-01 09:58:03.965298,WNTR,24.99,24.88,24.92,2500.0,2096400.0,2127300.0,2500.0,0,0,0,0,0,0
2.0,1.0,1.0,,Aggregate Position Limit,Your CRO has set the aggregate position limit to 8000 shares for this week.,41,2026-02-01 09:58:04.992477,SPNG,24.78,24.77,24.78,2500.0,2189500.0,2140600.0,2500.0,0,0,0,0,0,0
1.0,1.0,1.0,,Welcome to the RITC 2026 Alogithmic Market Making Case - practice server,,41,2026-02-01 09:58:04.992477,SMMR,24.99,24.99,25.06,,2209700.0,2086900.0,2500.0,0,0,0,0,0,0
,,,,,,41,2026-02-01 09:58:04.992477,ATMN,24.75,24.95,25.13,2500.0,2191900.0,2218700.0,2500.0,0,0,0,0,0,0
,,,,,,41,2026-02-01 09:58:04.992477,WNTR,24.92,24.89,24.91,5000.0,1997300.0,2030200.0,5000.0,0,0,0,0,0,0
2.0,1.0,1.0,,Aggregate Position Limit,Your CRO has set the aggregate position limit to 8000 shares for this week.,42,2026-02-01 09:58:06.032543,SPNG,24.78,24.77,24.78,2500.0,2180900.0,2140600.0,2500.0,0,0,0,0,0,0
1.0,1.0,1.0,,Welcome to the RITC 2026 Alogithmic Market Making Case - practice server,,42,2026-02-01 09:58:06.032543,SMMR,24.99,25.0,25.06,2500.0,2079000.0,2086900.0,2500.0,0,0,0,0,0,0
,,,,,,42,2026-02-01 09:58:06.032543,ATMN,24.97,24.97,25.12,2500.0,2196000.0,2111200.0,5000.0,0,0,0,0,0,0
,,,,,,42,2026-02-01 09:58:06.032543,WNTR,24.83,24.83,24.89,,2224200.0,2011300.0,5000.0,0,0,0,0,0,0
2.0,1.0,1.0,,Aggregate Position Limit,Your CRO has set the aggregate position limit to 8000 shares for this week.,43,2026-02-01 09:58:07.087218,SPNG,24.78,24.79,25.22,5000.0,2105400.0,2250900.0,,0,0,0,0,0,0
1.0,1.0,1.0,,Welcome to the RITC 2026 Alogithmic Market Making Case - practice server,,43,2026-02-01 09:58:07.087218,SMMR,25.06,24.95,24.98,,2187000.0,2078700.0,2500.0,0,0,0,0,0,0
,,,,,,43,2026-02-01 09:58:07.087218,ATMN,25.15,24.75,24.89,,2326000.0,2343600.0,,0,0,0,0,0,0
,,,,,,43,2026-02-01 09:58:07.087218,WNTR,24.78,24.78,24.97,,2229400.0,2114400.0,2500.0,0,0,0,0,0,0
2.0,1.0,1.0,,Aggregate Position Limit,Your CRO has set the aggregate position limit to 8000 shares for this week.,44,2026-02-01 09:58:08.104227,SPNG,24.79,24.78,24.79,2212800.0,2500.0,2173500.0,2500.0,0,0,0,0,0,0
1.0,1.0,1.0,,Welcome to the RITC 2026 Alogithmic Market Making Case - practice server,,44,2026-02-01 09:58:08.104227,SMMR,24.91,24.91,25.05,2188500.0,,1983600.0,5000.0,0,0,0,0,0,0
,,,,,,44,2026-02-01 09:58:08.104227,ATMN,25.22,24.76,25.22,2225000.0,2500.0,2295400.0,,0,0,0,0,0,0
,,,,,,44,2026-02-01 09:58:08.104227,WNTR,24.78,24.84,24.87,2114600.0,2500.0,2004400.0,5000.0,0,0,0,0,0,0
2.0,1.0,1.0,,Aggregate Position Limit,Your CRO has set the aggregate position limit to 8000 shares for this week.,45,2026-02-01 09:58:09.145361,SPNG,24.76,24.76,24.79,2288300.0,2173500.0,2500.0,,0,0,0,0,0,0
1.0,1.0,1.0,,Welcome to the RITC 2026 Alogithmic Market Making Case - practice server,,45,2026-02-01 09:58:09.145361,SMMR,24.88,24.92,24.98,2190000.0,1987900.0,5000.0,,0,0,0,0,0,0
,,,,,,45,2026-02-01 09:58:09.145361,ATMN,24.91,24.76,24.91,2225000.0,2318100.0,,2500.0,0,0,0,0,0,0
,,,,,,45,2026-02-01 09:58:09.145361,WNTR,24.81,24.82,24.87,2113900.0,2004400.0,5000.0,2500.0,0,0,0,0,0,0
2.0,1.0,1.0,,Aggregate Position Limit,Your CRO has set the aggregate position limit to 8000 shares for this week.,46,2026-02-01 09:58:10.177422,SPNG,25.27,24.76,25.27,2288300.0,2277700.0,,,0,0,0,0,0,0
1.0,1.0,1.0,,Welcome to the RITC 2026 Alogithmic Market Making Case - practice server,,46,2026-02-01 09:58:10.177422,SMMR,24.98,24.99,25.04,2187400.0,1859400.0,7500.0,,0,0,0,0,0,0
,,,,,,46,2026-02-01 09:58:10.177422,ATMN,24.91,25.01,25.1,2235900.0,2222200.0,2500.0,2500.0,0,0,0,0,0,0
,,,,,,46,2026-02-01 09:58:10.177422,WNTR,24.87,24.89,24.96,2207100.0,2016900.0,5000.0,,0,0,0,0,0,0
2.0,1.0,1.0,,Aggregate Position Limit,Your CRO has set the aggregate position limit to 8000 shares for this week.,47,2026-02-01 09:58:11.244836,SPNG,25.27,24.85,24.93,2206400.0,2500.0,2149700.0,2500.0,0,0,0,0,0,0
1.0,1.0,1.0,,Welcome to the RITC 2026 Alogithmic Market Making Case - practice server,,47,2026-02-01 09:58:11.244836,SMMR,24.99,24.99,25.08,2187400.0,,2082100.0,2500.0,0,0,0,0,0,0
,,,,,,47,2026-02-01 09:58:11.244836,ATMN,25.02,24.74,25.01,2357800.0,,2254900.0,2500.0,0,0,0,0,0,0
,,,,,,47,2026-02-01 09:58:11.244836,WNTR,24.89,24.78,24.85,2245700.0,,2251200.0,,0,0,0,0,0,0
2.0,1.0,1.0,,Aggregate Position Limit,Your CRO has set the aggregate position limit to 8000 shares for this week.,48,2026-02-01 09:58:12.282636,SPNG,24.85,24.85,24.93,2206400.0,2500.0,2178000.0,2500.0,0,0,0,0,0,0
1.0,1.0,1.0,,Welcome to the RITC 2026 Alogithmic Market Making Case - practice server,,48,2026-02-01 09:58:12.282636,SMMR,25.12,24.87,25.12,2225100.0,,2174200.0,,0,0,0,0,0,0
,,,,,,48,2026-02-01 09:58:12.282636,ATMN,25.01,24.74,25.01,2357800.0,,2108100.0,5000.0,0,0,0,0,0,0
,,,,,,48,2026-02-01 09:58:12.282636,WNTR,24.93,24.78,24.93,2256800.0,,2129900.0,2500.0,0,0,0,0,0,0
2.0,1.0,1.0,,Aggregate Position Limit,Your CRO has set the aggregate position limit to 8000 shares for this week.,49,2026-02-01 09:58:13.302649,SPNG,25.27,24.86,24.92,5000.0,2109600.0,2500.0,2185400.0,0,0,0,0,0,0
1.0,1.0,1.0,,Welcome to the RITC 2026 Alogithmic Market Making Case - practice server,,49,2026-02-01 09:58:13.302649,SMMR,25.13,24.94,25.13,,2225500.0,,2178800.0,0,0,0,0,0,0
,,,,,,49,2026-02-01 09:58:13.302649,ATMN,24.71,24.71,25.0,,2332200.0,7500.0,1967900.0,0,0,0,0,0,0
,,,,,,49,2026-02-01 09:58:13.302649,WNTR,24.79,24.78,24.79,,2280800.0,2500.0,2115500.0,0,0,0,0,0,0
2.0,1.0,1.0,,Aggregate Position Limit,Your CRO has set the aggregate position limit to 8000 shares for this week.,50,2026-02-01 09:58:14.322441,SPNG,25.27,24.86,24.92,5000.0,2124300.0,2500.0,2185400.0,0,0,0,0,0,0
1.0,1.0,1.0,,Welcome to the RITC 2026 Alogithmic Market Making Case - practice server,,50,2026-02-01 09:58:14.322441,SMMR,25.14,25.11,25.14,2500.0,2091000.0,,2182600.0,0,0,0,0,0,0
,,,,,,50,2026-02-01 09:58:14.322441,ATMN,25.1,24.97,25.1,2500.0,2211900.0,2500.0,2222200.0,0,0,0,0,0,0
,,,,,,50,2026-02-01 09:58:14.322441,WNTR,24.78,24.77,24.78,,2341700.0,5000.0,2018000.0,0,0,0,0,0,0
2.0,1.0,1.0,,Aggregate Position Limit,Your CRO has set the aggregate position limit to 8000 shares for this week.,51,2026-02-01 09:58:15.362848,SPNG,24.85,24.77,24.82,2500.0,2228600.0,2044600.0,5000.0,0,0,0,0,0,0
1.0,1.0,1.0,,Welcome to the RITC 2026 Alogithmic Market Making Case - practice server,,51,2026-02-01 09:58:15.362848,SMMR,24.94,24.94,25.12,,2229400.0,2097700.0,2500.0,0,0,0,0,0,0
,,,,,,51,2026-02-01 09:58:15.362848,ATMN,25.15,24.97,25.15,2500.0,2219800.0,2206100.0,2500.0,0,0,0,0,0,0
,,,,,,51,2026-02-01 09:58:15.362848,WNTR,24.81,24.77,24.81,,2335200.0,1998700.0,5000.0,0,0,0,0,0,0
2.0,1.0,1.0,,Aggregate Position Limit,Your CRO has set the aggregate position limit to 8000 shares for this week.,52,2026-02-01 09:58:16.430996,SPNG,24.72,24.72,24.81,2333800.0,7500.0,1901300.0,,0,0,0,0,0,0
1.0,1.0,1.0,,Welcome to the RITC 2026 Alogithmic Market Making Case - practice server,,52,2026-02-01 09:58:16.430996,SMMR,25.14,24.88,25.06,2229800.0,2500.0,2106600.0,,0,0,0,0,0,0
,,,,,,52,2026-02-01 09:58:16.430996,ATMN,25.15,24.98,25.14,2055300.0,5000.0,2077500.0,5000.0,0,0,0,0,0,0
,,,,,,52,2026-02-01 09:58:16.430996,WNTR,24.9,24.77,24.85,2335200.0,2500.0,2094300.0,,0,0,0,0,0,0
2.0,1.0,1.0,,Aggregate Position Limit,Your CRO has set the aggregate position limit to 8000 shares for this week.,53,2026-02-01 09:58:17.502251,SPNG,24.92,25.15,25.21,2345500.0,2293700.0,,,0,0,0,0,0,0
1.0,1.0,1.0,,Welcome to the RITC 2026 Alogithmic Market Making Case - practice server,,53,2026-02-01 09:58:17.502251,SMMR,24.88,24.95,25.05,2130700.0,1983600.0,2500.0,5000.0,0,0,0,0,0,0
,,,,,,53,2026-02-01 09:58:17.502251,ATMN,25.15,25.15,25.2,1912200.0,2205900.0,7500.0,2500.0,0,0,0,0,0,0
,,,,,,53,2026-02-01 09:58:17.502251,WNTR,24.77,24.77,24.81,2355200.0,2117200.0,,2500.0,0,0,0,0,0,0
2.0,1.0,1.0,,Aggregate Position Limit,Your CRO has set the aggregate position limit to 8000 shares for this week.,54,2026-02-01 09:58:18.562081,SPNG,25.15,24.86,24.88,2329000.0,2306400.0,,,0,0,0,0,0,0
1.0,1.0,1.0,,Welcome to the RITC 2026 Alogithmic Market Making Case - practice server,,54,2026-02-01 09:58:18.562081,SMMR,24.88,24.96,25.0,2044000.0,2005700.0,5000.0,5000.0,0,0,0,0,0,0
,,,,,,54,2026-02-01 09:58:18.562081,ATMN,25.16,24.94,24.98,2167300.0,2224800.0,2500.0,2500.0,0,0,0,0,0,0
,,,,,,54,2026-02-01 09:58:18.562081,WNTR,24.81,24.77,24.81,2372100.0,2090700.0,,2500.0,0,0,0,0,0,0
2.0,1.0,1.0,,Aggregate Position Limit,Your CRO has set the aggregate position limit to 8000 shares for this week.,55,2026-02-01 09:58:19.612273,SPNG,24.88,24.77,24.88,2338300.0,2306400.0,,,0,0,0,0,0,0
1.0,1.0,1.0,,Welcome to the RITC 2026 Alogithmic Market Making Case - practice server,,55,2026-02-01 09:58:19.612273,SMMR,24.95,24.95,25.0,2175000.0,1881500.0,2500.0,7500.0,0,0,0,0,0,0
,,,,,,55,2026-02-01 09:58:19.612273,ATMN,24.98,24.99,25.12,2085300.0,2098400.0,5000.0,5000.0,0,0,0,0,0,0
,,,,,,55,2026-02-01 09:58:19.612273,WNTR,24.77,24.77,24.81,2365500.0,2132300.0,,2500.0,0,0,0,0,0,0
2.0,1.0,1.0,,Aggregate Position Limit,Your CRO has set the aggregate position limit to 8000 shares for this week.,56,2026-02-01 09:58:20.665484,SPNG,25.16,24.78,24.87,2500.0,2231900.0,2500.0,2192300.0,0,0,0,0,0,0
1.0,1.0,1.0,,Welcome to the RITC 2026 Alogithmic Market Making Case - practice server,,56,2026-02-01 09:58:20.665484,SMMR,25.06,25.01,25.06,,2253700.0,2500.0,2104900.0,0,0,0,0,0,0
,,,,,,56,2026-02-01 09:58:20.665484,ATMN,25.11,24.99,25.11,5000.0,2085300.0,5000.0,2094200.0,0,0,0,0,0,0
,,,,,,56,2026-02-01 09:58:20.665484,WNTR,24.75,24.75,24.78,,2365700.0,2500.0,2124500.0,0,0,0,0,0,0
2.0,1.0,1.0,,Aggregate Position Limit,Your CRO has set the aggregate position limit to 8000 shares for this week.,57,2026-02-01 09:58:21.718040,SPNG,25.21,24.77,25.21,2326300.0,2270100.0,0,0,0,0,0,0,0,0
1.0,1.0,1.0,,Welcome to the RITC 2026 Alogithmic Market Making Case - practice server,,57,2026-02-01 09:58:21.718040,SMMR,24.87,24.87,25.06,2251200.0,2208300.0,0,0,0,0,0,0,0,0
,,,,,,57,2026-02-01 09:58:21.718040,ATMN,24.94,24.94,25.2,2300500.0,2303200.0,0,0,0,0,0,0,0,0
,,,,,,57,2026-02-01 09:58:21.718040,WNTR,24.75,24.75,24.78,2365700.0,2248300.0,0,0,0,0,0,0,0,0
2.0,1.0,1.0,,Aggregate Position Limit,Your CRO has set the aggregate position limit to 8000 shares for this week.,59,2026-02-01 09:58:22.764264,SPNG,25.27,24.67,25.27,2295800.0,2289000.0,0,0,0,0,0,0,0,0
1.0,1.0,1.0,,Welcome to the RITC 2026 Alogithmic Market Making Case - practice server,,59,2026-02-01 09:58:22.764264,SMMR,25.07,24.87,25.07,2278800.0,2190500.0,0,0,0,0,0,0,0,0
,,,,,,59,2026-02-01 09:58:22.764264,ATMN,24.87,25.11,25.2,2299100.0,2303200.0,0,0,0,0,0,0,0,0
,,,,,,59,2026-02-01 09:58:22.764264,WNTR,24.78,24.8,24.81,2358700.0,2276700.0,0,0,0,0,0,0,0,0
2.0,1.0,1.0,,Aggregate Position Limit,Your CRO has set the aggregate position limit to 8000 shares for this week.,60,2026-02-01 09:58:23.822017,SPNG,25.21,25.42,0.0,200000.0,0,0,0,0,0,0,0,0,0
1.0,1.0,1.0,,Welcome to the RITC 2026 Alogithmic Market Making Case - practice server,,60,2026-02-01 09:58:23.822017,SMMR,25.14,25.53,0.0,200000.0,0,0,0,0,0,0,0,0,0
,,,,,,60,2026-02-01 09:58:23.822017,ATMN,25.23,25.64,0.0,200000.0,0,0,0,0,0,0,0,0,0
,,,,,,60,2026-02-01 09:58:23.822017,WNTR,24.74,25.02,0.0,200000.0,0,0,0,0,0,0,0,0,0
2.0,1.0,1.0,,Aggregate Position Limit,Your CRO has set the aggregate position limit to 8000 shares for this week.,61,2026-02-01 09:58:24.852483,SPNG,25.21,25.43,26.01,2500.0,986700.0,925700.0,0,0,0,0,0,0,0
1.0,1.0,1.0,,Welcome to the RITC 2026 Alogithmic Market Making Case - practice server,,61,2026-02-01 09:58:24.852483,SMMR,25.53,25.53,25.6,,1072000.0,840000.0,0,0,0,0,0,0,0
,,,,,,61,2026-02-01 09:58:24.852483,ATMN,25.38,25.65,25.76,2500.0,999400.0,991500.0,0,0,0,0,0,0,0
,,,,,,61,2026-02-01 09:58:24.852483,WNTR,25.02,25.02,25.2,,979900.0,984600.0,0,0,0,0,0,0,0
2.0,1.0,1.0,,Aggregate Position Limit,Your CRO has set the aggregate position limit to 8000 shares for this week.,62,2026-02-01 09:58:25.877731,SPNG,25.42,24.43,25.11,1040900.0,1184900.0,2500.0,,0,0,0,0,0,0
1.0,1.0,1.0,,Welcome to the RITC 2026 Alogithmic Market Making Case - practice server,,62,2026-02-01 09:58:25.877731,SMMR,25.59,25.6,25.61,1291000.0,978000.0,,2500.0,0,0,0,0,0,0
,,,,,,62,2026-02-01 09:58:25.877731,ATMN,25.76,25.65,25.76,999400.0,1197400.0,2500.0,2500.0,0,0,0,0,0,0
,,,,,,62,2026-02-01 09:58:25.877731,WNTR,25.02,24.78,24.94,985100.0,1315300.0,2500.0,,0,0,0,0,0,0
2.0,1.0,1.0,,Aggregate Position Limit,Your CRO has set the aggregate position limit to 8000 shares for this week.,63,2026-02-01 09:58:26.912208,SPNG,26.01,24.46,26.01,2500.0,1304000.0,925700.0,2500.0,0,0,0,0,0,0
1.0,1.0,1.0,,Welcome to the RITC 2026 Alogithmic Market Making Case - practice server,,63,2026-02-01 09:58:26.912208,SMMR,25.51,25.51,25.69,,1097200.0,864300.0,,0,0,0,0,0,0
,,,,,,63,2026-02-01 09:58:26.912208,ATMN,25.54,25.46,25.54,2500.0,1247700.0,1318400.0,2500.0,0,0,0,0,0,0
,,,,,,63,2026-02-01 09:58:26.912208,WNTR,24.94,25.02,25.19,,1464500.0,1197200.0,2500.0,0,0,0,0,0,0
2.0,1.0,1.0,,Aggregate Position Limit,Your CRO has set the aggregate position limit to 8000 shares for this week.,64,2026-02-01 09:58:27.937711,SPNG,26.01,24.79,25.1,1684300.0,2500.0,5000.0,925700.0,0,0,0,0,0,0
1.0,1.0,1.0,,Welcome to the RITC 2026 Alogithmic Market Making Case - practice server,,64,2026-02-01 09:58:27.937711,SMMR,26.14,25.51,26.14,1097200.0,,,853500.0,0,0,0,0,0,0
,,,,,,64,2026-02-01 09:58:27.937711,ATMN,25.94,25.46,25.94,1478200.0,2500.0,2500.0,1074500.0,0,0,0,0,0,0
,,,,,,64,2026-02-01 09:58:27.937711,WNTR,25.2,25.02,25.2,1464500.0,2500.0,,1320300.0,0,0,0,0,0,0
2.0,1.0,1.0,,Aggregate Position Limit,Your CRO has set the aggregate position limit to 8000 shares for this week.,65,2026-02-01 09:58:28.958758,SPNG,25.27,25.27,25.39,1797700.0,5000.0,1140800.0,2500.0,0,0,0,0,0,0
1.0,1.0,1.0,,Welcome to the RITC 2026 Alogithmic Market Making Case - practice server,,65,2026-02-01 09:58:28.958758,SMMR,25.5,25.38,25.5,1099100.0,,1162200.0,,0,0,0,0,0,0
,,,,,,65,2026-02-01 09:58:28.958758,ATMN,25.94,25.47,25.57,1850800.0,5000.0,1205500.0,5000.0,0,0,0,0,0,0
,,,,,,65,2026-02-01 09:58:28.958758,WNTR,24.91,24.91,24.96,1449500.0,2500.0,1352500.0,2500.0,0,0,0,0,0,0
2.0,1.0,1.0,,Aggregate Position Limit,Your CRO has set the aggregate position limit to 8000 shares for this week.,66,2026-02-01 09:58:29.974299,SPNG,25.27,25.35,25.39,2052800.0,5000.0,1223300.0,2500.0,0,0,0,0,0,0
1.0,1.0,1.0,,Welcome to the RITC 2026 Alogithmic Market Making Case - practice server,,66,2026-02-01 09:58:29.974299,SMMR,25.63,25.4,25.63,1232200.0,,1286200.0,2500.0,0,0,0,0,0,0
,,,,,,66,2026-02-01 09:58:29.974299,ATMN,25.57,25.63,25.89,1987900.0,5000.0,1250900.0,5000.0,0,0,0,0,0,0
,,,,,,66,2026-02-01 09:58:29.974299,WNTR,24.91,24.92,24.96,1824300.0,2500.0,1352500.0,2500.0,0,0,0,0,0,0
2.0,1.0,1.0,,Aggregate Position Limit,Your CRO has set the aggregate position limit to 8000 shares for this week.,67,2026-02-01 09:58:31.010586,SPNG,25.39,25.35,25.39,2266500.0,5000.0,1223300.0,2500.0,0,0,0,0,0,0
1.0,1.0,1.0,,Welcome to the RITC 2026 Alogithmic Market Making Case - practice server,,67,2026-02-01 09:58:31.010586,SMMR,25.4,25.42,25.62,1355500.0,,1404600.0,5000.0,0,0,0,0,0,0
,,,,,,67,2026-02-01 09:58:31.010586,ATMN,25.57,25.64,25.88,1987900.0,7500.0,1619400.0,7500.0,0,0,0,0,0,0
,,,,,,67,2026-02-01 09:58:31.010586,WNTR,24.96,24.92,24.96,2034900.0,2500.0,1352500.0,2500.0,0,0,0,0,0,0
2.0,1.0,1.0,,Aggregate Position Limit,Your CRO has set the aggregate position limit to 8000 shares for this week.,68,2026-02-01 09:58:32.046124,SPNG,25.39,25.49,25.63,2249900.0,5000.0,1439800.0,2500.0,0,0,0,0,0,0
1.0,1.0,1.0,,Welcome to the RITC 2026 Alogithmic Market Making Case - practice server,,68,2026-02-01 09:58:32.046124,SMMR,25.66,25.5,25.56,1459400.0,2500.0,1427800.0,5000.0,0,0,0,0,0,0
,,,,,,68,2026-02-01 09:58:32.046124,ATMN,25.57,25.65,25.69,1987900.0,10000.0,1780700.0,10000.0,0,0,0,0,0,0
,,,,,,68,2026-02-01 09:58:32.046124,WNTR,24.96,25.14,25.19,2280700.0,2500.0,1350400.0,2500.0,0,0,0,0,0,0
2.0,1.0,1.0,,Aggregate Position Limit,Your CRO has set the aggregate position limit to 8000 shares for this week.,69,2026-02-01 09:58:33.085880,SPNG,25.63,25.36,25.63,7500.0,2103700.0,1347900.0,2500.0,0,0,0,0,0,0
1.0,1.0,1.0,,Welcome to the RITC 2026 Alogithmic Market Making Case - practice server,,69,2026-02-01 09:58:33.085880,SMMR,25.52,25.5,25.52,2500.0,1578900.0,1776000.0,5000.0,0,0,0,0,0,0
,,,,,,69,2026-02-01 09:58:33.085880,ATMN,25.66,25.46,25.56,2500.0,1978100.0,1674700.0,12500.0,0,0,0,0,0,0
,,,,,,69,2026-02-01 09:58:33.085880,WNTR,24.93,24.92,24.93,2500.0,2252000.0,1693900.0,2500.0,0,0,0,0,0,0
2.0,1.0,1.0,,Aggregate Position Limit,Your CRO has set the aggregate position limit to 8000 shares for this week.,70,2026-02-01 09:58:34.144283,SPNG,25.27,25.28,25.63,7500.0,2120900.0,1571600.0,2500.0,0,0,0,0,0,0
1.0,1.0,1.0,,Welcome to the RITC 2026 Alogithmic Market Making Case - practice server,,70,2026-02-01 09:58:34.144283,SMMR,25.56,25.5,25.56,2500.0,1709100.0,1769800.0,5000.0,0,0,0,0,0,0
,,,,,,70,2026-02-01 09:58:34.144283,ATMN,25.34,25.34,25.69,,1498500.0,1793000.0,10000.0,0,0,0,0,0,0
,,,,,,70,2026-02-01 09:58:34.144283,WNTR,24.93,24.94,24.98,2500.0,2248100.0,1560200.0,5000.0,0,0,0,0,0,0
2.0,1.0,1.0,,Aggregate Position Limit,Your CRO has set the aggregate position limit to 8000 shares for this week.,71,2026-02-01 09:58:35.181496,SPNG,25.27,25.27,25.28,2255600.0,5000.0,1699500.0,2500.0,0,0,0,0,0,0
1.0,1.0,1.0,,Welcome to the RITC 2026 Alogithmic Market Making Case - practice server,,71,2026-02-01 09:58:35.181496,SMMR,25.57,25.5,25.51,1812800.0,2500.0,1643200.0,2500.0,0,0,0,0,0,0
,,,,,,71,2026-02-01 09:58:35.181496,ATMN,25.34,25.37,25.46,1498500.0,2500.0,1764000.0,12500.0,0,0,0,0,0,0
,,,,,,71,2026-02-01 09:58:35.181496,WNTR,24.94,24.94,25.13,2259400.0,2500.0,1582700.0,5000.0,0,0,0,0,0,0
2.0,1.0,1.0,,Aggregate Position Limit,Your CRO has set the aggregate position limit to 8000 shares for this week.,72,2026-02-01 09:58:36.210770,SPNG,25.28,25.44,25.65,2248700.0,5000.0,5000.0,1689200.0,0,0,0,0,0,0
1.0,1.0,1.0,,Welcome to the RITC 2026 Alogithmic Market Making Case - practice server,,72,2026-02-01 09:58:36.210770,SMMR,25.5,25.44,25.49,1922000.0,2500.0,5000.0,1749000.0,0,0,0,0,0,0
,,,,,,72,2026-02-01 09:58:36.210770,ATMN,25.34,25.36,25.46,1766100.0,,15000.0,1634300.0,0,0,0,0,0,0
,,,,,,72,2026-02-01 09:58:36.210770,WNTR,24.94,24.94,24.96,2263100.0,2500.0,5000.0,1710500.0,0,0,0,0,0,0
2.0,1.0,1.0,,Aggregate Position Limit,Your CRO has set the aggregate position limit to 8000 shares for this week.,73,2026-02-01 09:58:37.237656,SPNG,25.66,25.45,25.66,7500.0,2095200.0,1907100.0,,0,0,0,0,0,0
1.0,1.0,1.0,,Welcome to the RITC 2026 Alogithmic Market Making Case - practice server,,73,2026-02-01 09:58:37.237656,SMMR,25.68,25.56,25.68,5000.0,2121000.0,1299900.0,2500.0,0,0,0,0,0,0
,,,,,,73,2026-02-01 09:58:37.237656,ATMN,25.56,25.37,25.56,2500.0,1904300.0,1834800.0,10000.0,0,0,0,0,0,0
,,,,,,73,2026-02-01 09:58:37.237656,WNTR,25.19,24.99,25.08,2500.0,2241100.0,1587100.0,,0,0,0,0,0,0
2.0,1.0,1.0,,Aggregate Position Limit,Your CRO has set the aggregate position limit to 8000 shares for this week.,74,2026-02-01 09:58:38.269494,SPNG,25.66,25.45,25.65,5000.0,2248700.0,2500.0,1970100.0,0,0,0,0,0,0
1.0,1.0,1.0,,Welcome to the RITC 2026 Alogithmic Market Making Case - practice server,,74,2026-02-01 09:58:38.269494,SMMR,25.56,25.55,25.56,2500.0,2121000.0,2500.0,1294800.0,0,0,0,0,0,0
,,,,,,74,2026-02-01 09:58:38.269494,ATMN,25.36,25.36,25.58,,1904300.0,10000.0,1801800.0,0,0,0,0,0,0
,,,,,,74,2026-02-01 09:58:38.269494,WNTR,25.08,24.92,25.08,2500.0,2239100.0,2500.0,1587100.0,0,0,0,0,0,0
2.0,1.0,1.0,,Aggregate Position Limit,Your CRO has set the aggregate position limit to 8000 shares for this week.,75,2026-02-01 09:58:39.306648,SPNG,25.66,25.46,25.5,7500.0,2050700.0,5000.0,1938600.0,0,0,0,0,0,0
1.0,1.0,1.0,,Welcome to the RITC 2026 Alogithmic Market Making Case - practice server,,75,2026-02-01 09:58:39.306648,SMMR,25.74,25.61,25.74,5000.0,2090500.0,2500.0,1324600.0,0,0,0,0,0,0
,,,,,,75,2026-02-01 09:58:39.306648,ATMN,25.58,25.39,25.54,2500.0,2001400.0,10000.0,1795800.0,0,0,0,0,0,0
,,,,,,75,2026-02-01 09:58:39.306648,WNTR,24.95,24.92,24.95,,2350700.0,2500.0,1707900.0,0,0,0,0,0,0
2.0,1.0,1.0,,Aggregate Position Limit,Your CRO has set the aggregate position limit to 8000 shares for this week.,76,2026-02-01 09:58:40.336866,SPNG,25.44,25.27,25.28,2463000.0,1974000.0,5000.0,,0,0,0,0,0,0
1.0,1.0,1.0,,Welcome to the RITC 2026 Alogithmic Market Making Case - practice server,,76,2026-02-01 09:58:40.336866,SMMR,25.55,25.55,25.68,2121000.0,1422600.0,5000.0,2500.0,0,0,0,0,0,0
,,,,,,76,2026-02-01 09:58:40.336866,ATMN,25.58,25.39,25.5,2228300.0,1797400.0,10000.0,2500.0,0,0,0,0,0,0
,,,,,,76,2026-02-01 09:58:40.336866,WNTR,24.92,24.93,25.2,2251600.0,1443400.0,,2500.0,0,0,0,0,0,0
2.0,1.0,1.0,,Aggregate Position Limit,Your CRO has set the aggregate position limit to 8000 shares for this week.,77,2026-02-01 09:58:41.362225,SPNG,25.51,25.33,25.51,2441300.0,2034500.0,2500.0,,0,0,0,0,0,0
1.0,1.0,1.0,,Welcome to the RITC 2026 Alogithmic Market Making Case - practice server,,77,2026-02-01 09:58:41.362225,SMMR,25.73,25.62,25.67,2103900.0,1435600.0,7500.0,5000.0,0,0,0,0,0,0
,,,,,,77,2026-02-01 09:58:41.362225,ATMN,25.5,25.4,25.43,2170000.0,1701600.0,12500.0,5000.0,0,0,0,0,0,0
,,,,,,77,2026-02-01 09:58:41.362225,WNTR,25.2,25.22,25.25,2356300.0,1325800.0,,,0,0,0,0,0,0
2.0,1.0,1.0,,Aggregate Position Limit,Your CRO has set the aggregate position limit to 8000 shares for this week.,78,2026-02-01 09:58:42.392432,SPNG,25.66,25.34,25.66,2500.0,2291600.0,2069900.0,,0,0,0,0,0,0
1.0,1.0,1.0,,Welcome to the RITC 2026 Alogithmic Market Making Case - practice server,,78,2026-02-01 09:58:42.392432,SMMR,25.8,25.63,25.66,7500.0,1988000.0,1530300.0,2500.0,0,0,0,0,0,0
,,,,,,78,2026-02-01 09:58:42.392432,ATMN,25.4,25.39,25.43,2500.0,2284300.0,1816100.0,10000.0,0,0,0,0,0,0
,,,,,,78,2026-02-01 09:58:42.392432,WNTR,25.2,25.22,25.25,,2356300.0,1671600.0,,0,0,0,0,0,0
2.0,1.0,1.0,,Aggregate Position Limit,Your CRO has set the aggregate position limit to 8000 shares for this week.,79,2026-02-01 09:58:43.421845,SPNG,25.5,25.58,25.66,2306800.0,2500.0,2087400.0,,0,0,0,0,0,0
1.0,1.0,1.0,,Welcome to the RITC 2026 Alogithmic Market Making Case - practice server,,79,2026-02-01 09:58:43.421845,SMMR,25.58,25.58,25.66,2372000.0,,1647700.0,2500.0,0,0,0,0,0,0
,,,,,,79,2026-02-01 09:58:43.421845,ATMN,25.38,25.39,25.68,2284900.0,2500.0,2118600.0,2500.0,0,0,0,0,0,0
,,,,,,79,2026-02-01 09:58:43.421845,WNTR,25.22,25.14,25.15,2330000.0,,2016300.0,,0,0,0,0,0,0
2.0,1.0,1.0,,Aggregate Position Limit,Your CRO has set the aggregate position limit to 8000 shares for this week.,80,2026-02-01 09:58:44.442370,SPNG,25.67,25.33,25.67,2441300.0,2057200.0,,,0,0,0,0,0,0
1.0,1.0,1.0,,Welcome to the RITC 2026 Alogithmic Market Making Case - practice server,,80,2026-02-01 09:58:44.442370,SMMR,25.58,25.55,25.56,2358700.0,1741900.0,2500.0,,0,0,0,0,0,0
,,,,,,80,2026-02-01 09:58:44.442370,ATMN,25.38,25.66,25.67,2249200.0,2014200.0,5000.0,2500.0,0,0,0,0,0,0
,,,,,,80,2026-02-01 09:58:44.442370,WNTR,25.15,25.1,25.15,2235700.0,2117300.0,,2500.0,0,0,0,0,0,0
2.0,1.0,1.0,,Aggregate Position Limit,Your CRO has set the aggregate position limit to 8000 shares for this week.,81,2026-02-01 09:58:45.482431,SPNG,25.33,25.27,25.33,2463000.0,2121000.0,,0,0,0,0,0,0,0
1.0,1.0,1.0,,Welcome to the RITC 2026 Alogithmic Market Making Case - practice server,,81,2026-02-01 09:58:45.482431,SMMR,25.44,25.44,25.77,2261800.0,1647700.0,,0,0,0,0,0,0,0
,,,,,,81,2026-02-01 09:58:45.482431,ATMN,25.7,25.66,25.7,2268600.0,2223200.0,2500.0,0,0,0,0,0,0,0
,,,,,,81,2026-02-01 09:58:45.482431,WNTR,25.25,25.09,25.25,2347600.0,1882300.0,,0,0,0,0,0,0,0
2.0,1.0,1.0,,Aggregate Position Limit,Your CRO has set the aggregate position limit to 8000 shares for this week.,82,2026-02-01 09:58:46.538482,SPNG,25.27,25.27,25.67,2463000.0,2079600.0,,0,0,0,0,0,0,0
1.0,1.0,1.0,,Welcome to the RITC 2026 Alogithmic Market Making Case - practice server,,82,2026-02-01 09:58:46.538482,SMMR,25.77,25.44,25.74,2261800.0,1727100.0,,0,0,0,0,0,0,0
,,,,,,82,2026-02-01 09:58:46.538482,ATMN,25.75,25.66,25.75,2247500.0,2202100.0,2500.0,0,0,0,0,0,0,0
,,,,,,82,2026-02-01 09:58:46.538482,WNTR,25.09,24.92,25.0,2333000.0,2087400.0,,0,0,0,0,0,0,0
2.0,1.0,1.0,,Aggregate Position Limit,Your CRO has set the aggregate position limit to 8000 shares for this week.,83,2026-02-01 09:58:47.577308,SPNG,25.67,25.79,25.82,2292800.0,2500.0,2056300.0,,0,0,0,0,0,0
1.0,1.0,1.0,,Welcome to the RITC 2026 Alogithmic Market Making Case - practice server,,83,2026-02-01 09:58:47.577308,SMMR,25.48,25.6,25.73,2232300.0,2500.0,1852700.0,2500.0,0,0,0,0,0,0
,,,,,,83,2026-02-01 09:58:47.577308,ATMN,25.69,25.67,25.69,2126000.0,5000.0,2129700.0,2500.0,0,0,0,0,0,0
,,,,,,83,2026-02-01 09:58:47.577308,WNTR,24.91,24.93,25.16,2225200.0,2500.0,2120900.0,,0,0,0,0,0,0
2.0,1.0,1.0,,Aggregate Position Limit,Your CRO has set the aggregate position limit to 8000 shares for this week.,84,2026-02-01 09:58:48.602397,SPNG,25.51,25.61,25.82,5000.0,2156200.0,2045600.0,0,0,0,0,0,0,0
1.0,1.0,1.0,,Welcome to the RITC 2026 Alogithmic Market Making Case - practice server,,84,2026-02-01 09:58:48.602397,SMMR,25.78,25.52,25.78,2500.0,2250100.0,1757900.0,0,0,0,0,0,0,0
,,,,,,84,2026-02-01 09:58:48.602397,ATMN,25.79,25.67,25.79,5000.0,2100500.0,2184900.0,0,0,0,0,0,0,0
,,,,,,84,2026-02-01 09:58:48.602397,WNTR,24.99,25.03,25.16,2500.0,2180700.0,2120900.0,0,0,0,0,0,0,0
2.0,1.0,1.0,,Aggregate Position Limit,Your CRO has set the aggregate position limit to 8000 shares for this week.,85,2026-02-01 09:58:49.634031,SPNG,25.6,25.28,25.59,2500.0,2314700.0,1979600.0,2500.0,0,0,0,0,0,0
1.0,1.0,1.0,,Welcome to the RITC 2026 Alogithmic Market Making Case - practice server,,85,2026-02-01 09:58:49.634031,SMMR,25.78,25.63,25.7,5000.0,2115300.0,1967100.0,2500.0,0,0,0,0,0,0
,,,,,,85,2026-02-01 09:58:49.634031,ATMN,25.79,25.68,25.74,7500.0,1980300.0,2080100.0,2500.0,0,0,0,0,0,0
,,,,,,85,2026-02-01 09:58:49.634031,WNTR,25.16,25.03,25.16,5000.0,2077500.0,2250100.0,,0,0,0,0,0,0
2.0,1.0,1.0,,Aggregate Position Limit,Your CRO has set the aggregate position limit to 8000 shares for this week.,86,2026-02-01 09:58:50.652371,SPNG,25.62,25.42,25.62,2106200.0,5000.0,1991800.0,2500.0,0,0,0,0,0,0
1.0,1.0,1.0,,Welcome to the RITC 2026 Alogithmic Market Making Case - practice server,,86,2026-02-01 09:58:50.652371,SMMR,25.78,25.64,25.67,2000800.0,7500.0,2083200.0,2500.0,0,0,0,0,0,0
,,,,,,86,2026-02-01 09:58:50.652371,ATMN,25.74,25.78,25.79,1964400.0,7500.0,2202000.0,,0,0,0,0,0,0
,,,,,,86,2026-02-01 09:58:50.652371,WNTR,25.17,24.99,25.17,2173500.0,2500.0,2267100.0,,0,0,0,0,0,0
2.0,1.0,1.0,,Aggregate Position Limit,Your CRO has set the aggregate position limit to 8000 shares for this week.,87,2026-02-01 09:58:51.672129,SPNG,25.56,25.3,25.36,2270400.0,2500.0,1943000.0,5000.0,0,0,0,0,0,0
1.0,1.0,1.0,,Welcome to the RITC 2026 Alogithmic Market Making Case - practice server,,87,2026-02-01 09:58:51.672129,SMMR,25.7,25.64,25.7,2000800.0,7500.0,2067700.0,2500.0,0,0,0,0,0,0
,,,,,,87,2026-02-01 09:58:51.672129,ATMN,25.88,25.83,25.88,1946300.0,7500.0,2204000.0,,0,0,0,0,0,0
,,,,,,87,2026-02-01 09:58:51.672129,WNTR,25.17,25.0,25.15,2048300.0,5000.0,2163800.0,2500.0,0,0,0,0,0,0
2.0,1.0,1.0,,Aggregate Position Limit,Your CRO has set the aggregate position limit to 8000 shares for this week.,88,2026-02-01 09:58:52.692540,SPNG,25.5,25.5,25.61,2261600.0,2500.0,5000.0,1896100.0,0,0,0,0,0,0
1.0,1.0,1.0,,Welcome to the RITC 2026 Alogithmic Market Making Case - practice server,,88,2026-02-01 09:58:52.692540,SMMR,25.65,25.64,25.65,1997300.0,7500.0,2500.0,2080900.0,0,0,0,0,0,0
,,,,,,88,2026-02-01 09:58:52.692540,ATMN,25.78,25.88,25.89,1874500.0,10000.0,,2205500.0,0,0,0,0,0,0
,,,,,,88,2026-02-01 09:58:52.692540,WNTR,25.17,25.09,25.17,1958500.0,7500.0,,2288100.0,0,0,0,0,0,0
2.0,1.0,1.0,,Aggregate Position Limit,Your CRO has set the aggregate position limit to 8000 shares for this week.,89,2026-02-01 09:58:53.727941,SPNG,25.5,25.54,25.61,2213400.0,2500.0,5000.0,1896100.0,0,0,0,0,0,0
1.0,1.0,1.0,,Welcome to the RITC 2026 Alogithmic Market Making Case - practice server,,89,2026-02-01 09:58:53.727941,SMMR,25.63,25.64,25.65,2058900.0,5000.0,5000.0,1996500.0,0,0,0,0,0,0
,,,,,,89,2026-02-01 09:58:53.727941,ATMN,25.89,25.91,25.93,2219200.0,2500.0,,2219900.0,0,0,0,0,0,0
,,,,,,89,2026-02-01 09:58:53.727941,WNTR,25.2,25.09,25.13,1915900.0,7500.0,2500.0,2175300.0,0,0,0,0,0,0
2.0,1.0,1.0,,Aggregate Position Limit,Your CRO has set the aggregate position limit to 8000 shares for this week.,90,2026-02-01 09:58:54.765471,SPNG,25.66,25.3,25.66,2262200.0,2500.0,1971800.0,2500.0,0,0,0,0,0,0
1.0,1.0,1.0,,Welcome to the RITC 2026 Alogithmic Market Making Case - practice server,,90,2026-02-01 09:58:54.765471,SMMR,25.64,25.64,25.65,2024900.0,5000.0,2001800.0,5000.0,0,0,0,0,0,0
,,,,,,90,2026-02-01 09:58:54.765471,ATMN,25.91,25.73,25.88,2309200.0,,2215100.0,,0,0,0,0,0,0
,,,,,,90,2026-02-01 09:58:54.765471,WNTR,25.22,25.08,25.22,1929000.0,7500.0,2261000.0,,0,0,0,0,0,0
2.0,1.0,1.0,,Aggregate Position Limit,Your CRO has set the aggregate position limit to 8000 shares for this week.,91,2026-02-01 09:58:55.792260,SPNG,25.3,25.3,25.65,2229700.0,2500.0,5000.0,1875300.0,0,0,0,0,0,0
1.0,1.0,1.0,,Welcome to the RITC 2026 Alogithmic Market Making Case - practice server,,91,2026-02-01 09:58:55.792260,SMMR,25.63,25.57,25.61,2074200.0,5000.0,5000.0,2006900.0,0,0,0,0,0,0
,,,,,,91,2026-02-01 09:58:55.792260,ATMN,25.68,25.74,25.87,2230900.0,2500.0,2500.0,2124100.0,0,0,0,0,0,0
,,,,,,91,2026-02-01 09:58:55.792260,WNTR,25.22,25.09,25.22,1794400.0,10000.0,,2255400.0,0,0,0,0,0,0
2.0,1.0,1.0,,Aggregate Position Limit,Your CRO has set the aggregate position limit to 8000 shares for this week.,92,2026-02-01 09:58:56.818404,SPNG,25.2,25.2,25.72,2435300.0,1980100.0,2500.0,,0,0,0,0,0,0
1.0,1.0,1.0,,Welcome to the RITC 2026 Alogithmic Market Making Case - practice server,,92,2026-02-01 09:58:56.818404,SMMR,25.57,25.57,25.65,2175600.0,2046600.0,5000.0,2500.0,0,0,0,0,0,0
,,,,,,92,2026-02-01 09:58:56.818404,ATMN,25.97,25.64,25.97,2245900.0,2155500.0,,2500.0,0,0,0,0,0,0
,,,,,,92,2026-02-01 09:58:56.818404,WNTR,25.22,25.1,25.19,1688800.0,2154400.0,2500.0,12500.0,0,0,0,0,0,0
2.0,1.0,1.0,,Aggregate Position Limit,Your CRO has set the aggregate position limit to 8000 shares for this week.,93,2026-02-01 09:58:57.842331,SPNG,25.82,25.31,25.82,2500.0,2285600.0,2039000.0,,0,0,0,0,0,0
1.0,1.0,1.0,,Welcome to the RITC 2026 Alogithmic Market Making Case - practice server,,93,2026-02-01 09:58:57.842331,SMMR,25.64,25.64,25.65,2500.0,2200400.0,2046700.0,5000.0,0,0,0,0,0,0
,,,,,,93,2026-02-01 09:58:57.842331,ATMN,25.99,25.64,25.99,2500.0,2249100.0,2010100.0,,0,0,0,0,0,0
,,,,,,93,2026-02-01 09:58:57.842331,WNTR,25.19,25.1,25.19,10000.0,1817000.0,2142200.0,2500.0,0,0,0,0,0,0
2.0,1.0,1.0,,Aggregate Position Limit,Your CRO has set the aggregate position limit to 8000 shares for this week.,94,2026-02-01 09:58:58.862439,SPNG,25.41,25.32,25.41,5000.0,2142300.0,1950800.0,2500.0,0,0,0,0,0,0
1.0,1.0,1.0,,Welcome to the RITC 2026 Alogithmic Market Making Case - practice server,,94,2026-02-01 09:58:58.862439,SMMR,25.65,25.64,25.65,2500.0,2200400.0,2018700.0,5000.0,0,0,0,0,0,0
,,,,,,94,2026-02-01 09:58:58.862439,ATMN,25.99,25.65,25.68,5000.0,2107400.0,2093300.0,2500.0,0,0,0,0,0,0
,,,,,,94,2026-02-01 09:58:58.862439,WNTR,25.08,25.06,25.07,5000.0,2086900.0,2156600.0,2500.0,0,0,0,0,0,0
2.0,1.0,1.0,,Aggregate Position Limit,Your CRO has set the aggregate position limit to 8000 shares for this week.,95,2026-02-01 09:58:59.902224,SPNG,25.48,25.48,25.8,2278200.0,2500.0,5000.0,1832000.0,0,0,0,0,0,0
1.0,1.0,1.0,,Welcome to the RITC 2026 Alogithmic Market Making Case - practice server,,95,2026-02-01 09:58:59.902224,SMMR,25.55,25.54,25.55,2192100.0,2500.0,5000.0,2000600.0,0,0,0,0,0,0
,,,,,,95,2026-02-01 09:58:59.902224,ATMN,26.0,25.65,26.0,2107400.0,5000.0,,2024500.0,0,0,0,0,0,0
,,,,,,95,2026-02-01 09:58:59.902224,WNTR,25.05,25.13,25.22,2088000.0,5000.0,,2255600.0,0,0,0,0,0,0
2.0,1.0,1.0,,Aggregate Position Limit,Your CRO has set the aggregate position limit to 8000 shares for this week.,97,2026-02-01 09:59:00.982598,SPNG,25.84,25.48,25.84,2278200.0,2500.0,2052700.0,,0,0,0,0,0,0
1.0,1.0,1.0,,Welcome to the RITC 2026 Alogithmic Market Making Case - practice server,,97,2026-02-01 09:59:00.982598,SMMR,25.52,25.52,25.55,2361400.0,,1988400.0,5000.0,0,0,0,0,0,0
,,,,,,97,2026-02-01 09:59:00.982598,ATMN,25.97,25.71,25.96,2095000.0,5000.0,2022000.0,,0,0,0,0,0,0
,,,,,,97,2026-02-01 09:59:00.982598,WNTR,25.13,25.13,25.21,1984400.0,7500.0,2167500.0,2500.0,0,0,0,0,0,0
2.0,1.0,1.0,,Aggregate Position Limit,Your CRO has set the aggregate position limit to 8000 shares for this week.,98,2026-02-01 09:59:02.014059,SPNG,25.54,25.62,25.79,2137000.0,5000.0,2500.0,1951800.0,0,0,0,0,0,0
1.0,1.0,1.0,,Welcome to the RITC 2026 Alogithmic Market Making Case - practice server,,98,2026-02-01 09:59:02.014059,SMMR,25.5,25.5,25.55,2377400.0,,5000.0,1988400.0,0,0,0,0,0,0
,,,,,,98,2026-02-01 09:59:02.014059,ATMN,26.08,25.77,26.02,2067200.0,5000.0,2500.0,1701800.0,0,0,0,0,0,0
,,,,,,98,2026-02-01 09:59:02.014059,WNTR,25.11,25.16,25.19,1984400.0,7500.0,5000.0,2059100.0,0,0,0,0,0,0
2.0,1.0,1.0,,Aggregate Position Limit,Your CRO has set the aggregate position limit to 8000 shares for this week.,99,2026-02-01 09:59:03.052613,SPNG,25.87,25.73,25.87,2258000.0,2500.0,2049900.0,,0,0,0,0,0,0
1.0,1.0,1.0,,Welcome to the RITC 2026 Alogithmic Market Making Case - practice server,,99,2026-02-01 09:59:03.052613,SMMR,25.59,25.51,25.59,2239400.0,2500.0,2011800.0,5000.0,0,0,0,0,0,0
,,,,,,99,2026-02-01 09:59:03.052613,ATMN,25.63,25.63,26.02,2324500.0,,1701800.0,2500.0,0,0,0,0,0,0
,,,,,,99,2026-02-01 09:59:03.052613,WNTR,25.22,25.17,25.2,1984400.0,7500.0,2285900.0,,0,0,0,0,0,0
2.0,1.0,1.0,,Aggregate Position Limit,Your CRO has set the aggregate position limit to 8000 shares for this week.,100,2026-02-01 09:59:04.082400,SPNG,25.17,25.17,25.78,2465700.0,2500.0,1945500.0,,0,0,0,0,0,0
1.0,1.0,1.0,,Welcome to the RITC 2026 Alogithmic Market Making Case - practice server,,100,2026-02-01 09:59:04.082400,SMMR,25.54,25.44,25.53,2359100.0,2500.0,2137600.0,,0,0,0,0,0,0
,,,,,,100,2026-02-01 09:59:04.082400,ATMN,26.09,25.88,26.01,2192800.0,2500.0,1708200.0,2500.0,0,0,0,0,0,0
,,,,,,100,2026-02-01 09:59:04.082400,WNTR,25.22,25.17,25.22,2076500.0,,2298000.0,5000.0,0,0,0,0,0,0
2.0,1.0,1.0,,Aggregate Position Limit,Your CRO has set the aggregate position limit to 8000 shares for this week.,101,2026-02-01 09:59:05.112627,SPNG,25.8,25.52,25.79,2299500.0,2500.0,2500.0,1986400.0,0,0,0,0,0,0
1.0,1.0,1.0,,Welcome to the RITC 2026 Alogithmic Market Making Case - practice server,,101,2026-02-01 09:59:05.112627,SMMR,25.42,25.49,25.53,2209800.0,2500.0,2500.0,2137600.0,0,0,0,0,0,0
,,,,,,101,2026-02-01 09:59:05.112627,ATMN,25.61,25.81,26.01,2322200.0,,2500.0,1823400.0,0,0,0,0,0,0
,,,,,,101,2026-02-01 09:59:05.112627,WNTR,25.08,25.07,25.08,2188500.0,2500.0,,2247600.0,0,0,0,0,0,0
2.0,1.0,1.0,,Aggregate Position Limit,Your CRO has set the aggregate position limit to 8000 shares for this week.,102,2026-02-01 09:59:06.147077,SPNG,25.14,25.75,25.79,2443100.0,2500.0,1986400.0,,0,0,0,0,0,0
1.0,1.0,1.0,,Welcome to the RITC 2026 Alogithmic Market Making Case - practice server,,102,2026-02-01 09:59:06.147077,SMMR,25.49,25.61,25.62,2201900.0,2500.0,2123200.0,2500.0,0,0,0,0,0,0
,,,,,,102,2026-02-01 09:59:06.147077,ATMN,26.1,25.61,25.7,2292100.0,,1859700.0,,0,0,0,0,0,0
,,,,,,102,2026-02-01 09:59:06.147077,WNTR,25.08,25.08,25.21,2128600.0,2500.0,2146500.0,2500.0,0,0,0,0,0,0
2.0,1.0,1.0,,Aggregate Position Limit,Your CRO has set the aggregate position limit to 8000 shares for this week.,103,2026-02-01 09:59:07.172466,SPNG,25.39,25.52,25.79,2404000.0,2500.0,1986400.0,,0,0,0,0,0,0
1.0,1.0,1.0,,Welcome to the RITC 2026 Alogithmic Market Making Case - practice server,,103,2026-02-01 09:59:07.172466,SMMR,25.61,25.61,25.65,2201900.0,,2220500.0,2500.0,0,0,0,0,0,0
,,,,,,103,2026-02-01 09:59:07.172466,ATMN,26.1,25.62,25.69,2155800.0,2500.0,1859700.0,2500.0,0,0,0,0,0,0
,,,,,,103,2026-02-01 09:59:07.172466,WNTR,25.05,25.05,25.2,2231600.0,2500.0,2123200.0,,0,0,0,0,0,0
2.0,1.0,1.0,,Aggregate Position Limit,Your CRO has set the aggregate position limit to 8000 shares for this week.,104,2026-02-01 09:59:08.202380,SPNG,25.31,25.14,25.31,2405700.0,1913900.0,5000.0,,0,0,0,0,0,0
1.0,1.0,1.0,,Welcome to the RITC 2026 Alogithmic Market Making Case - practice server,,104,2026-02-01 09:59:08.202380,SMMR,25.49,25.49,25.54,2203000.0,2249100.0,,2500.0,0,0,0,0,0,0
,,,,,,104,2026-02-01 09:59:08.202380,ATMN,26.1,25.66,25.69,2015100.0,1859700.0,2500.0,5000.0,0,0,0,0,0,0
,,,,,,104,2026-02-01 09:59:08.202380,WNTR,25.05,25.15,25.2,2121400.0,2138200.0,2500.0,2500.0,0,0,0,0,0,0
2.0,1.0,1.0,,Aggregate Position Limit,Your CRO has set the aggregate position limit to 8000 shares for this week.,105,2026-02-01 09:59:09.222422,SPNG,25.8,25.55,25.8,2379000.0,2074800.0,,,0,0,0,0,0,0
1.0,1.0,1.0,,Welcome to the RITC 2026 Alogithmic Market Making Case - practice server,,105,2026-02-01 09:59:09.222422,SMMR,25.54,25.42,25.54,2322200.0,2249100.0,,,0,0,0,0,0,0
,,,,,,105,2026-02-01 09:59:09.222422,ATMN,25.7,25.93,26.1,2071700.0,1724100.0,5000.0,,0,0,0,0,0,0
,,,,,,105,2026-02-01 09:59:09.222422,WNTR,25.15,25.13,25.14,2162600.0,2025100.0,2500.0,5000.0,0,0,0,0,0,0
2.0,1.0,1.0,,Aggregate Position Limit,Your CRO has set the aggregate position limit to 8000 shares for this week.,106,2026-02-01 09:59:10.252600,SPNG,25.87,25.14,25.87,2327500.0,2047500.0,,,0,0,0,0,0,0
1.0,1.0,1.0,,Welcome to the RITC 2026 Alogithmic Market Making Case - practice server,,106,2026-02-01 09:59:10.252600,SMMR,25.54,25.55,25.65,2199300.0,2220500.0,2500.0,,0,0,0,0,0,0
,,,,,,106,2026-02-01 09:59:10.252600,ATMN,25.7,25.94,25.96,1966300.0,2139700.0,7500.0,2500.0,0,0,0,0,0,0
,,,,,,106,2026-02-01 09:59:10.252600,WNTR,25.14,25.16,25.19,2169500.0,2024400.0,2500.0,5000.0,0,0,0,0,0,0
2.0,1.0,1.0,,Aggregate Position Limit,Your CRO has set the aggregate position limit to 8000 shares for this week.,107,2026-02-01 09:59:11.282613,SPNG,25.87,25.15,25.87,2500.0,2194700.0,2047500.0,,0,0,0,0,0,0
1.0,1.0,1.0,,Welcome to the RITC 2026 Alogithmic Market Making Case - practice server,,107,2026-02-01 09:59:11.282613,SMMR,25.6,25.61,25.65,5000.0,2096100.0,2220500.0,,0,0,0,0,0,0
,,,,,,107,2026-02-01 09:59:11.282613,ATMN,25.61,25.61,25.96,,2262400.0,2167700.0,2500.0,0,0,0,0,0,0
,,,,,,107,2026-02-01 09:59:11.282613,WNTR,25.13,25.14,25.19,5000.0,2086300.0,2024400.0,5000.0,0,0,0,0,0,0
2.0,1.0,1.0,,Aggregate Position Limit,Your CRO has set the aggregate position limit to 8000 shares for this week.,108,2026-02-01 09:59:12.310498,SPNG,25.47,25.6,25.87,2323900.0,2047500.0,,,0,0,0,0,0,0
1.0,1.0,1.0,,Welcome to the RITC 2026 Alogithmic Market Making Case - practice server,,108,2026-02-01 09:59:12.310498,SMMR,25.66,25.51,25.66,2184400.0,2231200.0,2500.0,,0,0,0,0,0,0
,,,,,,108,2026-02-01 09:59:12.310498,ATMN,25.58,25.58,25.77,2289900.0,2162800.0,,2500.0,0,0,0,0,0,0
,,,,,,108,2026-02-01 09:59:12.310498,WNTR,25.05,25.05,25.18,2259300.0,1911000.0,,7500.0,0,0,0,0,0,0
2.0,1.0,1.0,,Aggregate Position Limit,Your CRO has set the aggregate position limit to 8000 shares for this week.,109,2026-02-01 09:59:13.336301,SPNG,25.6,25.13,25.17,2312100.0,1952300.0,2500.0,,0,0,0,0,0,0
1.0,1.0,1.0,,Welcome to the RITC 2026 Alogithmic Market Making Case - practice server,,109,2026-02-01 09:59:13.336301,SMMR,25.42,25.52,25.53,2189100.0,2154600.0,2500.0,2500.0,0,0,0,0,0,0
,,,,,,109,2026-02-01 09:59:13.336301,ATMN,25.96,25.6,25.62,2177600.0,2087600.0,5000.0,2500.0,0,0,0,0,0,0
,,,,,,109,2026-02-01 09:59:13.336301,WNTR,25.21,25.06,25.17,2165100.0,2123600.0,2500.0,2500.0,0,0,0,0,0,0
2.0,1.0,1.0,,Aggregate Position Limit,Your CRO has set the aggregate position limit to 8000 shares for this week.,110,2026-02-01 09:59:14.372472,SPNG,25.11,25.55,25.81,2169100.0,2500.0,1938200.0,2500.0,0,0,0,0,0,0
1.0,1.0,1.0,,Welcome to the RITC 2026 Alogithmic Market Making Case - practice server,,110,2026-02-01 09:59:14.372472,SMMR,25.42,25.52,25.53,2206100.0,2500.0,2154600.0,2500.0,0,0,0,0,0,0
,,,,,,110,2026-02-01 09:59:14.372472,ATMN,25.62,25.6,25.62,2152600.0,2500.0,2087600.0,5000.0,0,0,0,0,0,0
,,,,,,110,2026-02-01 09:59:14.372472,WNTR,25.17,25.19,25.21,2179400.0,2500.0,2248600.0,,0,0,0,0,0,0
2.0,1.0,1.0,,Aggregate Position Limit,Your CRO has set the aggregate position limit to 8000 shares for this week.,111,2026-02-01 09:59:15.412562,SPNG,25.11,25.55,25.8,2169100.0,2500.0,5000.0,1877600.0,0,0,0,0,0,0
1.0,1.0,1.0,,Welcome to the RITC 2026 Alogithmic Market Making Case - practice server,,111,2026-02-01 09:59:15.412562,SMMR,25.45,25.45,25.53,2350900.0,,2500.0,2154600.0,0,0,0,0,0,0
,,,,,,111,2026-02-01 09:59:15.412562,ATMN,25.65,25.65,25.76,2164800.0,2500.0,5000.0,2062900.0,0,0,0,0,0,0
,,,,,,111,2026-02-01 09:59:15.412562,WNTR,25.14,25.11,25.14,2196500.0,2500.0,,2261200.0,0,0,0,0,0,0
2.0,1.0,1.0,,Aggregate Position Limit,Your CRO has set the aggregate position limit to 8000 shares for this week.,112,2026-02-01 09:59:16.442177,SPNG,25.55,25.14,25.53,2500.0,2186700.0,1761900.0,7500.0,0,0,0,0,0,0
1.0,1.0,1.0,,Welcome to the RITC 2026 Alogithmic Market Making Case - practice server,,112,2026-02-01 09:59:16.442177,SMMR,25.53,25.48,25.52,2500.0,2219200.0,2031300.0,5000.0,0,0,0,0,0,0
,,,,,,112,2026-02-01 09:59:16.442177,ATMN,25.58,25.58,25.74,,2288700.0,2121800.0,5000.0,0,0,0,0,0,0
,,,,,,112,2026-02-01 09:59:16.442177,WNTR,25.13,25.13,25.22,5000.0,2046600.0,2262000.0,,0,0,0,0,0,0
2.0,1.0,1.0,,Aggregate Position Limit,Your CRO has set the aggregate position limit to 8000 shares for this week.,113,2026-02-01 09:59:17.466279,SPNG,25.55,25.15,25.53,5000.0,2087700.0,1761900.0,7500.0,0,0,0,0,0,0
1.0,1.0,1.0,,Welcome to the RITC 2026 Alogithmic Market Making Case - practice server,,113,2026-02-01 09:59:17.466279,SMMR,25.53,25.48,25.49,2500.0,2210700.0,2030200.0,5000.0,0,0,0,0,0,0
,,,,,,113,2026-02-01 09:59:17.466279,ATMN,25.78,25.76,25.78,2500.0,2139100.0,2206400.0,2500.0,0,0,0,0,0,0
,,,,,,113,2026-02-01 09:59:17.466279,WNTR,25.24,25.2,25.24,5000.0,2024500.0,2236600.0,,0,0,0,0,0,0
2.0,1.0,1.0,,Aggregate Position Limit,Your CRO has set the aggregate position limit to 8000 shares for this week.,114,2026-02-01 09:59:18.497375,SPNG,25.81,25.15,25.81,5000.0,2093600.0,2004700.0,2500.0,0,0,0,0,0,0
1.0,1.0,1.0,,Welcome to the RITC 2026 Alogithmic Market Making Case - practice server,,114,2026-02-01 09:59:18.497375,SMMR,25.49,25.48,25.49,2500.0,2210700.0,2002700.0,5000.0,0,0,0,0,0,0
,,,,,,114,2026-02-01 09:59:18.497375,ATMN,25.76,25.68,25.7,2500.0,2147300.0,2219900.0,2500.0,0,0,0,0,0,0
,,,,,,114,2026-02-01 09:59:18.497375,WNTR,25.19,25.21,25.24,5000.0,2034600.0,2222500.0,,0,0,0,0,0,0
2.0,1.0,1.0,,Aggregate Position Limit,Your CRO has set the aggregate position limit to 8000 shares for this week.,115,2026-02-01 09:59:19.529595,SPNG,25.1,25.1,25.8,2341600.0,5000.0,1893400.0,,0,0,0,0,0,0
1.0,1.0,1.0,,Welcome to the RITC 2026 Alogithmic Market Making Case - practice server,,115,2026-02-01 09:59:19.529595,SMMR,25.45,25.47,25.49,2328400.0,5000.0,2002700.0,,0,0,0,0,0,0
,,,,,,115,2026-02-01 09:59:19.529595,ATMN,25.76,25.68,25.7,2171000.0,2500.0,2241800.0,2500.0,0,0,0,0,0,0
,,,,,,115,2026-02-01 09:59:19.529595,WNTR,25.25,25.21,25.25,2028300.0,,2224300.0,5000.0,0,0,0,0,0,0
2.0,1.0,1.0,,Aggregate Position Limit,Your CRO has set the aggregate position limit to 8000 shares for this week.,116,2026-02-01 09:59:20.562545,SPNG,25.45,25.58,25.79,2210500.0,2500.0,7500.0,1827100.0,0,0,0,0,0,0
1.0,1.0,1.0,,Welcome to the RITC 2026 Alogithmic Market Making Case - practice server,,116,2026-02-01 09:59:20.562545,SMMR,25.44,25.44,25.49,2300600.0,,5000.0,1998500.0,0,0,0,0,0,0
,,,,,,116,2026-02-01 09:59:20.562545,ATMN,25.55,25.55,25.7,2259000.0,,,2355800.0,0,0,0,0,0,0
,,,,,,116,2026-02-01 09:59:20.562545,WNTR,25.25,25.23,25.25,2039200.0,5000.0,,2224300.0,0,0,0,0,0,0
2.0,1.0,1.0,,Aggregate Position Limit,Your CRO has set the aggregate position limit to 8000 shares for this week.,117,2026-02-01 09:59:21.593387,SPNG,25.56,25.11,25.39,2500.0,2224400.0,1820200.0,7500.0,0,0,0,0,0,0
1.0,1.0,1.0,,Welcome to the RITC 2026 Alogithmic Market Making Case - practice server,,117,2026-02-01 09:59:21.593387,SMMR,25.45,25.44,25.45,,2294300.0,2113600.0,2500.0,0,0,0,0,0,0
,,,,,,117,2026-02-01 09:59:21.593387,ATMN,25.63,25.59,25.63,2500.0,2141400.0,2253700.0,2500.0,0,0,0,0,0,0
,,,,,,117,2026-02-01 09:59:21.593387,WNTR,25.26,25.23,25.26,5000.0,1998400.0,2203800.0,,0,0,0,0,0,0
2.0,1.0,1.0,,Aggregate Position Limit,Your CRO has set the aggregate position limit to 8000 shares for this week.,118,2026-02-01 09:59:22.627596,SPNG,25.1,25.1,25.66,2353400.0,2135000.0,0,0,0,0,0,0,0,0
1.0,1.0,1.0,,Welcome to the RITC 2026 Alogithmic Market Making Case - practice server,,118,2026-02-01 09:59:22.627596,SMMR,25.47,25.47,25.53,2311400.0,2233800.0,0,0,0,0,0,0,0,0
,,,,,,118,2026-02-01 09:59:22.627596,ATMN,25.63,25.58,25.63,2236800.0,2384500.0,0,0,0,0,0,0,0,0
,,,,,,118,2026-02-01 09:59:22.627596,WNTR,25.27,25.23,25.27,2253900.0,2196600.0,0,0,0,0,0,0,0,0
2.0,1.0,1.0,,Aggregate Position Limit,Your CRO has set the aggregate position limit to 8000 shares for this week.,119,2026-02-01 09:59:23.681792,SPNG,25.26,25.1,25.26,2353400.0,2151000.0,0,0,0,0,0,0,0,0
1.0,1.0,1.0,,Welcome to the RITC 2026 Alogithmic Market Making Case - practice server,,119,2026-02-01 09:59:23.681792,SMMR,25.6,25.42,25.6,2265900.0,2251500.0,0,0,0,0,0,0,0,0
,,,,,,119,2026-02-01 09:59:23.681792,ATMN,25.81,25.58,25.81,2236800.0,2311900.0,0,0,0,0,0,0,0,0
,,,,,,119,2026-02-01 09:59:23.681792,WNTR,25.28,25.23,25.28,2269300.0,2182100.0,0,0,0,0,0,0,0,0
2.0,1.0,1.0,,Aggregate Position Limit,Your CRO has set the aggregate position limit to 8000 shares for this week.,120,2026-02-01 09:59:24.702829,SPNG,25.26,26.66,27.08,977800.0,795500.0,,0,0,0,0,0,0,0
1.0,1.0,1.0,,Welcome to the RITC 2026 Alogithmic Market Making Case - practice server,,120,2026-02-01 09:59:24.702829,SMMR,25.53,25.53,25.72,954800.0,871800.0,,0,0,0,0,0,0,0
,,,,,,120,2026-02-01 09:59:24.702829,ATMN,25.58,24.0,24.01,985000.0,1079100.0,,0,0,0,0,0,0,0
,,,,,,120,2026-02-01 09:59:24.702829,WNTR,26.23,26.27,26.61,884800.0,844700.0,2500.0,0,0,0,0,0,0,0
2.0,1.0,1.0,,Aggregate Position Limit,Your CRO has set the aggregate position limit to 8000 shares for this week.,121,2026-02-01 09:59:25.722583,SPNG,26.05,26.67,27.08,2500.0,993800.0,914000.0,,0,0,0,0,0,0
1.0,1.0,1.0,,Welcome to the RITC 2026 Alogithmic Market Making Case - practice server,,121,2026-02-01 09:59:25.722583,SMMR,25.64,25.64,25.72,,1202300.0,871800.0,,0,0,0,0,0,0
,,,,,,121,2026-02-01 09:59:25.722583,ATMN,24.0,23.38,23.56,,960300.0,1369900.0,2500.0,0,0,0,0,0,0
,,,,,,121,2026-02-01 09:59:25.722583,WNTR,26.27,26.07,26.2,2500.0,1094100.0,958000.0,,0,0,0,0,0,0
2.0,1.0,1.0,,Aggregate Position Limit,Your CRO has set the aggregate position limit to 8000 shares for this week.,122,2026-02-01 09:59:26.744406,SPNG,26.81,26.67,26.81,2500.0,993800.0,1109100.0,2500.0,0,0,0,0,0,0
1.0,1.0,1.0,,Welcome to the RITC 2026 Alogithmic Market Making Case - practice server,,122,2026-02-01 09:59:26.744406,SMMR,25.64,25.53,25.59,2500.0,1083300.0,1206300.0,2500.0,0,0,0,0,0,0
,,,,,,122,2026-02-01 09:59:26.744406,ATMN,23.55,23.55,23.56,,1235100.0,1475700.0,2500.0,0,0,0,0,0,0
,,,,,,122,2026-02-01 09:59:26.744406,WNTR,26.61,26.34,26.61,5000.0,1438900.0,844700.0,,0,0,0,0,0,0
2.0,1.0,1.0,,Aggregate Position Limit,Your CRO has set the aggregate position limit to 8000 shares for this week.,123,2026-02-01 09:59:27.762834,SPNG,26.81,26.68,26.81,5000.0,1123100.0,1329500.0,2500.0,0,0,0,0,0,0
1.0,1.0,1.0,,Welcome to the RITC 2026 Alogithmic Market Making Case - practice server,,123,2026-02-01 09:59:27.762834,SMMR,25.52,25.52,25.63,,1083300.0,1068700.0,2500.0,0,0,0,0,0,0
,,,,,,123,2026-02-01 09:59:27.762834,ATMN,23.55,23.55,23.56,,1235100.0,1898900.0,2500.0,0,0,0,0,0,0
,,,,,,123,2026-02-01 09:59:27.762834,WNTR,26.34,26.48,26.57,5000.0,1550400.0,1072000.0,,0,0,0,0,0,0
2.0,1.0,1.0,,Aggregate Position Limit,Your CRO has set the aggregate position limit to 8000 shares for this week.,124,2026-02-01 09:59:28.797346,SPNG,26.67,26.58,26.59,1123100.0,1560700.0,5000.0,,0,0,0,0,0,0
1.0,1.0,1.0,,Welcome to the RITC 2026 Alogithmic Market Making Case - practice server,,124,2026-02-01 09:59:28.797346,SMMR,25.52,25.43,25.49,1196200.0,1174100.0,5000.0,,0,0,0,0,0,0
,,,,,,124,2026-02-01 09:59:28.797346,ATMN,23.55,23.26,23.44,1228400.0,2164000.0,2500.0,,0,0,0,0,0,0
,,,,,,124,2026-02-01 09:59:28.797346,WNTR,26.6,26.56,26.6,1794000.0,1066500.0,,7500.0,0,0,0,0,0,0
2.0,1.0,1.0,,Aggregate Position Limit,Your CRO has set the aggregate position limit to 8000 shares for this week.,125,2026-02-01 09:59:29.832553,SPNG,26.59,26.58,26.59,1330000.0,1560700.0,5000.0,,0,0,0,0,0,0
1.0,1.0,1.0,,Welcome to the RITC 2026 Alogithmic Market Making Case - practice server,,125,2026-02-01 09:59:29.832553,SMMR,25.5,25.44,25.48,1422100.0,1177800.0,7500.0,2500.0,0,0,0,0,0,0
,,,,,,125,2026-02-01 09:59:29.832553,ATMN,23.56,23.07,23.56,1116900.0,2030400.0,2500.0,,0,0,0,0,0,0
,,,,,,125,2026-02-01 09:59:29.832553,WNTR,26.56,26.57,26.6,1800100.0,1157500.0,,10000.0,0,0,0,0,0,0
2.0,1.0,1.0,,Aggregate Position Limit,Your CRO has set the aggregate position limit to 8000 shares for this week.,126,2026-02-01 09:59:30.862355,SPNG,26.58,26.58,26.59,1763000.0,1560700.0,5000.0,,0,0,0,0,0,0
1.0,1.0,1.0,,Welcome to the RITC 2026 Alogithmic Market Making Case - practice server,,126,2026-02-01 09:59:30.862355,SMMR,25.5,25.44,25.48,1649400.0,1177800.0,7500.0,,0,0,0,0,0,0
,,,,,,126,2026-02-01 09:59:30.862355,ATMN,23.56,23.07,23.21,1513800.0,2178700.0,2500.0,2500.0,0,0,0,0,0,0
,,,,,,126,2026-02-01 09:59:30.862355,WNTR,26.55,26.55,26.59,1915700.0,1260400.0,2500.0,7500.0,0,0,0,0,0,0
2.0,1.0,1.0,,Aggregate Position Limit,Your CRO has set the aggregate position limit to 8000 shares for this week.,127,2026-02-01 09:59:31.917292,SPNG,26.58,26.58,26.59,2134100.0,1560700.0,5000.0,,0,0,0,0,0,0
1.0,1.0,1.0,,Welcome to the RITC 2026 Alogithmic Market Making Case - practice server,,127,2026-02-01 09:59:31.917292,SMMR,25.4,25.45,25.48,1842700.0,1177800.0,7500.0,2500.0,0,0,0,0,0,0
,,,,,,127,2026-02-01 09:59:31.917292,ATMN,23.21,23.15,23.21,1929300.0,2178700.0,2500.0,5000.0,0,0,0,0,0,0
,,,,,,127,2026-02-01 09:59:31.917292,WNTR,26.57,26.54,26.57,1890600.0,1260400.0,2500.0,7500.0,0,0,0,0,0,0
2.0,1.0,1.0,,Aggregate Position Limit,Your CRO has set the aggregate position limit to 8000 shares for this week.,128,2026-02-01 09:59:32.968392,SPNG,26.53,26.59,26.77,2500.0,2004800.0,1561100.0,2500.0,0,0,0,0,0,0
1.0,1.0,1.0,,Welcome to the RITC 2026 Alogithmic Market Making Case - practice server,,128,2026-02-01 09:59:32.968392,SMMR,25.5,25.45,25.5,2500.0,1943800.0,1259400.0,,0,0,0,0,0,0
,,,,,,128,2026-02-01 09:59:32.968392,ATMN,23.15,23.15,23.56,5000.0,1929300.0,2030400.0,2500.0,0,0,0,0,0,0
,,,,,,128,2026-02-01 09:59:32.968392,WNTR,26.57,26.54,26.57,7500.0,1902200.0,1260400.0,2500.0,0,0,0,0,0,0
2.0,1.0,1.0,,Aggregate Position Limit,Your CRO has set the aggregate position limit to 8000 shares for this week.,129,2026-02-01 09:59:34.002570,SPNG,26.52,26.52,26.85,1879100.0,1435900.0,2500.0,,0,0,0,0,0,0
1.0,1.0,1.0,,Welcome to the RITC 2026 Alogithmic Market Making Case - practice server,,129,2026-02-01 09:59:34.002570,SMMR,25.61,25.45,25.58,2034100.0,1275100.0,2500.0,2500.0,0,0,0,0,0,0
,,,,,,129,2026-02-01 09:59:34.002570,ATMN,23.22,23.27,23.7,2188500.0,1882200.0,2500.0,7500.0,0,0,0,0,0,0
,,,,,,129,2026-02-01 09:59:34.002570,WNTR,26.64,26.54,26.64,1900600.0,1032600.0,,7500.0,0,0,0,0,0,0
2.0,1.0,1.0,,Aggregate Position Limit,Your CRO has set the aggregate position limit to 8000 shares for this week.,130,2026-02-01 09:59:35.026182,SPNG,26.52,26.53,26.75,2500.0,1996500.0,1657400.0,5000.0,0,0,0,0,0,0
1.0,1.0,1.0,,Welcome to the RITC 2026 Alogithmic Market Making Case - practice server,,130,2026-02-01 09:59:35.026182,SMMR,25.54,25.54,25.58,5000.0,2027000.0,1275100.0,2500.0,0,0,0,0,0,0
,,,,,,130,2026-02-01 09:59:35.026182,ATMN,23.42,23.27,23.42,7500.0,2188500.0,2171700.0,5000.0,0,0,0,0,0,0
,,,,,,130,2026-02-01 09:59:35.026182,WNTR,26.54,26.55,26.66,10000.0,1781000.0,1037000.0,,0,0,0,0,0,0
2.0,1.0,1.0,,Aggregate Position Limit,Your CRO has set the aggregate position limit to 8000 shares for this week.,131,2026-02-01 09:59:36.047167,SPNG,26.48,26.48,26.75,1876900.0,1782600.0,5000.0,,0,0,0,0,0,0
1.0,1.0,1.0,,Welcome to the RITC 2026 Alogithmic Market Making Case - practice server,,131,2026-02-01 09:59:36.047167,SMMR,25.4,25.4,25.63,1853200.0,1275600.0,2500.0,,0,0,0,0,0,0
,,,,,,131,2026-02-01 09:59:36.047167,ATMN,23.29,23.23,23.24,2151600.0,2284500.0,5000.0,7500.0,0,0,0,0,0,0
,,,,,,131,2026-02-01 09:59:36.047167,WNTR,26.48,26.48,26.66,2023100.0,1162200.0,,5000.0,0,0,0,0,0,0
2.0,1.0,1.0,,Aggregate Position Limit,Your CRO has set the aggregate position limit to 8000 shares for this week.,132,2026-02-01 09:59:37.072467,SPNG,26.48,26.49,26.55,2500.0,2097500.0,1792000.0,7500.0,0,0,0,0,0,0
1.0,1.0,1.0,,Welcome to the RITC 2026 Alogithmic Market Making Case - practice server,,132,2026-02-01 09:59:37.072467,SMMR,25.4,25.59,25.62,2500.0,2083200.0,1396800.0,5000.0,0,0,0,0,0,0
,,,,,,132,2026-02-01 09:59:37.072467,ATMN,23.65,23.23,23.65,10000.0,2131200.0,2024200.0,5000.0,0,0,0,0,0,0
,,,,,,132,2026-02-01 09:59:37.072467,WNTR,26.68,26.5,26.68,7500.0,1905800.0,1036600.0,,0,0,0,0,0,0
2.0,1.0,1.0,,Aggregate Position Limit,Your CRO has set the aggregate position limit to 8000 shares for this week.,133,2026-02-01 09:59:38.122279,SPNG,26.55,26.58,26.74,2500.0,2103300.0,5000.0,1901800.0,0,0,0,0,0,0
1.0,1.0,1.0,,Welcome to the RITC 2026 Alogithmic Market Making Case - practice server,,133,2026-02-01 09:59:38.122279,SMMR,25.59,25.59,25.71,2500.0,2083200.0,2500.0,1505600.0,0,0,0,0,0,0
,,,,,,133,2026-02-01 09:59:38.122279,ATMN,23.2,23.2,23.64,10000.0,2196100.0,2500.0,2296600.0,0,0,0,0,0,0
,,,,,,133,2026-02-01 09:59:38.122279,WNTR,26.69,26.69,26.71,5000.0,2010400.0,,835900.0,0,0,0,0,0,0
2.0,1.0,1.0,,Aggregate Position Limit,Your CRO has set the aggregate position limit to 8000 shares for this week.,134,2026-02-01 09:59:39.162306,SPNG,26.35,26.35,26.73,1889900.0,2500.0,1759600.0,,0,0,0,0,0,0
1.0,1.0,1.0,,Welcome to the RITC 2026 Alogithmic Market Making Case - practice server,,134,2026-02-01 09:59:39.162306,SMMR,25.59,25.57,25.58,2094800.0,5000.0,1722100.0,2500.0,0,0,0,0,0,0
,,,,,,134,2026-02-01 09:59:39.162306,ATMN,23.2,23.17,23.19,2175800.0,5000.0,2319500.0,10000.0,0,0,0,0,0,0
,,,,,,134,2026-02-01 09:59:39.162306,WNTR,26.69,26.69,26.71,1881900.0,,1070600.0,7500.0,0,0,0,0,0,0
2.0,1.0,1.0,,Aggregate Position Limit,Your CRO has set the aggregate position limit to 8000 shares for this week.,136,2026-02-01 09:59:40.192484,SPNG,27.0,26.71,27.0,1998600.0,2500.0,1759100.0,,0,0,0,0,0,0
1.0,1.0,1.0,,Welcome to the RITC 2026 Alogithmic Market Making Case - practice server,,136,2026-02-01 09:59:40.192484,SMMR,25.57,25.47,25.52,2098800.0,5000.0,1941700.0,5000.0,0,0,0,0,0,0
,,,,,,136,2026-02-01 09:59:40.192484,ATMN,23.48,23.17,23.35,2165100.0,10000.0,2362800.0,5000.0,0,0,0,0,0,0
,,,,,,136,2026-02-01 09:59:40.192484,WNTR,26.6,26.64,26.68,1994100.0,5000.0,1074900.0,,0,0,0,0,0,0
2.0,1.0,1.0,,Aggregate Position Limit,Your CRO has set the aggregate position limit to 8000 shares for this week.,137,2026-02-01 09:59:41.252507,SPNG,27.04,26.39,27.04,2007800.0,1639900.0,,,0,0,0,0,0,0
1.0,1.0,1.0,,Welcome to the RITC 2026 Alogithmic Market Making Case - practice server,,137,2026-02-01 09:59:41.252507,SMMR,25.6,25.47,25.6,2102300.0,1742900.0,5000.0,5000.0,0,0,0,0,0,0
,,,,,,137,2026-02-01 09:59:41.252507,ATMN,23.48,23.2,23.23,1944900.0,2237100.0,12500.0,7500.0,0,0,0,0,0,0
,,,,,,137,2026-02-01 09:59:41.252507,WNTR,26.6,26.6,26.62,2121700.0,1282400.0,2500.0,2500.0,0,0,0,0,0,0
2.0,1.0,1.0,,Aggregate Position Limit,Your CRO has set the aggregate position limit to 8000 shares for this week.,138,2026-02-01 09:59:42.293994,SPNG,27.04,26.4,27.04,2500.0,2007800.0,1868500.0,,0,0,0,0,0,0
1.0,1.0,1.0,,Welcome to the RITC 2026 Alogithmic Market Making Case - practice server,,138,2026-02-01 09:59:42.293994,SMMR,25.6,25.63,25.64,7500.0,1958200.0,1860700.0,5000.0,0,0,0,0,0,0
,,,,,,138,2026-02-01 09:59:42.293994,ATMN,23.15,23.15,23.35,,2296500.0,2362800.0,5000.0,0,0,0,0,0,0
,,,,,,138,2026-02-01 09:59:42.293994,WNTR,26.68,26.61,26.64,5000.0,2002100.0,1497400.0,2500.0,0,0,0,0,0,0
2.0,1.0,1.0,,Aggregate Position Limit,Your CRO has set the aggregate position limit to 8000 shares for this week.,139,2026-02-01 09:59:43.338400,SPNG,26.4,26.39,26.4,2007800.0,1975000.0,2500.0,,0,0,0,0,0,0
1.0,1.0,1.0,,Welcome to the RITC 2026 Alogithmic Market Making Case - practice server,,139,2026-02-01 09:59:43.338400,SMMR,25.63,25.63,25.64,1964300.0,1962500.0,5000.0,7500.0,0,0,0,0,0,0
,,,,,,139,2026-02-01 09:59:43.338400,ATMN,23.15,23.15,23.35,2146800.0,2368000.0,5000.0,,0,0,0,0,0,0
,,,,,,139,2026-02-01 09:59:43.338400,WNTR,26.48,26.48,26.5,2208700.0,1623100.0,2500.0,,0,0,0,0,0,0
2.0,1.0,1.0,,Aggregate Position Limit,Your CRO has set the aggregate position limit to 8000 shares for this week.,140,2026-02-01 09:59:44.372426,SPNG,27.05,26.39,27.05,2265200.0,1870000.0,,,0,0,0,0,0,0
1.0,1.0,1.0,,Welcome to the RITC 2026 Alogithmic Market Making Case - practice server,,140,2026-02-01 09:59:44.372426,SMMR,25.47,25.47,25.56,2193800.0,1999900.0,2500.0,5000.0,0,0,0,0,0,0
,,,,,,140,2026-02-01 09:59:44.372426,ATMN,23.15,23.16,23.34,2274200.0,2223000.0,2500.0,7500.0,0,0,0,0,0,0
,,,,,,140,2026-02-01 09:59:44.372426,WNTR,26.48,26.49,26.5,2187400.0,1623100.0,,2500.0,0,0,0,0,0,0
2.0,1.0,1.0,,Aggregate Position Limit,Your CRO has set the aggregate position limit to 8000 shares for this week.,141,2026-02-01 09:59:45.402411,SPNG,26.55,26.66,26.98,2226400.0,2500.0,1961900.0,2500.0,0,0,0,0,0,0
1.0,1.0,1.0,,Welcome to the RITC 2026 Alogithmic Market Making Case - practice server,,141,2026-02-01 09:59:45.402411,SMMR,25.4,25.4,25.56,2323700.0,,1999900.0,5000.0,0,0,0,0,0,0
,,,,,,141,2026-02-01 09:59:45.402411,ATMN,23.16,23.15,23.16,2569100.0,,2040200.0,10000.0,0,0,0,0,0,0
,,,,,,141,2026-02-01 09:59:45.402411,WNTR,26.49,26.48,26.49,2198400.0,,1743100.0,2500.0,0,0,0,0,0,0
2.0,1.0,1.0,,Aggregate Position Limit,Your CRO has set the aggregate position limit to 8000 shares for this week.,142,2026-02-01 09:59:46.427411,SPNG,26.55,26.67,26.87,5000.0,2112000.0,2021100.0,2500.0,0,0,0,0,0,0
1.0,1.0,1.0,,Welcome to the RITC 2026 Alogithmic Market Making Case - practice server,,142,2026-02-01 09:59:46.427411,SMMR,25.4,25.44,25.55,2500.0,2209700.0,1999900.0,5000.0,0,0,0,0,0,0
,,,,,,142,2026-02-01 09:59:46.427411,ATMN,23.14,23.14,23.16,,2769500.0,2185200.0,7500.0,0,0,0,0,0,0
,,,,,,142,2026-02-01 09:59:46.427411,WNTR,26.64,26.46,26.64,,2189500.0,1607600.0,2500.0,0,0,0,0,0,0
2.0,1.0,1.0,,Aggregate Position Limit,Your CRO has set the aggregate position limit to 8000 shares for this week.,143,2026-02-01 09:59:47.452200,SPNG,26.66,26.45,26.47,2175000.0,2500.0,1925900.0,5000.0,0,0,0,0,0,0
1.0,1.0,1.0,,Welcome to the RITC 2026 Alogithmic Market Making Case - practice server,,143,2026-02-01 09:59:47.452200,SMMR,25.43,25.43,25.54,2306600.0,,1912100.0,7500.0,0,0,0,0,0,0
,,,,,,143,2026-02-01 09:59:47.452200,ATMN,23.35,23.14,23.35,2737800.0,,2468400.0,2500.0,0,0,0,0,0,0
,,,,,,143,2026-02-01 09:59:47.452200,WNTR,26.46,26.46,26.64,2179700.0,,1702600.0,2500.0,0,0,0,0,0,0
2.0,1.0,1.0,,Aggregate Position Limit,Your CRO has set the aggregate position limit to 8000 shares for this week.,144,2026-02-01 09:59:48.482342,SPNG,26.87,26.45,26.87,2112200.0,2500.0,2026700.0,2500.0,0,0,0,0,0,0
1.0,1.0,1.0,,Welcome to the RITC 2026 Alogithmic Market Making Case - practice server,,144,2026-02-01 09:59:48.482342,SMMR,25.43,25.44,25.53,2149600.0,2500.0,1816300.0,10000.0,0,0,0,0,0,0
,,,,,,144,2026-02-01 09:59:48.482342,ATMN,23.35,23.19,23.27,2632100.0,,2475500.0,2500.0,0,0,0,0,0,0
,,,,,,144,2026-02-01 09:59:48.482342,WNTR,26.68,26.42,26.63,2176900.0,,1599200.0,2500.0,0,0,0,0,0,0
2.0,1.0,1.0,,Aggregate Position Limit,Your CRO has set the aggregate position limit to 8000 shares for this week.,145,2026-02-01 09:59:49.502302,SPNG,26.35,26.35,26.86,2298100.0,5000.0,1915100.0,,0,0,0,0,0,0
1.0,1.0,1.0,,Welcome to the RITC 2026 Alogithmic Market Making Case - practice server,,145,2026-02-01 09:59:49.502302,SMMR,25.43,25.45,25.52,2022900.0,12500.0,1687300.0,5000.0,0,0,0,0,0,0
,,,,,,145,2026-02-01 09:59:49.502302,ATMN,23.08,23.08,23.36,2767000.0,2500.0,2481600.0,,0,0,0,0,0,0
,,,,,,145,2026-02-01 09:59:49.502302,WNTR,26.42,26.42,26.52,2176900.0,2500.0,1796200.0,,0,0,0,0,0,0
2.0,1.0,1.0,,Aggregate Position Limit,Your CRO has set the aggregate position limit to 8000 shares for this week.,146,2026-02-01 09:59:50.541398,SPNG,26.35,26.35,26.86,2215200.0,5000.0,1899400.0,,0,0,0,0,0,0
1.0,1.0,1.0,,Welcome to the RITC 2026 Alogithmic Market Making Case - practice server,,146,2026-02-01 09:59:50.541398,SMMR,25.56,25.47,25.56,1998500.0,,2225400.0,5000.0,0,0,0,0,0,0
,,,,,,146,2026-02-01 09:59:50.541398,ATMN,23.39,23.08,23.39,2753900.0,,2617600.0,,0,0,0,0,0,0
,,,,,,146,2026-02-01 09:59:50.541398,WNTR,26.65,26.46,26.51,2166700.0,,1824300.0,,0,0,0,0,0,0
2.0,1.0,1.0,,Aggregate Position Limit,Your CRO has set the aggregate position limit to 8000 shares for this week.,147,2026-02-01 09:59:51.563151,SPNG,26.36,26.36,26.85,2198800.0,5000.0,1899400.0,,0,0,0,0,0,0
1.0,1.0,1.0,,Welcome to the RITC 2026 Alogithmic Market Making Case - practice server,,147,2026-02-01 09:59:51.563151,SMMR,25.52,25.48,25.52,1868400.0,2500.0,2122300.0,7500.0,0,0,0,0,0,0
,,,,,,147,2026-02-01 09:59:51.563151,ATMN,23.07,23.09,23.38,2569500.0,2500.0,2497200.0,2500.0,0,0,0,0,0,0
,,,,,,147,2026-02-01 09:59:51.563151,WNTR,26.46,26.46,26.65,2166700.0,,1697600.0,,0,0,0,0,0,0
2.0,1.0,1.0,,Aggregate Position Limit,Your CRO has set the aggregate position limit to 8000 shares for this week.,148,2026-02-01 09:59:52.592322,SPNG,27.01,26.66,27.01,2500.0,2080600.0,2006400.0,2500.0,0,0,0,0,0,0
1.0,1.0,1.0,,Welcome to the RITC 2026 Alogithmic Market Making Case - practice server,,148,2026-02-01 09:59:52.592322,SMMR,25.52,25.5,25.51,7500.0,1890900.0,2120200.0,2500.0,0,0,0,0,0,0
,,,,,,148,2026-02-01 09:59:52.592322,ATMN,23.48,23.09,23.48,2500.0,2564700.0,2649100.0,,0,0,0,0,0,0
,,,,,,148,2026-02-01 09:59:52.592322,WNTR,26.42,26.42,26.5,,2132300.0,1697600.0,2500.0,0,0,0,0,0,0
2.0,1.0,1.0,,Aggregate Position Limit,Your CRO has set the aggregate position limit to 8000 shares for this week.,149,2026-02-01 09:59:53.622089,SPNG,26.65,26.36,26.38,2198800.0,1880700.0,5000.0,,0,0,0,0,0,0
1.0,1.0,1.0,,Welcome to the RITC 2026 Alogithmic Market Making Case - practice server,,149,2026-02-01 09:59:53.622089,SMMR,25.55,25.58,25.6,1937100.0,2204900.0,,7500.0,0,0,0,0,0,0
,,,,,,149,2026-02-01 09:59:53.622089,ATMN,23.52,23.1,23.47,2417800.0,2556700.0,2500.0,5000.0,0,0,0,0,0,0
,,,,,,149,2026-02-01 09:59:53.622089,WNTR,26.49,26.5,26.53,2037700.0,1616300.0,,2500.0,0,0,0,0,0,0
2.0,1.0,1.0,,Aggregate Position Limit,Your CRO has set the aggregate position limit to 8000 shares for this week.,150,2026-02-01 09:59:54.652512,SPNG,26.91,26.36,26.66,2198800.0,1899200.0,5000.0,,0,0,0,0,0,0
1.0,1.0,1.0,,Welcome to the RITC 2026 Alogithmic Market Making Case - practice server,,150,2026-02-01 09:59:54.652512,SMMR,25.5,25.5,25.6,1899700.0,2237200.0,,7500.0,0,0,0,0,0,0
,,,,,,150,2026-02-01 09:59:54.652512,ATMN,23.52,23.11,23.25,2273900.0,2555600.0,2500.0,7500.0,0,0,0,0,0,0
,,,,,,150,2026-02-01 09:59:54.652512,WNTR,26.53,26.5,26.53,2007200.0,1616300.0,,2500.0,0,0,0,0,0,0
2.0,1.0,1.0,,Aggregate Position Limit,Your CRO has set the aggregate position limit to 8000 shares for this week.,151,2026-02-01 09:59:55.675274,SPNG,26.75,26.37,26.75,2500.0,2086700.0,1788800.0,7500.0,0,0,0,0,0,0
1.0,1.0,1.0,,Welcome to the RITC 2026 Alogithmic Market Making Case - practice server,,151,2026-02-01 09:59:55.675274,SMMR,25.48,25.48,25.54,7500.0,1868400.0,2252700.0,,0,0,0,0,0,0
,,,,,,151,2026-02-01 09:59:55.675274,ATMN,23.42,23.42,23.46,7500.0,2270800.0,2382600.0,5000.0,0,0,0,0,0,0
,,,,,,151,2026-02-01 09:59:55.675274,WNTR,26.53,26.53,26.57,5000.0,1909100.0,1604800.0,,0,0,0,0,0,0
2.0,1.0,1.0,,Aggregate Position Limit,Your CRO has set the aggregate position limit to 8000 shares for this week.,152,2026-02-01 09:59:56.737312,SPNG,26.95,26.37,26.95,2500.0,2086700.0,1872500.0,5000.0,0,0,0,0,0,0
1.0,1.0,1.0,,Welcome to the RITC 2026 Alogithmic Market Making Case - practice server,,152,2026-02-01 09:59:56.737312,SMMR,25.47,25.49,25.54,7500.0,1940000.0,2165500.0,2500.0,0,0,0,0,0,0
,,,,,,152,2026-02-01 09:59:56.737312,ATMN,23.42,23.42,23.46,7500.0,2270800.0,2298200.0,5000.0,0,0,0,0,0,0
,,,,,,152,2026-02-01 09:59:56.737312,WNTR,26.52,26.45,26.52,5000.0,1892600.0,1802300.0,2500.0,0,0,0,0,0,0
2.0,1.0,1.0,,Aggregate Position Limit,Your CRO has set the aggregate position limit to 8000 shares for this week.,153,2026-02-01 09:59:57.780246,SPNG,26.32,26.32,26.77,2281800.0,7500.0,1808200.0,,0,0,0,0,0,0
1.0,1.0,1.0,,Welcome to the RITC 2026 Alogithmic Market Making Case - practice server,,153,2026-02-01 09:59:57.780246,SMMR,25.59,25.51,25.53,1831400.0,5000.0,2023500.0,10000.0,0,0,0,0,0,0
,,,,,,153,2026-02-01 09:59:57.780246,ATMN,23.42,23.42,23.46,2270800.0,5000.0,2331900.0,7500.0,0,0,0,0,0,0
,,,,,,153,2026-02-01 09:59:57.780246,WNTR,26.57,26.46,26.51,1783500.0,2500.0,1911500.0,7500.0,0,0,0,0,0,0
2.0,1.0,1.0,,Aggregate Position Limit,Your CRO has set the aggregate position limit to 8000 shares for this week.,154,2026-02-01 09:59:58.802227,SPNG,26.73,26.33,26.73,2500.0,2179800.0,1853600.0,7500.0,0,0,0,0,0,0
1.0,1.0,1.0,,Welcome to the RITC 2026 Alogithmic Market Making Case - practice server,,154,2026-02-01 09:59:58.802227,SMMR,25.48,25.49,25.53,7500.0,1943500.0,2023600.0,5000.0,0,0,0,0,0,0
,,,,,,154,2026-02-01 09:59:58.802227,ATMN,23.47,23.07,23.47,,2707200.0,2622200.0,,0,0,0,0,0,0
,,,,,,154,2026-02-01 09:59:58.802227,WNTR,26.6,26.45,26.6,5000.0,1890200.0,1891500.0,,0,0,0,0,0,0
2.0,1.0,1.0,,Aggregate Position Limit,Your CRO has set the aggregate position limit to 8000 shares for this week.,155,2026-02-01 09:59:59.837107,SPNG,26.77,26.56,26.79,2500.0,2165000.0,1899600.0,5000.0,0,0,0,0,0,0
1.0,1.0,1.0,,Welcome to the RITC 2026 Alogithmic Market Making Case - practice server,,155,2026-02-01 09:59:59.837107,SMMR,25.63,25.49,25.63,5000.0,2063500.0,2227900.0,,0,0,0,0,0,0
,,,,,,155,2026-02-01 09:59:59.837107,ATMN,23.2,23.2,23.31,,2699300.0,2586300.0,,0,0,0,0,0,0
,,,,,,155,2026-02-01 09:59:59.837107,WNTR,26.42,26.42,26.62,,2138300.0,1770400.0,,0,0,0,0,0,0
2.0,1.0,1.0,,Aggregate Position Limit,Your CRO has set the aggregate position limit to 8000 shares for this week.,156,2026-02-01 10:00:00.867400,SPNG,26.26,26.26,26.69,2300000.0,7500.0,1843300.0,,0,0,0,0,0,0
1.0,1.0,1.0,,Welcome to the RITC 2026 Alogithmic Market Making Case - practice server,,156,2026-02-01 10:00:00.867400,SMMR,25.48,25.58,25.59,2192100.0,2500.0,2141800.0,2500.0,0,0,0,0,0,0
,,,,,,156,2026-02-01 10:00:00.867400,ATMN,23.2,23.25,23.31,2561300.0,2500.0,2475000.0,2500.0,0,0,0,0,0,0
,,,,,,156,2026-02-01 10:00:00.867400,WNTR,26.49,26.52,26.62,2048400.0,,1882900.0,2500.0,0,0,0,0,0,0
2.0,1.0,1.0,,Aggregate Position Limit,Your CRO has set the aggregate position limit to 8000 shares for this week.,157,2026-02-01 10:00:01.902241,SPNG,26.23,26.42,26.69,2204500.0,2500.0,7500.0,1861400.0,0,0,0,0,0,0
1.0,1.0,1.0,,Welcome to the RITC 2026 Alogithmic Market Making Case - practice server,,157,2026-02-01 10:00:01.902241,SMMR,25.47,25.47,25.59,2261400.0,,2500.0,2142700.0,0,0,0,0,0,0
,,,,,,157,2026-02-01 10:00:01.902241,ATMN,23.31,23.25,23.31,2625600.0,2500.0,2500.0,2493100.0,0,0,0,0,0,0
,,,,,,157,2026-02-01 10:00:01.902241,WNTR,26.49,26.52,26.53,2013300.0,2500.0,2500.0,1974100.0,0,0,0,0,0,0
2.0,1.0,1.0,,Aggregate Position Limit,Your CRO has set the aggregate position limit to 8000 shares for this week.,158,2026-02-01 10:00:02.922218,SPNG,26.69,26.75,26.79,2194700.0,2500.0,1990700.0,5000.0,0,0,0,0,0,0
1.0,1.0,1.0,,Welcome to the RITC 2026 Alogithmic Market Making Case - practice server,,158,2026-02-01 10:00:02.922218,SMMR,25.59,25.47,25.59,2299300.0,,2146300.0,2500.0,0,0,0,0,0,0
,,,,,,158,2026-02-01 10:00:02.922218,ATMN,23.25,23.25,23.52,2625600.0,2500.0,2604300.0,,0,0,0,0,0,0
,,,,,,158,2026-02-01 10:00:02.922218,WNTR,26.68,26.52,26.68,2007000.0,2500.0,2002200.0,,0,0,0,0,0,0
2.0,1.0,1.0,,Aggregate Position Limit,Your CRO has set the aggregate position limit to 8000 shares for this week.,159,2026-02-01 10:00:03.950554,SPNG,26.69,26.75,26.79,2194700.0,2500.0,2050100.0,2500.0,0,0,0,0,0,0
1.0,1.0,1.0,,Welcome to the RITC 2026 Alogithmic Market Making Case - practice server,,159,2026-02-01 10:00:03.950554,SMMR,25.47,25.47,25.53,2310800.0,,2051500.0,5000.0,0,0,0,0,0,0
,,,,,,159,2026-02-01 10:00:03.950554,ATMN,23.25,23.26,23.32,2445600.0,5000.0,2547900.0,2500.0,0,0,0,0,0,0
,,,,,,159,2026-02-01 10:00:03.950554,WNTR,26.69,26.55,26.67,1915900.0,5000.0,2003400.0,2500.0,0,0,0,0,0,0
2.0,1.0,1.0,,Aggregate Position Limit,Your CRO has set the aggregate position limit to 8000 shares for this week.,160,2026-02-01 10:00:04.972362,SPNG,26.42,26.42,26.79,2173600.0,2500.0,2152600.0,,0,0,0,0,0,0
1.0,1.0,1.0,,Welcome to the RITC 2026 Alogithmic Market Making Case - practice server,,160,2026-02-01 10:00:04.972362,SMMR,25.47,25.48,25.53,2204000.0,2500.0,2074100.0,5000.0,0,0,0,0,0,0
,,,,,,160,2026-02-01 10:00:04.972362,ATMN,23.43,23.23,23.43,2458200.0,5000.0,2501800.0,2500.0,0,0,0,0,0,0
,,,,,,160,2026-02-01 10:00:04.972362,WNTR,26.57,26.55,26.57,1915900.0,5000.0,1977400.0,2500.0,0,0,0,0,0,0
2.0,1.0,1.0,,Aggregate Position Limit,Your CRO has set the aggregate position limit to 8000 shares for this week.,161,2026-02-01 10:00:06.012107,SPNG,26.06,26.06,26.79,2322500.0,2152600.0,,,0,0,0,0,0,0
1.0,1.0,1.0,,Welcome to the RITC 2026 Alogithmic Market Making Case - practice server,,161,2026-02-01 10:00:06.012107,SMMR,25.46,25.47,25.52,2229300.0,1955600.0,2500.0,7500.0,0,0,0,0,0,0
,,,,,,161,2026-02-01 10:00:06.012107,ATMN,23.45,23.1,23.45,2674000.0,2490800.0,,2500.0,0,0,0,0,0,0
,,,,,,161,2026-02-01 10:00:06.012107,WNTR,26.48,26.48,26.71,1994900.0,1884700.0,2500.0,,0,0,0,0,0,0
2.0,1.0,1.0,,Aggregate Position Limit,Your CRO has set the aggregate position limit to 8000 shares for this week.,162,2026-02-01 10:00:07.050196,SPNG,26.06,26.09,26.11,2337000.0,2062100.0,2500.0,,0,0,0,0,0,0
1.0,1.0,1.0,,Welcome to the RITC 2026 Alogithmic Market Making Case - practice server,,162,2026-02-01 10:00:07.050196,SMMR,25.53,25.5,25.53,2256400.0,2054100.0,5000.0,2500.0,0,0,0,0,0,0
,,,,,,162,2026-02-01 10:00:07.050196,ATMN,23.3,23.33,23.53,2653500.0,2588600.0,,,0,0,0,0,0,0
,,,,,,162,2026-02-01 10:00:07.050196,WNTR,26.56,26.48,26.53,2035000.0,1999100.0,2500.0,2500.0,0,0,0,0,0,0
2.0,1.0,1.0,,Aggregate Position Limit,Your CRO has set the aggregate position limit to 8000 shares for this week.,163,2026-02-01 10:00:08.084348,SPNG,26.8,26.09,26.8,2337000.0,2148600.0,,,0,0,0,0,0,0
1.0,1.0,1.0,,Welcome to the RITC 2026 Alogithmic Market Making Case - practice server,,163,2026-02-01 10:00:08.084348,SMMR,25.54,25.47,25.54,2223200.0,2031600.0,2500.0,5000.0,0,0,0,0,0,0
,,,,,,163,2026-02-01 10:00:08.084348,ATMN,23.33,23.08,23.18,2580900.0,2576200.0,2500.0,,0,0,0,0,0,0
,,,,,,163,2026-02-01 10:00:08.084348,WNTR,26.53,26.48,26.53,2083400.0,1999100.0,2500.0,2500.0,0,0,0,0,0,0
2.0,1.0,1.0,,Aggregate Position Limit,Your CRO has set the aggregate position limit to 8000 shares for this week.,164,2026-02-01 10:00:09.111526,SPNG,26.19,26.19,26.93,2355600.0,2156600.0,,,0,0,0,0,0,0
1.0,1.0,1.0,,Welcome to the RITC 2026 Alogithmic Market Making Case - practice server,,164,2026-02-01 10:00:09.111526,SMMR,25.55,25.47,25.55,2223200.0,2019900.0,2500.0,5000.0,0,0,0,0,0,0
,,,,,,164,2026-02-01 10:00:09.111526,ATMN,23.33,23.08,23.17,2563300.0,2464900.0,2500.0,2500.0,0,0,0,0,0,0
,,,,,,164,2026-02-01 10:00:09.111526,WNTR,26.72,26.43,26.72,2185100.0,1758900.0,,,0,0,0,0,0,0
2.0,1.0,1.0,,Aggregate Position Limit,Your CRO has set the aggregate position limit to 8000 shares for this week.,165,2026-02-01 10:00:10.140585,SPNG,26.93,26.2,26.93,2500.0,2198700.0,2155200.0,,0,0,0,0,0,0
1.0,1.0,1.0,,Welcome to the RITC 2026 Alogithmic Market Making Case - practice server,,165,2026-02-01 10:00:10.140585,SMMR,25.43,25.43,25.51,,2327800.0,1925100.0,7500.0,0,0,0,0,0,0
,,,,,,165,2026-02-01 10:00:10.140585,ATMN,23.08,23.08,23.46,2500.0,2560400.0,2587700.0,,0,0,0,0,0,0
,,,,,,165,2026-02-01 10:00:10.140585,WNTR,26.72,26.44,26.71,2500.0,2087700.0,1963600.0,2500.0,0,0,0,0,0,0
2.0,1.0,1.0,,Aggregate Position Limit,Your CRO has set the aggregate position limit to 8000 shares for this week.,166,2026-02-01 10:00:11.166202,SPNG,26.19,26.39,26.92,2319100.0,2500.0,2063800.0,,0,0,0,0,0,0
1.0,1.0,1.0,,Welcome to the RITC 2026 Alogithmic Market Making Case - practice server,,166,2026-02-01 10:00:11.166202,SMMR,25.43,25.43,25.51,2327800.0,7500.0,1926200.0,,0,0,0,0,0,0
,,,,,,166,2026-02-01 10:00:11.166202,ATMN,23.16,23.31,23.46,2576400.0,,2606600.0,2500.0,0,0,0,0,0,0
,,,,,,166,2026-02-01 10:00:11.166202,WNTR,26.69,26.44,26.59,2087700.0,2500.0,1944900.0,2500.0,0,0,0,0,0,0
2.0,1.0,1.0,,Aggregate Position Limit,Your CRO has set the aggregate position limit to 8000 shares for this week.,167,2026-02-01 10:00:12.187119,SPNG,26.4,26.81,26.91,2293000.0,5000.0,1955200.0,,0,0,0,0,0,0
1.0,1.0,1.0,,Welcome to the RITC 2026 Alogithmic Market Making Case - practice server,,167,2026-02-01 10:00:12.187119,SMMR,25.43,25.44,25.5,2234400.0,10000.0,1825600.0,2500.0,0,0,0,0,0,0
,,,,,,167,2026-02-01 10:00:12.187119,ATMN,23.31,23.18,23.24,2588200.0,2500.0,2502500.0,2500.0,0,0,0,0,0,0
,,,,,,167,2026-02-01 10:00:12.187119,WNTR,26.72,26.52,26.72,2075000.0,,2057000.0,2500.0,0,0,0,0,0,0
2.0,1.0,1.0,,Aggregate Position Limit,Your CRO has set the aggregate position limit to 8000 shares for this week.,168,2026-02-01 10:00:13.219141,SPNG,26.39,26.19,26.32,2372500.0,1948800.0,5000.0,,0,0,0,0,0,0
1.0,1.0,1.0,,Welcome to the RITC 2026 Alogithmic Market Making Case - practice server,,168,2026-02-01 10:00:13.219141,SMMR,25.51,25.45,25.51,2238500.0,2049200.0,5000.0,2500.0,0,0,0,0,0,0
,,,,,,168,2026-02-01 10:00:13.219141,ATMN,23.46,23.19,23.46,2451900.0,2671300.0,,5000.0,0,0,0,0,0,0
,,,,,,168,2026-02-01 10:00:13.219141,WNTR,26.63,26.52,26.63,2039700.0,2067100.0,,2500.0,0,0,0,0,0,0
2.0,1.0,1.0,,Aggregate Position Limit,Your CRO has set the aggregate position limit to 8000 shares for this week.,169,2026-02-01 10:00:14.252577,SPNG,26.92,26.19,26.89,2372500.0,2145400.0,,,0,0,0,0,0,0
1.0,1.0,1.0,,Welcome to the RITC 2026 Alogithmic Market Making Case - practice server,,169,2026-02-01 10:00:14.252577,SMMR,25.57,25.45,25.52,2238500.0,2150900.0,2500.0,2500.0,0,0,0,0,0,0
,,,,,,169,2026-02-01 10:00:14.252577,ATMN,23.46,23.19,23.23,2412600.0,2496500.0,5000.0,2500.0,0,0,0,0,0,0
,,,,,,169,2026-02-01 10:00:14.252577,WNTR,26.52,26.52,26.53,2039700.0,1938500.0,2500.0,2500.0,0,0,0,0,0,0
2.0,1.0,1.0,,Aggregate Position Limit,Your CRO has set the aggregate position limit to 8000 shares for this week.,170,2026-02-01 10:00:15.283181,SPNG,26.92,26.31,26.69,2188300.0,2500.0,2076600.0,2500.0,0,0,0,0,0,0
1.0,1.0,1.0,,Welcome to the RITC 2026 Alogithmic Market Making Case - practice server,,170,2026-02-01 10:00:15.283181,SMMR,25.48,25.48,25.52,2132700.0,5000.0,2150900.0,2500.0,0,0,0,0,0,0
,,,,,,170,2026-02-01 10:00:15.283181,ATMN,23.46,23.2,23.21,2248300.0,7500.0,2677500.0,,0,0,0,0,0,0
,,,,,,170,2026-02-01 10:00:15.283181,WNTR,26.68,26.52,26.6,2039700.0,2500.0,2035900.0,,0,0,0,0,0,0
2.0,1.0,1.0,,Aggregate Position Limit,Your CRO has set the aggregate position limit to 8000 shares for this week.,171,2026-02-01 10:00:16.312395,SPNG,26.7,26.31,26.7,2143600.0,2500.0,2061800.0,2500.0,0,0,0,0,0,0
1.0,1.0,1.0,,Welcome to the RITC 2026 Alogithmic Market Making Case - practice server,,171,2026-02-01 10:00:16.312395,SMMR,25.55,25.42,25.49,2306700.0,,2278200.0,,0,0,0,0,0,0
,,,,,,171,2026-02-01 10:00:16.312395,ATMN,23.24,23.22,23.24,2220100.0,7500.0,2525600.0,2500.0,0,0,0,0,0,0
,,,,,,171,2026-02-01 10:00:16.312395,WNTR,26.63,26.52,26.62,2039700.0,2500.0,2081100.0,,0,0,0,0,0,0
2.0,1.0,1.0,,Aggregate Position Limit,Your CRO has set the aggregate position limit to 8000 shares for this week.,172,2026-02-01 10:00:17.337282,SPNG,26.31,26.31,26.66,2143600.0,2500.0,1944400.0,5000.0,0,0,0,0,0,0
1.0,1.0,1.0,,Welcome to the RITC 2026 Alogithmic Market Making Case - practice server,,172,2026-02-01 10:00:17.337282,SMMR,25.42,25.42,25.43,2288000.0,,2163900.0,2500.0,0,0,0,0,0,0
,,,,,,172,2026-02-01 10:00:17.337282,ATMN,23.54,23.22,23.54,2220100.0,7500.0,2645400.0,,0,0,0,0,0,0
,,,,,,172,2026-02-01 10:00:17.337282,WNTR,26.46,26.46,26.61,2065200.0,2500.0,1998400.0,2500.0,0,0,0,0,0,0
2.0,1.0,1.0,,Aggregate Position Limit,Your CRO has set the aggregate position limit to 8000 shares for this week.,173,2026-02-01 10:00:18.377220,SPNG,26.7,26.33,26.61,2024600.0,5000.0,2065400.0,2500.0,0,0,0,0,0,0
1.0,1.0,1.0,,Welcome to the RITC 2026 Alogithmic Market Making Case - practice server,,173,2026-02-01 10:00:18.377220,SMMR,25.41,25.41,25.43,2257100.0,,2140300.0,2500.0,0,0,0,0,0,0
,,,,,,173,2026-02-01 10:00:18.377220,ATMN,23.2,23.21,23.47,2221600.0,7500.0,2629700.0,,0,0,0,0,0,0
,,,,,,173,2026-02-01 10:00:18.377220,WNTR,26.61,26.61,26.62,1936200.0,5000.0,2119800.0,,0,0,0,0,0,0
2.0,1.0,1.0,,Aggregate Position Limit,Your CRO has set the aggregate position limit to 8000 shares for this week.,174,2026-02-01 10:00:19.412593,SPNG,26.33,26.33,26.61,2024600.0,5000.0,1966100.0,5000.0,0,0,0,0,0,0
1.0,1.0,1.0,,Welcome to the RITC 2026 Alogithmic Market Making Case - practice server,,174,2026-02-01 10:00:19.412593,SMMR,25.41,25.41,25.49,2257100.0,,2166800.0,2500.0,0,0,0,0,0,0
,,,,,,174,2026-02-01 10:00:19.412593,ATMN,23.2,23.2,23.34,2503400.0,2500.0,2454400.0,2500.0,0,0,0,0,0,0
,,,,,,174,2026-02-01 10:00:19.412593,WNTR,26.62,26.52,26.62,1932400.0,5000.0,2130100.0,,0,0,0,0,0,0
2.0,1.0,1.0,,Aggregate Position Limit,Your CRO has set the aggregate position limit to 8000 shares for this week.,175,2026-02-01 10:00:20.447162,SPNG,26.33,26.44,26.6,7500.0,1898000.0,7500.0,1829600.0,0,0,0,0,0,0
1.0,1.0,1.0,,Welcome to the RITC 2026 Alogithmic Market Making Case - practice server,,175,2026-02-01 10:00:20.447162,SMMR,25.4,25.4,25.44,,2271600.0,2500.0,2169700.0,0,0,0,0,0,0
