news_id,period,tick,ticker,headline,body,tick,timestamp,ticker,last_price,bid_price,ask_price,BUY_ANON,SELL_ANON,SELL_COLA-6,BUY_COLA-6
2.0,1.0,1.0,,Aggregate Position Limit,Your CRO has set the aggregate position limit to 14000 shares for this week.,2,2026-02-01 07:06:44.962917,SPNG,24.75,24.75,25.54,2159600.0,2111900.0,0,0
1.0,1.0,1.0,,Welcome to the RITC 2026 Alogithmic Market Making Case - practice server,,2,2026-02-01 07:06:44.962917,SMMR,25.04,25.04,25.08,2124400.0,2392900.0,0,0
,,,,,,2,2026-02-01 07:06:44.962917,ATMN,25.14,25.14,25.17,2297300.0,2060300.0,0,0
,,,,,,2,2026-02-01 07:06:44.962917,WNTR,25.13,24.93,25.13,1732900.0,2056700.0,0,0
2.0,1.0,1.0,,Aggregate Position Limit,Your CRO has set the aggregate position limit to 14000 shares for this week.,3,2026-02-01 07:06:45.999942,SPNG,24.75,24.75,25.26,2159600.0,2158300.0,0,0
1.0,1.0,1.0,,Welcome to the RITC 2026 Alogithmic Market Making Case - practice server,,3,2026-02-01 07:06:45.999942,SMMR,25.04,25.04,25.08,2351900.0,2367000.0,0,0
,,,,,,3,2026-02-01 07:06:45.999942,ATMN,24.64,24.64,25.17,2308700.0,2154900.0,0,0
,,,,,,3,2026-02-01 07:06:45.999942,WNTR,24.92,24.99,25.13,1825000.0,2056700.0,0,0
2.0,1.0,1.0,,Aggregate Position Limit,Your CRO has set the aggregate position limit to 14000 shares for this week.,4,2026-02-01 07:06:47.018887,SPNG,25.27,24.75,25.27,2159600.0,2175200.0,0,0
1.0,1.0,1.0,,Welcome to the RITC 2026 Alogithmic Market Making Case - practice server,,4,2026-02-01 07:06:47.018887,SMMR,25.13,24.99,25.13,2391900.0,2389000.0,0,0
,,,,,,4,2026-02-01 07:06:47.018887,ATMN,25.23,25.02,25.05,2287300.0,2142800.0,0,0
,,,,,,4,2026-02-01 07:06:47.018887,WNTR,24.92,25.09,25.13,1927700.0,2095700.0,0,0
2.0,1.0,1.0,,Aggregate Position Limit,Your CRO has set the aggregate position limit to 14000 shares for this week.,5,2026-02-01 07:06:48.052014,SPNG,25.27,24.75,24.96,2143700.0,2209400.0,0,0
1.0,1.0,1.0,,Welcome to the RITC 2026 Alogithmic Market Making Case - practice server,,5,2026-02-01 07:06:48.052014,SMMR,24.97,25.08,25.09,2279800.0,2364500.0,0,0
,,,,,,5,2026-02-01 07:06:48.052014,ATMN,24.64,24.64,25.26,2308700.0,2051400.0,0,0
,,,,,,5,2026-02-01 07:06:48.052014,WNTR,24.92,25.09,25.13,1927700.0,2064100.0,0,0
2.0,1.0,1.0,,Aggregate Position Limit,Your CRO has set the aggregate position limit to 14000 shares for this week.,6,2026-02-01 07:06:49.106281,SPNG,25.27,24.89,24.96,2167000.0,2209400.0,0,0
1.0,1.0,1.0,,Welcome to the RITC 2026 Alogithmic Market Making Case - practice server,,6,2026-02-01 07:06:49.106281,SMMR,25.08,25.08,25.09,2279800.0,2415500.0,0,0
,,,,,,6,2026-02-01 07:06:49.106281,ATMN,25.26,25.3,25.56,2292200.0,2055400.0,0,0
,,,,,,6,2026-02-01 07:06:49.106281,WNTR,25.09,25.09,25.13,1927700.0,2046500.0,0,0
2.0,1.0,1.0,,Aggregate Position Limit,Your CRO has set the aggregate position limit to 14000 shares for this week.,7,2026-02-01 07:06:50.141246,SPNG,25.22,24.89,25.22,2178400.0,2193000.0,0,0
1.0,1.0,1.0,,Welcome to the RITC 2026 Alogithmic Market Making Case - practice server,,7,2026-02-01 07:06:50.141246,SMMR,24.97,24.97,25.05,2039900.0,2382500.0,0,0
,,,,,,7,2026-02-01 07:06:50.141246,ATMN,25.3,24.86,24.93,2290900.0,2293200.0,0,0
,,,,,,7,2026-02-01 07:06:50.141246,WNTR,24.99,24.99,25.05,1931100.0,2014200.0,0,0
2.0,1.0,1.0,,Aggregate Position Limit,Your CRO has set the aggregate position limit to 14000 shares for this week.,9,2026-02-01 07:06:51.191500,SPNG,25.27,24.89,25.27,2169300.0,2180100.0,0,0
1.0,1.0,1.0,,Welcome to the RITC 2026 Alogithmic Market Making Case - practice server,,9,2026-02-01 07:06:51.191500,SMMR,25.06,24.97,25.06,2162600.0,2366800.0,0,0
,,,,,,9,2026-02-01 07:06:51.191500,ATMN,25.29,25.29,25.38,2275200.0,2283900.0,0,0
,,,,,,9,2026-02-01 07:06:51.191500,WNTR,24.99,24.99,25.03,2016200.0,2005900.0,0,0
2.0,1.0,1.0,,Aggregate Position Limit,Your CRO has set the aggregate position limit to 14000 shares for this week.,10,2026-02-01 07:06:52.273726,SPNG,25.3,24.73,25.3,2178600.0,2183500.0,0,0
1.0,1.0,1.0,,Welcome to the RITC 2026 Alogithmic Market Making Case - practice server,,10,2026-02-01 07:06:52.273726,SMMR,25.06,24.97,24.98,2368400.0,2392300.0,0,0
,,,,,,10,2026-02-01 07:06:52.273726,ATMN,24.64,25.32,25.38,2303400.0,2283900.0,0,0
,,,,,,10,2026-02-01 07:06:52.273726,WNTR,24.92,24.92,25.03,1919900.0,2005900.0,0,0
2.0,1.0,1.0,,Aggregate Position Limit,Your CRO has set the aggregate position limit to 14000 shares for this week.,11,2026-02-01 07:06:53.310181,SPNG,24.65,24.99,25.3,2193200.0,2172600.0,0,0
1.0,1.0,1.0,,Welcome to the RITC 2026 Alogithmic Market Making Case - practice server,,11,2026-02-01 07:06:53.310181,SMMR,24.94,24.94,24.98,2404900.0,2392300.0,0,0
,,,,,,11,2026-02-01 07:06:53.310181,ATMN,24.38,25.0,25.37,2308100.0,2269300.0,0,0
,,,,,,11,2026-02-01 07:06:53.310181,WNTR,24.89,24.86,24.87,1659500.0,2046300.0,0,0
2.0,1.0,1.0,,Aggregate Position Limit,Your CRO has set the aggregate position limit to 14000 shares for this week.,12,2026-02-01 07:06:54.354173,SPNG,24.99,24.99,25.3,2193200.0,2154300.0,0,0
1.0,1.0,1.0,,Welcome to the RITC 2026 Alogithmic Market Making Case - practice server,,12,2026-02-01 07:06:54.354173,SMMR,25.09,24.94,24.96,2404900.0,2383900.0,0,0
,,,,,,12,2026-02-01 07:06:54.354173,ATMN,25.0,25.0,25.37,2325900.0,2272100.0,0,0
,,,,,,12,2026-02-01 07:06:54.354173,WNTR,25.05,24.86,25.05,1659500.0,2009900.0,0,0
2.0,1.0,1.0,,Aggregate Position Limit,Your CRO has set the aggregate position limit to 14000 shares for this week.,13,2026-02-01 07:06:55.378433,SPNG,24.99,24.99,25.03,2180900.0,2122800.0,0,0
1.0,1.0,1.0,,Welcome to the RITC 2026 Alogithmic Market Making Case - practice server,,13,2026-02-01 07:06:55.378433,SMMR,25.09,24.94,24.96,2428400.0,2383900.0,0,0
,,,,,,13,2026-02-01 07:06:55.378433,ATMN,25.01,25.02,25.2,2332000.0,2262400.0,0,0
,,,,,,13,2026-02-01 07:06:55.378433,WNTR,25.04,24.86,25.04,1659500.0,2045300.0,0,0
2.0,1.0,1.0,,Aggregate Position Limit,Your CRO has set the aggregate position limit to 14000 shares for this week.,14,2026-02-01 07:06:56.414259,SPNG,24.97,24.97,25.03,2155800.0,2100500.0,0,0
1.0,1.0,1.0,,Welcome to the RITC 2026 Alogithmic Market Making Case - practice server,,14,2026-02-01 07:06:56.414259,SMMR,24.96,24.97,25.02,2429100.0,2375700.0,0,0
,,,,,,14,2026-02-01 07:06:56.414259,ATMN,25.2,25.26,25.27,2323700.0,2248000.0,0,0
,,,,,,14,2026-02-01 07:06:56.414259,WNTR,24.86,24.86,24.89,1538200.0,2065300.0,0,0
2.0,1.0,1.0,,Aggregate Position Limit,Your CRO has set the aggregate position limit to 14000 shares for this week.,15,2026-02-01 07:06:57.448402,SPNG,24.96,24.88,24.93,2185800.0,2131500.0,0,0
1.0,1.0,1.0,,Welcome to the RITC 2026 Alogithmic Market Making Case - practice server,,15,2026-02-01 07:06:57.448402,SMMR,25.09,25.09,25.12,2435300.0,2403900.0,0,0
,,,,,,15,2026-02-01 07:06:57.448402,ATMN,24.72,24.95,25.27,2290900.0,2248000.0,0,0
,,,,,,15,2026-02-01 07:06:57.448402,WNTR,24.88,24.83,24.88,1420000.0,2096300.0,0,0
2.0,1.0,1.0,,Aggregate Position Limit,Your CRO has set the aggregate position limit to 14000 shares for this week.,16,2026-02-01 07:06:58.488570,SPNG,25.03,24.88,25.03,2185800.0,2100500.0,0,0
1.0,1.0,1.0,,Welcome to the RITC 2026 Alogithmic Market Making Case - practice server,,16,2026-02-01 07:06:58.488570,SMMR,25.09,25.09,25.12,2435300.0,2377900.0,0,0
,,,,,,16,2026-02-01 07:06:58.488570,ATMN,25.27,24.95,25.14,2262600.0,2240700.0,0,0
,,,,,,16,2026-02-01 07:06:58.488570,WNTR,25.04,24.83,25.04,1634700.0,2045300.0,0,0
2.0,1.0,1.0,,Aggregate Position Limit,Your CRO has set the aggregate position limit to 14000 shares for this week.,17,2026-02-01 07:06:59.508407,SPNG,25.0,24.88,24.9,2185800.0,2138700.0,0,0
1.0,1.0,1.0,,Welcome to the RITC 2026 Alogithmic Market Making Case - practice server,,17,2026-02-01 07:06:59.508407,SMMR,25.09,25.02,25.08,2424800.0,2377600.0,0,0
,,,,,,17,2026-02-01 07:06:59.508407,ATMN,25.14,24.95,25.14,2261100.0,2240700.0,0,0
,,,,,,17,2026-02-01 07:06:59.508407,WNTR,25.06,24.94,24.98,1740500.0,2054700.0,0,0
2.0,1.0,1.0,,Aggregate Position Limit,Your CRO has set the aggregate position limit to 14000 shares for this week.,18,2026-02-01 07:07:00.526569,SPNG,25.03,25.05,25.12,2198100.0,2101600.0,0,0
1.0,1.0,1.0,,Welcome to the RITC 2026 Alogithmic Market Making Case - practice server,,18,2026-02-01 07:07:00.526569,SMMR,25.12,25.02,25.12,2424100.0,2383700.0,0,0
,,,,,,18,2026-02-01 07:07:00.526569,ATMN,25.38,25.11,25.38,2253700.0,2287000.0,0,0
,,,,,,18,2026-02-01 07:07:00.526569,WNTR,24.79,24.79,24.83,1526500.0,2045400.0,0,0
2.0,1.0,1.0,,Aggregate Position Limit,Your CRO has set the aggregate position limit to 14000 shares for this week.,19,2026-02-01 07:07:01.551329,SPNG,24.94,24.88,24.94,2185800.0,2105900.0,0,0
1.0,1.0,1.0,,Welcome to the RITC 2026 Alogithmic Market Making Case - practice server,,19,2026-02-01 07:07:01.551329,SMMR,25.02,25.02,25.12,2424100.0,2338800.0,0,0
,,,,,,19,2026-02-01 07:07:01.551329,ATMN,25.05,25.05,25.44,2256000.0,2294600.0,0,0
,,,,,,19,2026-02-01 07:07:01.551329,WNTR,24.87,24.79,24.87,1616800.0,2046500.0,0,0
2.0,1.0,1.0,,Aggregate Position Limit,Your CRO has set the aggregate position limit to 14000 shares for this week.,20,2026-02-01 07:07:02.571487,SPNG,25.12,25.19,25.28,2199600.0,2124700.0,0,0
1.0,1.0,1.0,,Welcome to the RITC 2026 Alogithmic Market Making Case - practice server,,20,2026-02-01 07:07:02.571487,SMMR,25.11,25.02,25.11,2424100.0,2403900.0,0,0
,,,,,,20,2026-02-01 07:07:02.571487,ATMN,25.45,25.38,25.45,2219100.0,2273700.0,0,0
,,,,,,20,2026-02-01 07:07:02.571487,WNTR,24.79,24.79,24.98,1824400.0,2054700.0,0,0
2.0,1.0,1.0,,Aggregate Position Limit,Your CRO has set the aggregate position limit to 14000 shares for this week.,21,2026-02-01 07:07:03.605467,SPNG,25.19,24.88,25.19,2185800.0,2082100.0,0,0
1.0,1.0,1.0,,Welcome to the RITC 2026 Alogithmic Market Making Case - practice server,,21,2026-02-01 07:07:03.605467,SMMR,25.11,25.09,25.11,2409800.0,2390400.0,0,0
,,,,,,21,2026-02-01 07:07:03.605467,ATMN,25.05,24.95,25.03,2261100.0,2241700.0,0,0
,,,,,,21,2026-02-01 07:07:03.605467,WNTR,24.79,24.79,24.86,1719600.0,2070500.0,0,0
2.0,1.0,1.0,,Aggregate Position Limit,Your CRO has set the aggregate position limit to 14000 shares for this week.,22,2026-02-01 07:07:04.638282,SPNG,24.81,24.81,24.85,2204500.0,2063600.0,0,0
1.0,1.0,1.0,,Welcome to the RITC 2026 Alogithmic Market Making Case - practice server,,22,2026-02-01 07:07:04.638282,SMMR,25.09,25.09,25.11,2409800.0,2434000.0,0,0
,,,,,,22,2026-02-01 07:07:04.638282,ATMN,25.36,24.95,25.01,2250900.0,2248400.0,0,0
,,,,,,22,2026-02-01 07:07:04.638282,WNTR,24.78,24.78,24.83,1599200.0,2070000.0,0,0
2.0,1.0,1.0,,Aggregate Position Limit,Your CRO has set the aggregate position limit to 14000 shares for this week.,23,2026-02-01 07:07:05.652935,SPNG,24.66,24.86,25.17,2185400.0,2068000.0,0,0
1.0,1.0,1.0,,Welcome to the RITC 2026 Alogithmic Market Making Case - practice server,,23,2026-02-01 07:07:05.652935,SMMR,24.92,24.89,24.9,2434400.0,2420000.0,0,0
,,,,,,23,2026-02-01 07:07:05.652935,ATMN,25.01,25.18,25.37,2235900.0,2241200.0,0,0
,,,,,,23,2026-02-01 07:07:05.652935,WNTR,24.79,24.76,24.79,1493300.0,2074300.0,0,0
2.0,1.0,1.0,,Aggregate Position Limit,Your CRO has set the aggregate position limit to 14000 shares for this week.,24,2026-02-01 07:07:06.686720,SPNG,25.17,24.66,25.17,2186000.0,2068000.0,0,0
1.0,1.0,1.0,,Welcome to the RITC 2026 Alogithmic Market Making Case - practice server,,24,2026-02-01 07:07:06.686720,SMMR,25.13,24.91,25.13,2431500.0,2385400.0,0,0
,,,,,,24,2026-02-01 07:07:06.686720,ATMN,25.18,25.18,25.37,2235900.0,2233900.0,0,0
,,,,,,24,2026-02-01 07:07:06.686720,WNTR,24.82,24.76,24.82,1714900.0,2087500.0,0,0
2.0,1.0,1.0,,Aggregate Position Limit,Your CRO has set the aggregate position limit to 14000 shares for this week.,25,2026-02-01 07:07:07.722958,SPNG,24.65,24.65,25.28,2169900.0,2098000.0,0,0
1.0,1.0,1.0,,Welcome to the RITC 2026 Alogithmic Market Making Case - practice server,,25,2026-02-01 07:07:07.722958,SMMR,25.04,25.04,25.13,2460700.0,2385400.0,0,0
,,,,,,25,2026-02-01 07:07:07.722958,ATMN,24.72,24.95,25.37,2272900.0,2233900.0,0,0
,,,,,,25,2026-02-01 07:07:07.722958,WNTR,24.83,24.76,24.83,1714900.0,2093800.0,0,0
2.0,1.0,1.0,,Aggregate Position Limit,Your CRO has set the aggregate position limit to 14000 shares for this week.,26,2026-02-01 07:07:08.744607,SPNG,24.61,24.61,25.28,2218700.0,2089300.0,0,0
1.0,1.0,1.0,,Welcome to the RITC 2026 Alogithmic Market Making Case - practice server,,26,2026-02-01 07:07:08.744607,SMMR,24.91,24.91,25.04,2431500.0,2387000.0,0,0
,,,,,,26,2026-02-01 07:07:08.744607,ATMN,24.95,24.72,24.89,2256500.0,2205000.0,0,0
,,,,,,26,2026-02-01 07:07:08.744607,WNTR,24.89,24.83,24.89,1935200.0,2096900.0,0,0
2.0,1.0,1.0,,Aggregate Position Limit,Your CRO has set the aggregate position limit to 14000 shares for this week.,27,2026-02-01 07:07:09.773410,SPNG,24.61,25.23,25.28,2207100.0,2124500.0,0,0
1.0,1.0,1.0,,Welcome to the RITC 2026 Alogithmic Market Making Case - practice server,,27,2026-02-01 07:07:09.773410,SMMR,24.91,24.91,25.04,2445500.0,2387000.0,0,0
,,,,,,27,2026-02-01 07:07:09.773410,ATMN,24.71,24.71,25.45,2257400.0,2245200.0,0,0
,,,,,,27,2026-02-01 07:07:09.773410,WNTR,25.0,24.83,25.0,1935200.0,2081400.0,0,0
2.0,1.0,1.0,,Aggregate Position Limit,Your CRO has set the aggregate position limit to 14000 shares for this week.,28,2026-02-01 07:07:10.798421,SPNG,25.23,24.61,24.88,2200300.0,2152200.0,0,0
1.0,1.0,1.0,,Welcome to the RITC 2026 Alogithmic Market Making Case - practice server,,28,2026-02-01 07:07:10.798421,SMMR,25.04,25.0,25.04,2387300.0,2387000.0,0,0
,,,,,,28,2026-02-01 07:07:10.798421,ATMN,24.5,25.41,25.46,2253200.0,2256300.0,0,0
,,,,,,28,2026-02-01 07:07:10.798421,WNTR,24.76,24.76,25.0,1842300.0,2081400.0,0,0
2.0,1.0,1.0,,Aggregate Position Limit,Your CRO has set the aggregate position limit to 14000 shares for this week.,29,2026-02-01 07:07:11.828817,SPNG,25.29,25.14,25.29,2224800.0,2096400.0,0,0
1.0,1.0,1.0,,Welcome to the RITC 2026 Alogithmic Market Making Case - practice server,,29,2026-02-01 07:07:11.828817,SMMR,24.91,24.91,25.15,2408200.0,2339400.0,0,0
,,,,,,29,2026-02-01 07:07:11.828817,ATMN,25.41,24.5,24.85,2245200.0,2247400.0,0,0
,,,,,,29,2026-02-01 07:07:11.828817,WNTR,24.78,24.94,25.0,2061800.0,2099300.0,0,0
2.0,1.0,1.0,,Aggregate Position Limit,Your CRO has set the aggregate position limit to 14000 shares for this week.,30,2026-02-01 07:07:12.888385,SPNG,24.54,24.54,25.29,2222100.0,2096400.0,0,0
1.0,1.0,1.0,,Welcome to the RITC 2026 Alogithmic Market Making Case - practice server,,30,2026-02-01 07:07:12.888385,SMMR,25.15,25.11,25.15,2396400.0,2391600.0,0,0
,,,,,,30,2026-02-01 07:07:12.888385,ATMN,25.05,25.05,25.11,2256600.0,2233400.0,0,0
,,,,,,30,2026-02-01 07:07:12.888385,WNTR,24.94,24.94,24.99,2061800.0,2143000.0,0,0
2.0,1.0,1.0,,Aggregate Position Limit,Your CRO has set the aggregate position limit to 14000 shares for this week.,31,2026-02-01 07:07:13.933313,SPNG,24.5,24.5,25.29,2236900.0,2128900.0,0,0
1.0,1.0,1.0,,Welcome to the RITC 2026 Alogithmic Market Making Case - practice server,,31,2026-02-01 07:07:13.933313,SMMR,25.16,25.11,25.16,2378000.0,2372500.0,0,0
,,,,,,31,2026-02-01 07:07:13.933313,ATMN,25.05,24.88,24.97,2252300.0,2184500.0,0,0
,,,,,,31,2026-02-01 07:07:13.933313,WNTR,24.84,24.84,24.99,2065000.0,2141800.0,0,0
2.0,1.0,1.0,,Aggregate Position Limit,Your CRO has set the aggregate position limit to 14000 shares for this week.,32,2026-02-01 07:07:14.960223,SPNG,25.2,24.5,24.73,2236900.0,2123200.0,0,0
1.0,1.0,1.0,,Welcome to the RITC 2026 Alogithmic Market Making Case - practice server,,32,2026-02-01 07:07:14.960223,SMMR,25.06,24.91,24.95,2365800.0,2408200.0,0,0
,,,,,,32,2026-02-01 07:07:14.960223,ATMN,24.97,24.98,24.99,2249300.0,2205900.0,0,0
,,,,,,32,2026-02-01 07:07:14.960223,WNTR,24.84,24.84,24.89,2065000.0,2126700.0,0,0
2.0,1.0,1.0,,Aggregate Position Limit,Your CRO has set the aggregate position limit to 14000 shares for this week.,33,2026-02-01 07:07:15.988291,SPNG,25.29,24.7,25.29,2229300.0,2099000.0,0,0
1.0,1.0,1.0,,Welcome to the RITC 2026 Alogithmic Market Making Case - practice server,,33,2026-02-01 07:07:15.988291,SMMR,25.06,24.91,24.95,2388100.0,2408200.0,0,0
,,,,,,33,2026-02-01 07:07:15.988291,ATMN,24.88,24.88,24.99,2226700.0,2185600.0,0,0
,,,,,,33,2026-02-01 07:07:15.988291,WNTR,24.89,24.86,24.89,2075400.0,2111900.0,0,0
2.0,1.0,1.0,,Aggregate Position Limit,Your CRO has set the aggregate position limit to 14000 shares for this week.,34,2026-02-01 07:07:17.024513,SPNG,24.99,24.98,24.99,2229900.0,2138000.0,0,0
1.0,1.0,1.0,,Welcome to the RITC 2026 Alogithmic Market Making Case - practice server,,34,2026-02-01 07:07:17.024513,SMMR,25.16,24.98,25.16,2385700.0,2393300.0,0,0
,,,,,,34,2026-02-01 07:07:17.024513,ATMN,25.46,24.88,25.43,2226700.0,2224700.0,0,0
,,,,,,34,2026-02-01 07:07:17.024513,WNTR,24.96,24.86,24.96,2103000.0,2133600.0,0,0
2.0,1.0,1.0,,Aggregate Position Limit,Your CRO has set the aggregate position limit to 14000 shares for this week.,35,2026-02-01 07:07:18.056224,SPNG,24.7,24.5,24.68,2245300.0,2086100.0,0,0
1.0,1.0,1.0,,Welcome to the RITC 2026 Alogithmic Market Making Case - practice server,,35,2026-02-01 07:07:18.056224,SMMR,25.16,24.98,25.06,2385700.0,2426000.0,0,0
,,,,,,35,2026-02-01 07:07:18.056224,ATMN,24.88,24.5,24.88,2243200.0,2222700.0,0,0
,,,,,,35,2026-02-01 07:07:18.056224,WNTR,24.86,24.86,24.96,2113500.0,2133600.0,0,0
2.0,1.0,1.0,,Aggregate Position Limit,Your CRO has set the aggregate position limit to 14000 shares for this week.,36,2026-02-01 07:07:19.077968,SPNG,24.7,24.5,24.68,2263100.0,2086100.0,0,0
1.0,1.0,1.0,,Welcome to the RITC 2026 Alogithmic Market Making Case - practice server,,36,2026-02-01 07:07:19.077968,SMMR,25.04,25.05,25.06,2421100.0,2426000.0,0,0
,,,,,,36,2026-02-01 07:07:19.077968,ATMN,24.77,24.77,25.43,2232100.0,2224700.0,0,0
,,,,,,36,2026-02-01 07:07:19.077968,WNTR,25.02,24.84,25.02,2112800.0,2100900.0,0,0
2.0,1.0,1.0,,Aggregate Position Limit,Your CRO has set the aggregate position limit to 14000 shares for this week.,37,2026-02-01 07:07:20.118553,SPNG,25.3,24.8,25.3,2315000.0,2087200.0,0,0
1.0,1.0,1.0,,Welcome to the RITC 2026 Alogithmic Market Making Case - practice server,,37,2026-02-01 07:07:20.118553,SMMR,25.06,24.98,25.06,2396600.0,2426000.0,0,0
,,,,,,37,2026-02-01 07:07:20.118553,ATMN,24.77,24.77,24.82,2258000.0,2240800.0,0,0
,,,,,,37,2026-02-01 07:07:20.118553,WNTR,25.02,24.84,24.93,2112800.0,2045200.0,0,0
2.0,1.0,1.0,,Aggregate Position Limit,Your CRO has set the aggregate position limit to 14000 shares for this week.,38,2026-02-01 07:07:21.154646,SPNG,25.3,25.04,25.11,2341800.0,2089000.0,0,0
1.0,1.0,1.0,,Welcome to the RITC 2026 Alogithmic Market Making Case - practice server,,38,2026-02-01 07:07:21.154646,SMMR,24.94,24.94,25.16,2373100.0,2398000.0,0,0
,,,,,,38,2026-02-01 07:07:21.154646,ATMN,24.82,24.95,25.06,2262100.0,2214900.0,0,0
,,,,,,38,2026-02-01 07:07:21.154646,WNTR,25.02,24.84,25.02,2104800.0,2072200.0,0,0
2.0,1.0,1.0,,Aggregate Position Limit,Your CRO has set the aggregate position limit to 14000 shares for this week.,39,2026-02-01 07:07:22.187997,SPNG,24.45,24.45,25.11,2292100.0,2089000.0,0,0
1.0,1.0,1.0,,Welcome to the RITC 2026 Alogithmic Market Making Case - practice server,,39,2026-02-01 07:07:22.187997,SMMR,24.94,24.95,25.15,2443400.0,2456000.0,0,0
,,,,,,39,2026-02-01 07:07:22.187997,ATMN,25.06,24.95,25.06,2257000.0,2202000.0,0,0
,,,,,,39,2026-02-01 07:07:22.187997,WNTR,24.81,24.81,24.91,2084200.0,2050900.0,0,0
2.0,1.0,1.0,,Aggregate Position Limit,Your CRO has set the aggregate position limit to 14000 shares for this week.,40,2026-02-01 07:07:23.220116,SPNG,25.3,25.33,25.35,2303000.0,2087900.0,0,0
1.0,1.0,1.0,,Welcome to the RITC 2026 Alogithmic Market Making Case - practice server,,40,2026-02-01 07:07:23.220116,SMMR,25.15,24.95,25.15,2444500.0,2456000.0,0,0
,,,,,,40,2026-02-01 07:07:23.220116,ATMN,25.06,25.15,25.23,2286100.0,2233800.0,0,0
,,,,,,40,2026-02-01 07:07:23.220116,WNTR,24.89,24.89,24.91,2112300.0,2050900.0,0,0
2.0,1.0,1.0,,Aggregate Position Limit,Your CRO has set the aggregate position limit to 14000 shares for this week.,41,2026-02-01 07:07:24.258242,SPNG,25.33,24.85,25.07,2312200.0,2082100.0,0,0
1.0,1.0,1.0,,Welcome to the RITC 2026 Alogithmic Market Making Case - practice server,,41,2026-02-01 07:07:24.258242,SMMR,25.15,24.97,25.0,2437400.0,2476700.0,0,0
,,,,,,41,2026-02-01 07:07:24.258242,ATMN,25.05,25.14,25.23,2301900.0,2230100.0,0,0
,,,,,,41,2026-02-01 07:07:24.258242,WNTR,24.89,24.89,24.91,2120300.0,2036700.0,0,0
2.0,1.0,1.0,,Aggregate Position Limit,Your CRO has set the aggregate position limit to 14000 shares for this week.,42,2026-02-01 07:07:25.288143,SPNG,25.33,24.85,25.21,2312200.0,2101800.0,0,0
1.0,1.0,1.0,,Welcome to the RITC 2026 Alogithmic Market Making Case - practice server,,42,2026-02-01 07:07:25.288143,SMMR,25.16,24.97,25.16,2411200.0,2442000.0,0,0
,,,,,,42,2026-02-01 07:07:25.288143,ATMN,25.02,25.02,25.23,2267400.0,2215600.0,0,0
,,,,,,42,2026-02-01 07:07:25.288143,WNTR,24.8,24.8,24.87,2098000.0,2048100.0,0,0
2.0,1.0,1.0,,Aggregate Position Limit,Your CRO has set the aggregate position limit to 14000 shares for this week.,43,2026-02-01 07:07:26.316506,SPNG,24.68,24.68,25.32,2305700.0,2091600.0,0,0
1.0,1.0,1.0,,Welcome to the RITC 2026 Alogithmic Market Making Case - practice server,,43,2026-02-01 07:07:26.316506,SMMR,25.17,24.97,25.17,2411200.0,2427800.0,0,0
,,,,,,43,2026-02-01 07:07:26.316506,ATMN,25.01,25.12,25.15,2269200.0,2189200.0,0,0
,,,,,,43,2026-02-01 07:07:26.316506,WNTR,24.8,24.8,24.91,2079700.0,2022300.0,0,0
2.0,1.0,1.0,,Aggregate Position Limit,Your CRO has set the aggregate position limit to 14000 shares for this week.,44,2026-02-01 07:07:27.366458,SPNG,25.32,24.96,25.32,2316500.0,2091600.0,0,0
1.0,1.0,1.0,,Welcome to the RITC 2026 Alogithmic Market Making Case - practice server,,44,2026-02-01 07:07:27.366458,SMMR,25.17,25.16,25.17,2415800.0,2431400.0,0,0
,,,,,,44,2026-02-01 07:07:27.366458,ATMN,25.15,24.95,25.15,2264800.0,2223100.0,0,0
,,,,,,44,2026-02-01 07:07:27.366458,WNTR,24.98,24.79,24.98,2089700.0,2030300.0,0,0
2.0,1.0,1.0,,Aggregate Position Limit,Your CRO has set the aggregate position limit to 14000 shares for this week.,46,2026-02-01 07:07:28.402013,SPNG,25.32,24.96,25.32,2316500.0,2091600.0,0,0
1.0,1.0,1.0,,Welcome to the RITC 2026 Alogithmic Market Making Case - practice server,,46,2026-02-01 07:07:28.402013,SMMR,25.16,25.16,25.17,2385100.0,2439300.0,0,0
,,,,,,46,2026-02-01 07:07:28.402013,ATMN,25.23,24.95,25.23,2264800.0,2186400.0,0,0
,,,,,,46,2026-02-01 07:07:28.402013,WNTR,24.87,24.87,24.98,2097900.0,2030300.0,0,0
2.0,1.0,1.0,,Aggregate Position Limit,Your CRO has set the aggregate position limit to 14000 shares for this week.,47,2026-02-01 07:07:29.432514,SPNG,25.01,24.96,25.01,2322200.0,2115300.0,0,0
1.0,1.0,1.0,,Welcome to the RITC 2026 Alogithmic Market Making Case - practice server,,47,2026-02-01 07:07:29.432514,SMMR,25.08,25.08,25.19,2406900.0,2465000.0,0,0
,,,,,,47,2026-02-01 07:07:29.432514,ATMN,25.23,25.03,25.21,2260200.0,2206500.0,0,0
,,,,,,47,2026-02-01 07:07:29.432514,WNTR,24.87,24.87,24.95,2097900.0,2013000.0,0,0
2.0,1.0,1.0,,Aggregate Position Limit,Your CRO has set the aggregate position limit to 14000 shares for this week.,48,2026-02-01 07:07:30.453318,SPNG,25.35,24.98,25.35,2263900.0,2075800.0,0,0
1.0,1.0,1.0,,Welcome to the RITC 2026 Alogithmic Market Making Case - practice server,,48,2026-02-01 07:07:30.453318,SMMR,25.04,24.97,25.04,2407000.0,2488800.0,0,0
,,,,,,48,2026-02-01 07:07:30.453318,ATMN,25.23,25.03,25.21,2260200.0,2175800.0,0,0
,,,,,,48,2026-02-01 07:07:30.453318,WNTR,24.95,24.87,24.95,2100800.0,2025600.0,0,0
2.0,1.0,1.0,,Aggregate Position Limit,Your CRO has set the aggregate position limit to 14000 shares for this week.,49,2026-02-01 07:07:31.491640,SPNG,25.35,24.98,25.0,2263900.0,2053500.0,0,0
1.0,1.0,1.0,,Welcome to the RITC 2026 Alogithmic Market Making Case - practice server,,49,2026-02-01 07:07:31.491640,SMMR,25.19,25.16,25.19,2381400.0,2466800.0,0,0
,,,,,,49,2026-02-01 07:07:31.491640,ATMN,25.07,25.03,25.07,2260200.0,2193700.0,0,0
,,,,,,49,2026-02-01 07:07:31.491640,WNTR,24.77,24.88,24.95,2056500.0,2017900.0,0,0
2.0,1.0,1.0,,Aggregate Position Limit,Your CRO has set the aggregate position limit to 14000 shares for this week.,50,2026-02-01 07:07:32.521741,SPNG,25.04,24.98,25.04,2263900.0,2077900.0,0,0
1.0,1.0,1.0,,Welcome to the RITC 2026 Alogithmic Market Making Case - practice server,,50,2026-02-01 07:07:32.521741,SMMR,25.19,25.16,25.19,2381400.0,2486800.0,0,0
,,,,,,50,2026-02-01 07:07:32.521741,ATMN,25.03,24.95,25.0,2292500.0,2198800.0,0,0
,,,,,,50,2026-02-01 07:07:32.521741,WNTR,24.88,24.76,24.78,2029500.0,2065100.0,0,0
2.0,1.0,1.0,,Aggregate Position Limit,Your CRO has set the aggregate position limit to 14000 shares for this week.,51,2026-02-01 07:07:33.550891,SPNG,24.94,24.94,25.04,2327400.0,2065000.0,0,0
1.0,1.0,1.0,,Welcome to the RITC 2026 Alogithmic Market Making Case - practice server,,51,2026-02-01 07:07:33.550891,SMMR,25.19,25.16,25.19,2375000.0,2480100.0,0,0
,,,,,,51,2026-02-01 07:07:33.550891,ATMN,25.02,24.95,25.02,2308900.0,2172500.0,0,0
,,,,,,51,2026-02-01 07:07:33.550891,WNTR,24.78,24.76,24.78,2064700.0,2065100.0,0,0
2.0,1.0,1.0,,Aggregate Position Limit,Your CRO has set the aggregate position limit to 14000 shares for this week.,52,2026-02-01 07:07:34.575961,SPNG,25.04,24.94,25.04,2339900.0,2092700.0,0,0
1.0,1.0,1.0,,Welcome to the RITC 2026 Alogithmic Market Making Case - practice server,,52,2026-02-01 07:07:34.575961,SMMR,25.19,25.16,25.19,2401300.0,2480800.0,0,0
,,,,,,52,2026-02-01 07:07:34.575961,ATMN,25.02,24.95,25.02,2308900.0,2147100.0,0,0
,,,,,,52,2026-02-01 07:07:34.575961,WNTR,24.78,24.76,24.78,2089700.0,2056800.0,0,0
2.0,1.0,1.0,,Aggregate Position Limit,Your CRO has set the aggregate position limit to 14000 shares for this week.,53,2026-02-01 07:07:35.602688,SPNG,25.07,24.81,25.07,2345200.0,2091400.0,0,0
1.0,1.0,1.0,,Welcome to the RITC 2026 Alogithmic Market Making Case - practice server,,53,2026-02-01 07:07:35.602688,SMMR,25.12,25.12,25.19,2387600.0,2470300.0,0,0
,,,,,,53,2026-02-01 07:07:35.602688,ATMN,24.95,24.95,25.02,2291500.0,2162500.0,0,0
,,,,,,53,2026-02-01 07:07:35.602688,WNTR,24.79,24.76,24.79,2088300.0,2057600.0,0,0
2.0,1.0,1.0,,Aggregate Position Limit,Your CRO has set the aggregate position limit to 14000 shares for this week.,54,2026-02-01 07:07:36.623055,SPNG,25.07,25.2,25.35,2315300.0,2086100.0,0,0
1.0,1.0,1.0,,Welcome to the RITC 2026 Alogithmic Market Making Case - practice server,,54,2026-02-01 07:07:36.623055,SMMR,25.12,25.12,25.19,2378200.0,2462000.0,0,0
,,,,,,54,2026-02-01 07:07:36.623055,ATMN,24.8,24.8,25.02,2288100.0,2161000.0,0,0
,,,,,,54,2026-02-01 07:07:36.623055,WNTR,24.96,24.9,24.96,2098000.0,2023600.0,0,0
2.0,1.0,1.0,,Aggregate Position Limit,Your CRO has set the aggregate position limit to 14000 shares for this week.,55,2026-02-01 07:07:37.643857,SPNG,25.16,24.75,25.03,2285800.0,2103100.0,0,0
1.0,1.0,1.0,,Welcome to the RITC 2026 Alogithmic Market Making Case - practice server,,55,2026-02-01 07:07:37.643857,SMMR,25.2,25.1,25.2,2351900.0,2427800.0,0,0
,,,,,,55,2026-02-01 07:07:37.643857,ATMN,24.8,24.97,25.0,2306500.0,2189600.0,0,0
,,,,,,55,2026-02-01 07:07:37.643857,WNTR,24.81,24.81,24.96,2111200.0,2061400.0,0,0
2.0,1.0,1.0,,Aggregate Position Limit,Your CRO has set the aggregate position limit to 14000 shares for this week.,56,2026-02-01 07:07:38.672747,SPNG,25.16,24.85,25.03,2250400.0,2103100.0,0,0
1.0,1.0,1.0,,Welcome to the RITC 2026 Alogithmic Market Making Case - practice server,,56,2026-02-01 07:07:38.672747,SMMR,24.98,24.98,25.14,2330100.0,2418700.0,0,0
,,,,,,56,2026-02-01 07:07:38.672747,ATMN,25.0,24.97,25.0,2263200.0,2194400.0,0,0
,,,,,,56,2026-02-01 07:07:38.672747,WNTR,24.76,24.76,25.01,2122900.0,2062800.0,0,0
2.0,1.0,1.0,,Aggregate Position Limit,Your CRO has set the aggregate position limit to 14000 shares for this week.,57,2026-02-01 07:07:39.742379,SPNG,24.86,24.75,24.81,2250400.0,2096000.0,0,0
1.0,1.0,1.0,,Welcome to the RITC 2026 Alogithmic Market Making Case - practice server,,57,2026-02-01 07:07:39.742379,SMMR,25.16,24.98,25.0,2358300.0,2393200.0,0,0
,,,,,,57,2026-02-01 07:07:39.742379,ATMN,25.0,24.7,25.0,2278800.0,2194400.0,0,0
,,,,,,57,2026-02-01 07:07:39.742379,WNTR,25.02,24.76,25.02,2140000.0,2049000.0,0,0
2.0,1.0,1.0,,Aggregate Position Limit,Your CRO has set the aggregate position limit to 14000 shares for this week.,58,2026-02-01 07:07:40.786701,SPNG,24.71,24.71,24.95,2260700.0,2088400.0,0,0
1.0,1.0,1.0,,Welcome to the RITC 2026 Alogithmic Market Making Case - practice server,,58,2026-02-01 07:07:40.786701,SMMR,24.98,24.98,25.22,2363800.0,2414100.0,0,0
,,,,,,58,2026-02-01 07:07:40.786701,ATMN,25.0,24.7,24.96,2269100.0,2224300.0,0,0
,,,,,,58,2026-02-01 07:07:40.786701,WNTR,24.85,24.79,24.85,2133100.0,2062700.0,0,0
2.0,1.0,1.0,,Aggregate Position Limit,Your CRO has set the aggregate position limit to 14000 shares for this week.,59,2026-02-01 07:07:41.826708,SPNG,25.39,24.71,25.39,2260700.0,2073000.0,0,0
1.0,1.0,1.0,,Welcome to the RITC 2026 Alogithmic Market Making Case - practice server,,59,2026-02-01 07:07:41.826708,SMMR,24.97,24.97,25.22,2389500.0,2414100.0,0,0
,,,,,,59,2026-02-01 07:07:41.826708,ATMN,24.59,24.59,24.96,2239900.0,2224300.0,0,0
,,,,,,59,2026-02-01 07:07:41.826708,WNTR,25.03,24.82,25.03,2071900.0,2041300.0,0,0
2.0,1.0,1.0,,Aggregate Position Limit,Your CRO has set the aggregate position limit to 14000 shares for this week.,60,2026-02-01 07:07:42.858413,SPNG,25.24,25.24,26.09,995100.0,838800.0,0,0
1.0,1.0,1.0,,Welcome to the RITC 2026 Alogithmic Market Making Case - practice server,,60,2026-02-01 07:07:42.858413,SMMR,25.89,25.5,25.52,777700.0,785600.0,0,0
,,,,,,60,2026-02-01 07:07:42.858413,ATMN,24.67,25.48,26.08,1027500.0,756600.0,0,0
,,,,,,60,2026-02-01 07:07:42.858413,WNTR,25.03,24.01,24.56,853900.0,768500.0,0,0
2.0,1.0,1.0,,Aggregate Position Limit,Your CRO has set the aggregate position limit to 14000 shares for this week.,61,2026-02-01 07:07:43.878234,SPNG,25.39,25.04,25.13,1033700.0,1018300.0,0,0
1.0,1.0,1.0,,Welcome to the RITC 2026 Alogithmic Market Making Case - practice server,,61,2026-02-01 07:07:43.878234,SMMR,25.52,25.52,25.79,1360800.0,907500.0,0,0
,,,,,,61,2026-02-01 07:07:43.878234,ATMN,25.48,25.48,25.78,1027500.0,971400.0,0,0
,,,,,,61,2026-02-01 07:07:43.878234,WNTR,25.03,24.01,24.33,853900.0,1128000.0,0,0
2.0,1.0,1.0,,Aggregate Position Limit,Your CRO has set the aggregate position limit to 14000 shares for this week.,62,2026-02-01 07:07:44.912232,SPNG,25.04,25.04,25.75,1134000.0,1035200.0,0,0
1.0,1.0,1.0,,Welcome to the RITC 2026 Alogithmic Market Making Case - practice server,,62,2026-02-01 07:07:44.912232,SMMR,25.79,25.94,26.09,1694200.0,922600.0,0,0
,,,,,,62,2026-02-01 07:07:44.912232,ATMN,25.26,25.26,25.38,1067600.0,1312300.0,0,0
,,,,,,62,2026-02-01 07:07:44.912232,WNTR,24.01,24.01,24.2,853900.0,1337300.0,0,0
2.0,1.0,1.0,,Aggregate Position Limit,Your CRO has set the aggregate position limit to 14000 shares for this week.,63,2026-02-01 07:07:45.948020,SPNG,25.23,25.04,25.23,1134000.0,1228600.0,0,0
1.0,1.0,1.0,,Welcome to the RITC 2026 Alogithmic Market Making Case - practice server,,63,2026-02-01 07:07:45.948020,SMMR,25.76,26.03,26.04,1801700.0,1034600.0,0,0
,,,,,,63,2026-02-01 07:07:45.948020,ATMN,25.38,25.26,25.38,1187200.0,1544600.0,0,0
,,,,,,63,2026-02-01 07:07:45.948020,WNTR,23.95,23.95,24.05,834800.0,1633500.0,0,0
2.0,1.0,1.0,,Aggregate Position Limit,Your CRO has set the aggregate position limit to 14000 shares for this week.,64,2026-02-01 07:07:46.968216,SPNG,25.23,25.14,25.15,1345100.0,1350400.0,0,0
1.0,1.0,1.0,,Welcome to the RITC 2026 Alogithmic Market Making Case - practice server,,64,2026-02-01 07:07:46.968216,SMMR,26.03,25.8,25.89,1812300.0,1280000.0,0,0
,,,,,,64,2026-02-01 07:07:46.968216,ATMN,23.75,24.08,25.38,1095800.0,1743600.0,0,0
,,,,,,64,2026-02-01 07:07:46.968216,WNTR,23.95,24.01,24.02,1039000.0,1752000.0,0,0
2.0,1.0,1.0,,Aggregate Position Limit,Your CRO has set the aggregate position limit to 14000 shares for this week.,65,2026-02-01 07:07:48.003098,SPNG,25.15,25.14,25.15,1438500.0,1544700.0,0,0
1.0,1.0,1.0,,Welcome to the RITC 2026 Alogithmic Market Making Case - practice server,,65,2026-02-01 07:07:48.003098,SMMR,25.8,25.8,25.86,1925700.0,1253400.0,0,0
,,,,,,65,2026-02-01 07:07:48.003098,ATMN,25.38,24.67,25.38,1222400.0,1610700.0,0,0
,,,,,,65,2026-02-01 07:07:48.003098,WNTR,24.2,24.01,24.2,1039000.0,1520400.0,0,0
2.0,1.0,1.0,,Aggregate Position Limit,Your CRO has set the aggregate position limit to 14000 shares for this week.,66,2026-02-01 07:07:49.038315,SPNG,25.46,25.14,25.33,1438500.0,1489000.0,0,0
1.0,1.0,1.0,,Welcome to the RITC 2026 Alogithmic Market Making Case - practice server,,66,2026-02-01 07:07:49.038315,SMMR,26.04,25.83,26.04,2025800.0,1249500.0,0,0
,,,,,,66,2026-02-01 07:07:49.038315,ATMN,25.65,25.0,25.65,1578600.0,1514500.0,0,0
,,,,,,66,2026-02-01 07:07:49.038315,WNTR,23.95,23.95,24.02,851500.0,1834400.0,0,0
2.0,1.0,1.0,,Aggregate Position Limit,Your CRO has set the aggregate position limit to 14000 shares for this week.,67,2026-02-01 07:07:50.048310,SPNG,25.14,25.04,25.1,1579900.0,1430500.0,0,0
1.0,1.0,1.0,,Welcome to the RITC 2026 Alogithmic Market Making Case - practice server,,67,2026-02-01 07:07:50.048310,SMMR,26.09,25.92,26.09,2149900.0,1324000.0,0,0
,,,,,,67,2026-02-01 07:07:50.048310,ATMN,25.65,25.0,25.23,1578600.0,1872600.0,0,0
,,,,,,67,2026-02-01 07:07:50.048310,WNTR,23.93,23.81,23.85,852500.0,1953500.0,0,0
2.0,1.0,1.0,,Aggregate Position Limit,Your CRO has set the aggregate position limit to 14000 shares for this week.,68,2026-02-01 07:07:51.072071,SPNG,25.13,25.04,25.08,1708300.0,1430900.0,0,0
1.0,1.0,1.0,,Welcome to the RITC 2026 Alogithmic Market Making Case - practice server,,68,2026-02-01 07:07:51.072071,SMMR,25.92,25.92,26.09,2149900.0,1570800.0,0,0
,,,,,,68,2026-02-01 07:07:51.072071,ATMN,25.23,25.01,25.23,1942800.0,1872600.0,0,0
,,,,,,68,2026-02-01 07:07:51.072071,WNTR,23.81,23.81,23.96,852500.0,1935500.0,0,0
2.0,1.0,1.0,,Aggregate Position Limit,Your CRO has set the aggregate position limit to 14000 shares for this week.,69,2026-02-01 07:07:52.089807,SPNG,25.08,25.3,25.73,2168300.0,1315000.0,0,0
1.0,1.0,1.0,,Welcome to the RITC 2026 Alogithmic Market Making Case - practice server,,69,2026-02-01 07:07:52.089807,SMMR,25.84,25.83,25.84,2170000.0,1684500.0,0,0
,,,,,,69,2026-02-01 07:07:52.089807,ATMN,25.01,25.01,25.64,1942800.0,1626800.0,0,0
,,,,,,69,2026-02-01 07:07:52.089807,WNTR,23.81,23.76,23.81,1117100.0,1991900.0,0,0
2.0,1.0,1.0,,Aggregate Position Limit,Your CRO has set the aggregate position limit to 14000 shares for this week.,70,2026-02-01 07:07:53.110016,SPNG,24.98,24.98,25.37,1963100.0,1435500.0,0,0
1.0,1.0,1.0,,Welcome to the RITC 2026 Alogithmic Market Making Case - practice server,,70,2026-02-01 07:07:53.110016,SMMR,26.01,26.01,26.06,2302400.0,1770700.0,0,0
,,,,,,70,2026-02-01 07:07:53.110016,ATMN,25.01,25.29,25.44,2179900.0,1845900.0,0,0
,,,,,,70,2026-02-01 07:07:53.110016,WNTR,23.75,23.8,23.96,1226800.0,1935500.0,0,0
2.0,1.0,1.0,,Aggregate Position Limit,Your CRO has set the aggregate position limit to 14000 shares for this week.,71,2026-02-01 07:07:54.142001,SPNG,25.73,24.96,25.73,1981800.0,1422400.0,0,0
1.0,1.0,1.0,,Welcome to the RITC 2026 Alogithmic Market Making Case - practice server,,71,2026-02-01 07:07:54.142001,SMMR,26.01,25.83,26.0,2170000.0,2162100.0,0,0
,,,,,,71,2026-02-01 07:07:54.142001,ATMN,25.0,25.0,25.44,1909700.0,1845900.0,0,0
,,,,,,71,2026-02-01 07:07:54.142001,WNTR,23.75,23.8,23.96,1226800.0,1958700.0,0,0
2.0,1.0,1.0,,Aggregate Position Limit,Your CRO has set the aggregate position limit to 14000 shares for this week.,72,2026-02-01 07:07:55.176906,SPNG,25.73,24.89,25.73,1869700.0,1422400.0,0,0
1.0,1.0,1.0,,Welcome to the RITC 2026 Alogithmic Market Making Case - practice server,,72,2026-02-01 07:07:55.176906,SMMR,26.01,25.85,26.0,2398500.0,2162100.0,0,0
,,,,,,72,2026-02-01 07:07:55.176906,ATMN,25.44,24.75,25.44,1916000.0,1845900.0,0,0
,,,,,,72,2026-02-01 07:07:55.176906,WNTR,24.06,23.8,24.06,1346300.0,1871700.0,0,0
2.0,1.0,1.0,,Aggregate Position Limit,Your CRO has set the aggregate position limit to 14000 shares for this week.,73,2026-02-01 07:07:56.212881,SPNG,25.15,25.15,25.73,1979200.0,1422400.0,0,0
1.0,1.0,1.0,,Welcome to the RITC 2026 Alogithmic Market Making Case - practice server,,73,2026-02-01 07:07:56.212881,SMMR,25.85,25.85,25.96,2358400.0,2278900.0,0,0
,,,,,,73,2026-02-01 07:07:56.212881,ATMN,25.44,25.05,25.44,2390400.0,1845900.0,0,0
,,,,,,73,2026-02-01 07:07:56.212881,WNTR,23.97,23.8,23.97,1346300.0,1944600.0,0,0
2.0,1.0,1.0,,Aggregate Position Limit,Your CRO has set the aggregate position limit to 14000 shares for this week.,74,2026-02-01 07:07:57.247800,SPNG,25.09,25.12,25.73,1991600.0,1524800.0,0,0
1.0,1.0,1.0,,Welcome to the RITC 2026 Alogithmic Market Making Case - practice server,,74,2026-02-01 07:07:57.247800,SMMR,26.0,25.85,26.0,2377700.0,2262800.0,0,0
,,,,,,74,2026-02-01 07:07:57.247800,ATMN,25.04,25.34,25.44,2389200.0,1845900.0,0,0
,,,,,,74,2026-02-01 07:07:57.247800,WNTR,23.75,23.95,23.97,1238800.0,1966500.0,0,0
2.0,1.0,1.0,,Aggregate Position Limit,Your CRO has set the aggregate position limit to 14000 shares for this week.,75,2026-02-01 07:07:58.281401,SPNG,25.09,25.12,25.28,2148100.0,1710900.0,0,0
1.0,1.0,1.0,,Welcome to the RITC 2026 Alogithmic Market Making Case - practice server,,75,2026-02-01 07:07:58.281401,SMMR,26.01,25.83,26.01,2355800.0,2248500.0,0,0
,,,,,,75,2026-02-01 07:07:58.281401,ATMN,25.04,25.34,25.44,2389200.0,2112400.0,0,0
,,,,,,75,2026-02-01 07:07:58.281401,WNTR,23.94,23.94,23.97,1234400.0,2004500.0,0,0
2.0,1.0,1.0,,Aggregate Position Limit,Your CRO has set the aggregate position limit to 14000 shares for this week.,76,2026-02-01 07:07:59.303242,SPNG,25.12,25.12,25.51,2148100.0,1847500.0,0,0
1.0,1.0,1.0,,Welcome to the RITC 2026 Alogithmic Market Making Case - practice server,,76,2026-02-01 07:07:59.303242,SMMR,26.01,25.95,26.01,2332300.0,2235900.0,0,0
,,,,,,76,2026-02-01 07:07:59.303242,ATMN,25.04,25.34,25.44,2522400.0,2168400.0,0,0
,,,,,,76,2026-02-01 07:07:59.303242,WNTR,23.94,23.94,23.97,1361100.0,2060500.0,0,0
2.0,1.0,1.0,,Aggregate Position Limit,Your CRO has set the aggregate position limit to 14000 shares for this week.,77,2026-02-01 07:08:00.338164,SPNG,24.82,25.17,25.51,2002800.0,1959400.0,0,0
1.0,1.0,1.0,,Welcome to the RITC 2026 Alogithmic Market Making Case - practice server,,77,2026-02-01 07:08:00.338164,SMMR,26.01,25.83,26.01,2355800.0,2255600.0,0,0
,,,,,,77,2026-02-01 07:08:00.338164,ATMN,25.51,25.4,25.51,2492800.0,2147200.0,0,0
,,,,,,77,2026-02-01 07:08:00.338164,WNTR,23.94,23.94,23.97,1361100.0,2042200.0,0,0
2.0,1.0,1.0,,Aggregate Position Limit,Your CRO has set the aggregate position limit to 14000 shares for this week.,78,2026-02-01 07:08:01.368959,SPNG,25.17,25.17,25.51,2101100.0,1959400.0,0,0
1.0,1.0,1.0,,Welcome to the RITC 2026 Alogithmic Market Making Case - practice server,,78,2026-02-01 07:08:01.368959,SMMR,25.81,25.81,26.01,2405700.0,2255600.0,0,0
,,,,,,78,2026-02-01 07:08:01.368959,ATMN,25.34,25.34,25.51,2522400.0,2155600.0,0,0
,,,,,,78,2026-02-01 07:08:01.368959,WNTR,23.75,23.75,23.97,1119800.0,2064900.0,0,0
2.0,1.0,1.0,,Aggregate Position Limit,Your CRO has set the aggregate position limit to 14000 shares for this week.,79,2026-02-01 07:08:02.400702,SPNG,25.17,25.17,25.51,2101100.0,2074200.0,0,0
1.0,1.0,1.0,,Welcome to the RITC 2026 Alogithmic Market Making Case - practice server,,79,2026-02-01 07:08:02.400702,SMMR,25.65,25.77,25.98,2427400.0,2276900.0,0,0
,,,,,,79,2026-02-01 07:08:02.400702,ATMN,25.34,25.34,25.51,2522400.0,2163100.0,0,0
,,,,,,79,2026-02-01 07:08:02.400702,WNTR,23.69,23.83,23.97,1244500.0,2064900.0,0,0
2.0,1.0,1.0,,Aggregate Position Limit,Your CRO has set the aggregate position limit to 14000 shares for this week.,80,2026-02-01 07:08:03.433191,SPNG,25.51,25.58,25.7,2210300.0,2090500.0,0,0
1.0,1.0,1.0,,Welcome to the RITC 2026 Alogithmic Market Making Case - practice server,,80,2026-02-01 07:08:03.433191,SMMR,25.65,25.87,25.98,2415600.0,2313600.0,0,0
,,,,,,80,2026-02-01 07:08:03.433191,ATMN,25.32,25.32,25.38,2408900.0,2178700.0,0,0
,,,,,,80,2026-02-01 07:08:03.433191,WNTR,23.68,23.68,23.97,1120500.0,2087700.0,0,0
2.0,1.0,1.0,,Aggregate Position Limit,Your CRO has set the aggregate position limit to 14000 shares for this week.,81,2026-02-01 07:08:04.472280,SPNG,25.43,24.99,25.39,2118000.0,2125100.0,0,0
1.0,1.0,1.0,,Welcome to the RITC 2026 Alogithmic Market Making Case - practice server,,81,2026-02-01 07:08:04.472280,SMMR,26.01,25.91,26.01,2405200.0,2293700.0,0,0
,,,,,,81,2026-02-01 07:08:04.472280,ATMN,25.32,25.32,25.38,2408900.0,2181900.0,0,0
,,,,,,81,2026-02-01 07:08:04.472280,WNTR,23.68,23.73,23.97,1437300.0,2087700.0,0,0
2.0,1.0,1.0,,Aggregate Position Limit,Your CRO has set the aggregate position limit to 14000 shares for this week.,82,2026-02-01 07:08:05.504907,SPNG,24.99,24.99,25.26,2118000.0,2133500.0,0,0
1.0,1.0,1.0,,Welcome to the RITC 2026 Alogithmic Market Making Case - practice server,,82,2026-02-01 07:08:05.504907,SMMR,26.01,25.91,26.01,2365400.0,2275800.0,0,0
,,,,,,82,2026-02-01 07:08:05.504907,ATMN,25.32,25.04,25.22,2275700.0,2224900.0,0,0
,,,,,,82,2026-02-01 07:08:05.504907,WNTR,23.65,23.73,23.97,1561400.0,2087700.0,0,0
2.0,1.0,1.0,,Aggregate Position Limit,Your CRO has set the aggregate position limit to 14000 shares for this week.,83,2026-02-01 07:08:06.557073,SPNG,25.7,25.35,25.7,2243500.0,2084900.0,0,0
1.0,1.0,1.0,,Welcome to the RITC 2026 Alogithmic Market Making Case - practice server,,83,2026-02-01 07:08:06.557073,SMMR,25.91,25.91,25.95,2365400.0,2289200.0,0,0
,,,,,,83,2026-02-01 07:08:06.557073,ATMN,25.32,25.04,25.22,2275700.0,2254300.0,0,0
,,,,,,83,2026-02-01 07:08:06.557073,WNTR,23.65,23.77,23.97,1650900.0,2113000.0,0,0
2.0,1.0,1.0,,Aggregate Position Limit,Your CRO has set the aggregate position limit to 14000 shares for this week.,84,2026-02-01 07:08:07.618088,SPNG,25.7,25.35,25.46,2243500.0,2133700.0,0,0
1.0,1.0,1.0,,Welcome to the RITC 2026 Alogithmic Market Making Case - practice server,,84,2026-02-01 07:08:07.618088,SMMR,25.91,25.87,25.91,2357400.0,2311900.0,0,0
,,,,,,84,2026-02-01 07:08:07.618088,ATMN,25.32,25.04,25.17,2374100.0,2242400.0,0,0
,,,,,,84,2026-02-01 07:08:07.618088,WNTR,23.65,23.77,23.8,1741900.0,2078700.0,0,0
2.0,1.0,1.0,,Aggregate Position Limit,Your CRO has set the aggregate position limit to 14000 shares for this week.,86,2026-02-01 07:08:08.666156,SPNG,24.99,24.99,25.46,2118000.0,2126100.0,0,0
1.0,1.0,1.0,,Welcome to the RITC 2026 Alogithmic Market Making Case - practice server,,86,2026-02-01 07:08:08.666156,SMMR,25.87,25.87,25.91,2346300.0,2311900.0,0,0
,,,,,,86,2026-02-01 07:08:08.666156,ATMN,25.17,25.04,25.17,2473400.0,2286200.0,0,0
,,,,,,86,2026-02-01 07:08:08.666156,WNTR,24.02,23.83,24.02,1850400.0,2031600.0,0,0
2.0,1.0,1.0,,Aggregate Position Limit,Your CRO has set the aggregate position limit to 14000 shares for this week.,87,2026-02-01 07:08:09.701460,SPNG,25.62,24.99,25.51,2118000.0,2127300.0,0,0
1.0,1.0,1.0,,Welcome to the RITC 2026 Alogithmic Market Making Case - practice server,,87,2026-02-01 07:08:09.701460,SMMR,25.77,25.77,25.91,2342400.0,2302700.0,0,0
,,,,,,87,2026-02-01 07:08:09.701460,ATMN,25.22,25.04,25.09,2473400.0,2310800.0,0,0
,,,,,,87,2026-02-01 07:08:09.701460,WNTR,23.82,23.77,23.82,1852700.0,2068800.0,0,0
2.0,1.0,1.0,,Aggregate Position Limit,Your CRO has set the aggregate position limit to 14000 shares for this week.,88,2026-02-01 07:08:10.726847,SPNG,25.68,25.03,25.68,2231800.0,2103400.0,0,0
1.0,1.0,1.0,,Welcome to the RITC 2026 Alogithmic Market Making Case - practice server,,88,2026-02-01 07:08:10.726847,SMMR,25.81,25.77,25.81,2324400.0,2342100.0,0,0
,,,,,,88,2026-02-01 07:08:10.726847,ATMN,25.23,25.04,25.23,2339700.0,2279100.0,0,0
,,,,,,88,2026-02-01 07:08:10.726847,WNTR,23.8,23.77,23.8,2078200.0,2108700.0,0,0
2.0,1.0,1.0,,Aggregate Position Limit,Your CRO has set the aggregate position limit to 14000 shares for this week.,89,2026-02-01 07:08:11.763074,SPNG,25.68,25.03,25.46,2231800.0,2140700.0,0,0
1.0,1.0,1.0,,Welcome to the RITC 2026 Alogithmic Market Making Case - practice server,,89,2026-02-01 07:08:11.763074,SMMR,25.81,25.77,25.81,2319800.0,2340800.0,0,0
,,,,,,89,2026-02-01 07:08:11.763074,ATMN,25.23,25.04,25.23,2339700.0,2312500.0,0,0
,,,,,,89,2026-02-01 07:08:11.763074,WNTR,23.82,23.83,24.02,2083100.0,2050800.0,0,0
2.0,1.0,1.0,,Aggregate Position Limit,Your CRO has set the aggregate position limit to 14000 shares for this week.,90,2026-02-01 07:08:12.797475,SPNG,25.61,25.03,25.35,2446700.0,2139200.0,0,0
1.0,1.0,1.0,,Welcome to the RITC 2026 Alogithmic Market Making Case - practice server,,90,2026-02-01 07:08:12.797475,SMMR,25.99,25.89,25.94,2315000.0,2298300.0,0,0
,,,,,,90,2026-02-01 07:08:12.797475,ATMN,24.9,24.99,25.23,2335400.0,2323300.0,0,0
,,,,,,90,2026-02-01 07:08:12.797475,WNTR,23.96,23.83,23.96,2083100.0,2050100.0,0,0
2.0,1.0,1.0,,Aggregate Position Limit,Your CRO has set the aggregate position limit to 14000 shares for this week.,91,2026-02-01 07:08:13.832113,SPNG,25.35,25.03,25.35,2319500.0,2139200.0,0,0
1.0,1.0,1.0,,Welcome to the RITC 2026 Alogithmic Market Making Case - practice server,,91,2026-02-01 07:08:13.832113,SMMR,25.89,25.77,25.87,2319800.0,2294800.0,0,0
,,,,,,91,2026-02-01 07:08:13.832113,ATMN,25.23,24.75,25.23,2246000.0,2286400.0,0,0
,,,,,,91,2026-02-01 07:08:13.832113,WNTR,23.96,23.83,23.88,2212100.0,2013500.0,0,0
2.0,1.0,1.0,,Aggregate Position Limit,Your CRO has set the aggregate position limit to 14000 shares for this week.,92,2026-02-01 07:08:14.866193,SPNG,25.61,25.2,25.61,2197500.0,2153300.0,0,0
1.0,1.0,1.0,,Welcome to the RITC 2026 Alogithmic Market Making Case - practice server,,92,2026-02-01 07:08:14.866193,SMMR,25.89,25.77,25.87,2292200.0,2294800.0,0,0
,,,,,,92,2026-02-01 07:08:14.866193,ATMN,25.24,24.87,25.24,2146900.0,2264700.0,0,0
,,,,,,92,2026-02-01 07:08:14.866193,WNTR,24.02,23.85,24.02,2228200.0,2046400.0,0,0
2.0,1.0,1.0,,Aggregate Position Limit,Your CRO has set the aggregate position limit to 14000 shares for this week.,93,2026-02-01 07:08:15.890840,SPNG,25.03,25.03,25.23,2238500.0,2124200.0,0,0
1.0,1.0,1.0,,Welcome to the RITC 2026 Alogithmic Market Making Case - practice server,,93,2026-02-01 07:08:15.890840,SMMR,25.89,25.77,25.87,2305600.0,2318800.0,0,0
,,,,,,93,2026-02-01 07:08:15.890840,ATMN,24.73,24.73,25.26,2031000.0,2264400.0,0,0
,,,,,,93,2026-02-01 07:08:15.890840,WNTR,24.02,23.85,24.02,2228200.0,2046400.0,0,0
2.0,1.0,1.0,,Aggregate Position Limit,Your CRO has set the aggregate position limit to 14000 shares for this week.,94,2026-02-01 07:08:16.912166,SPNG,25.03,25.14,25.23,2208700.0,2124200.0,0,0
1.0,1.0,1.0,,Welcome to the RITC 2026 Alogithmic Market Making Case - practice server,,94,2026-02-01 07:08:16.912166,SMMR,25.73,25.73,25.76,2355500.0,2315800.0,0,0
,,,,,,94,2026-02-01 07:08:16.912166,ATMN,25.28,24.73,24.92,2134700.0,2257800.0,0,0
,,,,,,94,2026-02-01 07:08:16.912166,WNTR,23.85,23.83,23.84,2216800.0,2041200.0,0,0
2.0,1.0,1.0,,Aggregate Position Limit,Your CRO has set the aggregate position limit to 14000 shares for this week.,95,2026-02-01 07:08:17.938165,SPNG,25.03,25.14,25.23,2270400.0,2124200.0,0,0
1.0,1.0,1.0,,Welcome to the RITC 2026 Alogithmic Market Making Case - practice server,,95,2026-02-01 07:08:17.938165,SMMR,25.88,25.87,25.88,2345200.0,2286400.0,0,0
,,,,,,95,2026-02-01 07:08:17.938165,ATMN,25.13,24.74,24.98,2253700.0,2261400.0,0,0
,,,,,,95,2026-02-01 07:08:17.938165,WNTR,24.02,23.94,24.02,2213000.0,2046400.0,0,0
2.0,1.0,1.0,,Aggregate Position Limit,Your CRO has set the aggregate position limit to 14000 shares for this week.,96,2026-02-01 07:08:18.963102,SPNG,25.23,25.14,25.23,2235700.0,2124200.0,0,0
1.0,1.0,1.0,,Welcome to the RITC 2026 Alogithmic Market Making Case - practice server,,96,2026-02-01 07:08:18.963102,SMMR,26.01,25.87,26.01,2310300.0,2275600.0,0,0
,,,,,,96,2026-02-01 07:08:18.963102,ATMN,25.3,24.74,25.3,2253700.0,2247000.0,0,0
,,,,,,96,2026-02-01 07:08:18.963102,WNTR,23.94,23.94,24.03,2192500.0,2044400.0,0,0
2.0,1.0,1.0,,Aggregate Position Limit,Your CRO has set the aggregate position limit to 14000 shares for this week.,97,2026-02-01 07:08:19.991150,SPNG,25.03,25.03,25.12,2243700.0,2108200.0,0,0
1.0,1.0,1.0,,Welcome to the RITC 2026 Alogithmic Market Making Case - practice server,,97,2026-02-01 07:08:19.991150,SMMR,25.87,25.7,25.87,2304900.0,2301900.0,0,0
,,,,,,97,2026-02-01 07:08:19.991150,ATMN,25.3,24.74,24.92,2511600.0,2250200.0,0,0
,,,,,,97,2026-02-01 07:08:19.991150,WNTR,23.83,23.83,24.03,2231600.0,2067700.0,0,0
2.0,1.0,1.0,,Aggregate Position Limit,Your CRO has set the aggregate position limit to 14000 shares for this week.,98,2026-02-01 07:08:21.012116,SPNG,25.69,25.36,25.69,2225000.0,2131300.0,0,0
1.0,1.0,1.0,,Welcome to the RITC 2026 Alogithmic Market Making Case - practice server,,98,2026-02-01 07:08:21.012116,SMMR,25.83,25.7,25.83,2304900.0,2312900.0,0,0
,,,,,,98,2026-02-01 07:08:21.012116,ATMN,24.96,24.9,24.96,2499400.0,2289200.0,0,0
,,,,,,98,2026-02-01 07:08:21.012116,WNTR,23.83,23.88,23.9,2223100.0,2023900.0,0,0
2.0,1.0,1.0,,Aggregate Position Limit,Your CRO has set the aggregate position limit to 14000 shares for this week.,99,2026-02-01 07:08:22.057032,SPNG,25.03,25.03,25.69,2241900.0,2124500.0,0,0
1.0,1.0,1.0,,Welcome to the RITC 2026 Alogithmic Market Making Case - practice server,,99,2026-02-01 07:08:22.057032,SMMR,25.87,25.97,26.01,2301700.0,2299400.0,0,0
,,,,,,99,2026-02-01 07:08:22.057032,ATMN,24.96,25.18,25.3,2457200.0,2245300.0,0,0
,,,,,,99,2026-02-01 07:08:22.057032,WNTR,23.83,23.83,23.9,2255400.0,2023100.0,0,0
2.0,1.0,1.0,,Aggregate Position Limit,Your CRO has set the aggregate position limit to 14000 shares for this week.,100,2026-02-01 07:08:23.081704,SPNG,25.01,25.01,25.31,2249600.0,2120600.0,0,0
1.0,1.0,1.0,,Welcome to the RITC 2026 Alogithmic Market Making Case - practice server,,100,2026-02-01 07:08:23.081704,SMMR,25.7,25.7,26.01,2304900.0,2321100.0,0,0
,,,,,,100,2026-02-01 07:08:23.081704,ATMN,24.96,24.96,25.3,2500600.0,2284500.0,0,0
,,,,,,100,2026-02-01 07:08:23.081704,WNTR,23.85,23.85,23.9,2249800.0,2014800.0,0,0
2.0,1.0,1.0,,Aggregate Position Limit,Your CRO has set the aggregate position limit to 14000 shares for this week.,101,2026-02-01 07:08:24.111557,SPNG,25.31,25.64,25.69,2244500.0,2094300.0,0,0
1.0,1.0,1.0,,Welcome to the RITC 2026 Alogithmic Market Making Case - practice server,,101,2026-02-01 07:08:24.111557,SMMR,25.7,25.81,25.83,2304700.0,2309700.0,0,0
,,,,,,101,2026-02-01 07:08:24.111557,ATMN,24.75,25.06,25.3,2460000.0,2307700.0,0,0
,,,,,,101,2026-02-01 07:08:24.111557,WNTR,23.85,23.83,23.85,2247000.0,2053700.0,0,0
2.0,1.0,1.0,,Aggregate Position Limit,Your CRO has set the aggregate position limit to 14000 shares for this week.,102,2026-02-01 07:08:25.146185,SPNG,25.64,25.01,25.51,2249600.0,2051600.0,0,0
1.0,1.0,1.0,,Welcome to the RITC 2026 Alogithmic Market Making Case - practice server,,102,2026-02-01 07:08:25.146185,SMMR,25.83,25.81,25.83,2296200.0,2322000.0,0,0
,,,,,,102,2026-02-01 07:08:25.146185,ATMN,24.73,24.73,25.3,2523400.0,2307700.0,0,0
,,,,,,102,2026-02-01 07:08:25.146185,WNTR,23.85,23.83,23.85,2247400.0,2044500.0,0,0
2.0,1.0,1.0,,Aggregate Position Limit,Your CRO has set the aggregate position limit to 14000 shares for this week.,103,2026-02-01 07:08:26.168270,SPNG,25.69,25.01,25.69,2214900.0,2069800.0,0,0
1.0,1.0,1.0,,Welcome to the RITC 2026 Alogithmic Market Making Case - practice server,,103,2026-02-01 07:08:26.168270,SMMR,25.81,25.81,26.01,2296200.0,2315700.0,0,0
,,,,,,103,2026-02-01 07:08:26.168270,ATMN,24.67,24.67,25.2,2297500.0,2294800.0,0,0
,,,,,,103,2026-02-01 07:08:26.168270,WNTR,23.85,23.83,23.85,2196000.0,2044500.0,0,0
2.0,1.0,1.0,,Aggregate Position Limit,Your CRO has set the aggregate position limit to 14000 shares for this week.,104,2026-02-01 07:08:27.195875,SPNG,25.69,25.66,25.69,2222900.0,2046400.0,0,0
1.0,1.0,1.0,,Welcome to the RITC 2026 Alogithmic Market Making Case - practice server,,104,2026-02-01 07:08:27.195875,SMMR,26.02,25.81,25.87,2296200.0,2344200.0,0,0
,,,,,,104,2026-02-01 07:08:27.195875,ATMN,25.04,25.08,25.2,2412200.0,2294800.0,0,0
,,,,,,104,2026-02-01 07:08:27.195875,WNTR,23.91,23.83,23.91,2181800.0,2044400.0,0,0
2.0,1.0,1.0,,Aggregate Position Limit,Your CRO has set the aggregate position limit to 14000 shares for this week.,105,2026-02-01 07:08:28.224822,SPNG,25.66,25.01,25.46,2214900.0,2055800.0,0,0
1.0,1.0,1.0,,Welcome to the RITC 2026 Alogithmic Market Making Case - practice server,,105,2026-02-01 07:08:28.224822,SMMR,25.87,25.81,25.87,2296200.0,2370200.0,0,0
,,,,,,105,2026-02-01 07:08:28.224822,ATMN,25.2,24.67,25.2,2421300.0,2294800.0,0,0
,,,,,,105,2026-02-01 07:08:28.224822,WNTR,23.8,23.8,23.91,2212200.0,2035200.0,0,0
2.0,1.0,1.0,,Aggregate Position Limit,Your CRO has set the aggregate position limit to 14000 shares for this week.,106,2026-02-01 07:08:29.267742,SPNG,25.66,25.18,25.41,2222400.0,2051200.0,0,0
1.0,1.0,1.0,,Welcome to the RITC 2026 Alogithmic Market Making Case - practice server,,106,2026-02-01 07:08:29.267742,SMMR,25.78,25.78,25.87,2269200.0,2378500.0,0,0
,,,,,,106,2026-02-01 07:08:29.267742,ATMN,25.09,25.09,25.2,2535300.0,2295000.0,0,0
,,,,,,106,2026-02-01 07:08:29.267742,WNTR,23.98,23.8,23.98,2165600.0,2044300.0,0,0
2.0,1.0,1.0,,Aggregate Position Limit,Your CRO has set the aggregate position limit to 14000 shares for this week.,107,2026-02-01 07:08:30.314718,SPNG,25.66,25.31,25.37,2181600.0,2055200.0,0,0
1.0,1.0,1.0,,Welcome to the RITC 2026 Alogithmic Market Making Case - practice server,,107,2026-02-01 07:08:30.314718,SMMR,26.02,25.78,26.02,2269200.0,2368100.0,0,0
,,,,,,107,2026-02-01 07:08:30.314718,ATMN,24.74,24.72,24.74,2539700.0,2309800.0,0,0
,,,,,,107,2026-02-01 07:08:30.314718,WNTR,24.0,23.8,24.0,2165600.0,2051100.0,0,0
2.0,1.0,1.0,,Aggregate Position Limit,Your CRO has set the aggregate position limit to 14000 shares for this week.,108,2026-02-01 07:08:31.344334,SPNG,25.11,25.11,25.46,2190400.0,2045900.0,0,0
1.0,1.0,1.0,,Welcome to the RITC 2026 Alogithmic Market Making Case - practice server,,108,2026-02-01 07:08:31.344334,SMMR,25.73,25.73,25.85,2277700.0,2408900.0,0,0
,,,,,,108,2026-02-01 07:08:31.344334,ATMN,25.0,24.72,24.81,2539700.0,2372400.0,0,0
,,,,,,108,2026-02-01 07:08:31.344334,WNTR,24.03,23.8,24.0,2187000.0,2050100.0,0,0
2.0,1.0,1.0,,Aggregate Position Limit,Your CRO has set the aggregate position limit to 14000 shares for this week.,109,2026-02-01 07:08:32.385581,SPNG,25.11,25.11,25.21,2181600.0,2081100.0,0,0
1.0,1.0,1.0,,Welcome to the RITC 2026 Alogithmic Market Making Case - practice server,,109,2026-02-01 07:08:32.385581,SMMR,25.7,25.7,25.77,2297400.0,2408100.0,0,0
,,,,,,109,2026-02-01 07:08:32.385581,ATMN,25.28,24.72,25.28,2512000.0,2341700.0,0,0
,,,,,,109,2026-02-01 07:08:32.385581,WNTR,23.79,23.89,23.92,2168200.0,2044300.0,0,0
2.0,1.0,1.0,,Aggregate Position Limit,Your CRO has set the aggregate position limit to 14000 shares for this week.,110,2026-02-01 07:08:33.419566,SPNG,25.46,25.11,25.38,2195300.0,2063800.0,0,0
1.0,1.0,1.0,,Welcome to the RITC 2026 Alogithmic Market Making Case - practice server,,110,2026-02-01 07:08:33.419566,SMMR,25.85,25.82,25.85,2258400.0,2408900.0,0,0
,,,,,,110,2026-02-01 07:08:33.419566,ATMN,25.28,24.83,24.91,2491600.0,2362700.0,0,0
,,,,,,110,2026-02-01 07:08:33.419566,WNTR,23.93,23.89,23.93,2168200.0,2033000.0,0,0
2.0,1.0,1.0,,Aggregate Position Limit,Your CRO has set the aggregate position limit to 14000 shares for this week.,111,2026-02-01 07:08:34.478043,SPNG,25.11,25.03,25.05,2181800.0,2077600.0,0,0
1.0,1.0,1.0,,Welcome to the RITC 2026 Alogithmic Market Making Case - practice server,,111,2026-02-01 07:08:34.478043,SMMR,25.68,25.68,25.85,2277300.0,2423400.0,0,0
,,,,,,111,2026-02-01 07:08:34.478043,ATMN,24.83,24.83,25.3,2491600.0,2317500.0,0,0
,,,,,,111,2026-02-01 07:08:34.478043,WNTR,23.89,23.89,24.0,2168200.0,2037300.0,0,0
2.0,1.0,1.0,,Aggregate Position Limit,Your CRO has set the aggregate position limit to 14000 shares for this week.,112,2026-02-01 07:08:35.525071,SPNG,25.03,25.03,25.29,2181800.0,2015200.0,0,0
1.0,1.0,1.0,,Welcome to the RITC 2026 Alogithmic Market Making Case - practice server,,112,2026-02-01 07:08:35.525071,SMMR,25.89,25.68,25.73,2313800.0,2413200.0,0,0
,,,,,,112,2026-02-01 07:08:35.525071,ATMN,24.76,24.72,24.76,2510000.0,2321900.0,0,0
,,,,,,112,2026-02-01 07:08:35.525071,WNTR,23.8,23.81,23.91,2200600.0,2037200.0,0,0
2.0,1.0,1.0,,Aggregate Position Limit,Your CRO has set the aggregate position limit to 14000 shares for this week.,113,2026-02-01 07:08:36.567469,SPNG,25.46,25.49,25.69,2176700.0,2022100.0,0,0
1.0,1.0,1.0,,Welcome to the RITC 2026 Alogithmic Market Making Case - practice server,,113,2026-02-01 07:08:36.567469,SMMR,25.89,25.81,25.82,2334300.0,2397200.0,0,0
,,,,,,113,2026-02-01 07:08:36.567469,ATMN,24.72,24.72,25.3,2510000.0,2317500.0,0,0
,,,,,,113,2026-02-01 07:08:36.567469,WNTR,23.79,23.79,23.91,2184100.0,2039800.0,0,0
2.0,1.0,1.0,,Aggregate Position Limit,Your CRO has set the aggregate position limit to 14000 shares for this week.,114,2026-02-01 07:08:37.608097,SPNG,25.0,25.22,25.62,2213400.0,2043900.0,0,0
1.0,1.0,1.0,,Welcome to the RITC 2026 Alogithmic Market Making Case - practice server,,114,2026-02-01 07:08:37.608097,SMMR,25.81,25.81,25.82,2362100.0,2405700.0,0,0
,,,,,,114,2026-02-01 07:08:37.608097,ATMN,24.67,24.67,25.07,2483300.0,2308100.0,0,0
,,,,,,114,2026-02-01 07:08:37.608097,WNTR,24.0,23.79,24.0,2196700.0,2042800.0,0,0
2.0,1.0,1.0,,Aggregate Position Limit,Your CRO has set the aggregate position limit to 14000 shares for this week.,115,2026-02-01 07:08:38.642447,SPNG,25.22,25.24,25.62,2208200.0,2043900.0,0,0
1.0,1.0,1.0,,Welcome to the RITC 2026 Alogithmic Market Making Case - practice server,,115,2026-02-01 07:08:38.642447,SMMR,25.82,25.68,25.82,2331400.0,2405700.0,0,0
,,,,,,115,2026-02-01 07:08:38.642447,ATMN,25.07,25.1,25.3,2442300.0,2317500.0,0,0
,,,,,,115,2026-02-01 07:08:38.642447,WNTR,24.0,23.95,24.0,2202400.0,2050100.0,0,0
2.0,1.0,1.0,,Aggregate Position Limit,Your CRO has set the aggregate position limit to 14000 shares for this week.,116,2026-02-01 07:08:39.677512,SPNG,24.99,24.99,25.42,2205400.0,2087800.0,0,0
1.0,1.0,1.0,,Welcome to the RITC 2026 Alogithmic Market Making Case - practice server,,116,2026-02-01 07:08:39.677512,SMMR,25.71,25.68,25.71,2331400.0,2405200.0,0,0
,,,,,,116,2026-02-01 07:08:39.677512,ATMN,24.66,24.76,24.84,2456400.0,2301400.0,0,0
,,,,,,116,2026-02-01 07:08:39.677512,WNTR,24.02,23.95,24.02,2202400.0,2039900.0,0,0
2.0,1.0,1.0,,Aggregate Position Limit,Your CRO has set the aggregate position limit to 14000 shares for this week.,117,2026-02-01 07:08:40.713077,SPNG,24.99,25.3,25.42,2165700.0,2052800.0,0,0
1.0,1.0,1.0,,Welcome to the RITC 2026 Alogithmic Market Making Case - practice server,,117,2026-02-01 07:08:40.713077,SMMR,25.71,25.68,25.71,2336600.0,2405200.0,0,0
,,,,,,117,2026-02-01 07:08:40.713077,ATMN,24.84,25.0,25.3,2428400.0,2332000.0,0,0
,,,,,,117,2026-02-01 07:08:40.713077,WNTR,23.79,23.79,24.03,2196700.0,2055000.0,0,0
2.0,1.0,1.0,,Aggregate Position Limit,Your CRO has set the aggregate position limit to 14000 shares for this week.,118,2026-02-01 07:08:41.744491,SPNG,25.03,25.03,25.35,2182700.0,2081400.0,0,0
1.0,1.0,1.0,,Welcome to the RITC 2026 Alogithmic Market Making Case - practice server,,118,2026-02-01 07:08:41.744491,SMMR,25.71,25.68,25.71,2336600.0,2419200.0,0,0
,,,,,,118,2026-02-01 07:08:41.744491,ATMN,25.3,24.65,25.3,2497700.0,2323200.0,0,0
,,,,,,118,2026-02-01 07:08:41.744491,WNTR,24.05,24.01,24.05,2204000.0,2017800.0,0,0
2.0,1.0,1.0,,Aggregate Position Limit,Your CRO has set the aggregate position limit to 14000 shares for this week.,119,2026-02-01 07:08:42.825627,SPNG,25.2,25.03,25.2,2187900.0,2081600.0,0,0
1.0,1.0,1.0,,Welcome to the RITC 2026 Alogithmic Market Making Case - practice server,,119,2026-02-01 07:08:42.825627,SMMR,25.68,25.68,25.71,2336600.0,2419200.0,0,0
,,,,,,119,2026-02-01 07:08:42.825627,ATMN,24.64,24.64,25.16,2555700.0,2353600.0,0,0
,,,,,,119,2026-02-01 07:08:42.825627,WNTR,24.01,23.79,23.96,2196700.0,2024800.0,0,0
2.0,1.0,1.0,,Aggregate Position Limit,Your CRO has set the aggregate position limit to 14000 shares for this week.,121,2026-02-01 07:08:43.867755,SPNG,23.49,22.93,23.35,1112300.0,1055800.0,0,0
1.0,1.0,1.0,,Welcome to the RITC 2026 Alogithmic Market Making Case - practice server,,121,2026-02-01 07:08:43.867755,SMMR,26.15,25.85,26.15,1161600.0,908700.0,0,0
,,,,,,121,2026-02-01 07:08:43.867755,ATMN,24.38,24.53,24.66,1177600.0,963400.0,0,0
,,,,,,121,2026-02-01 07:08:43.867755,WNTR,24.71,24.91,25.17,971700.0,787600.0,0,0
2.0,1.0,1.0,,Aggregate Position Limit,Your CRO has set the aggregate position limit to 14000 shares for this week.,122,2026-02-01 07:08:44.957432,SPNG,22.93,22.93,23.11,1245400.0,1067400.0,0,0
1.0,1.0,1.0,,Welcome to the RITC 2026 Alogithmic Market Making Case - practice server,,122,2026-02-01 07:08:44.957432,SMMR,26.33,26.09,26.33,1366200.0,891400.0,0,0
,,,,,,122,2026-02-01 07:08:44.957432,ATMN,24.98,24.53,24.93,1177600.0,984500.0,0,0
,,,,,,122,2026-02-01 07:08:44.957432,WNTR,24.82,24.85,25.17,952700.0,883400.0,0,0
2.0,1.0,1.0,,Aggregate Position Limit,Your CRO has set the aggregate position limit to 14000 shares for this week.,123,2026-02-01 07:08:45.988067,SPNG,23.11,23.1,23.11,1500200.0,1067400.0,0,0
1.0,1.0,1.0,,Welcome to the RITC 2026 Alogithmic Market Making Case - practice server,,123,2026-02-01 07:08:45.988067,SMMR,25.95,25.95,26.21,1398200.0,1009500.0,0,0
,,,,,,123,2026-02-01 07:08:45.988067,ATMN,24.37,24.37,24.46,1212800.0,1189400.0,0,0
,,,,,,123,2026-02-01 07:08:45.988067,WNTR,24.85,24.76,24.79,1079500.0,1082800.0,0,0
2.0,1.0,1.0,,Aggregate Position Limit,Your CRO has set the aggregate position limit to 14000 shares for this week.,124,2026-02-01 07:08:47.014550,SPNG,23.1,23.1,23.83,1631200.0,906200.0,0,0
1.0,1.0,1.0,,Welcome to the RITC 2026 Alogithmic Market Making Case - practice server,,124,2026-02-01 07:08:47.014550,SMMR,25.95,26.14,26.21,1498300.0,1256900.0,0,0
,,,,,,124,2026-02-01 07:08:47.014550,ATMN,24.25,24.25,24.93,1091400.0,1095100.0,0,0
,,,,,,124,2026-02-01 07:08:47.014550,WNTR,24.79,24.83,25.14,1375700.0,988100.0,0,0
2.0,1.0,1.0,,Aggregate Position Limit,Your CRO has set the aggregate position limit to 14000 shares for this week.,125,2026-02-01 07:08:48.036624,SPNG,24.24,23.36,23.66,1755100.0,1036200.0,0,0
1.0,1.0,1.0,,Welcome to the RITC 2026 Alogithmic Market Making Case - practice server,,125,2026-02-01 07:08:48.036624,SMMR,25.95,25.99,26.21,1762700.0,1256900.0,0,0
,,,,,,125,2026-02-01 07:08:48.036624,ATMN,21.64,24.34,24.93,1241900.0,1230600.0,0,0
,,,,,,125,2026-02-01 07:08:48.036624,WNTR,25.06,24.88,25.01,1494400.0,1211700.0,0,0
2.0,1.0,1.0,,Aggregate Position Limit,Your CRO has set the aggregate position limit to 14000 shares for this week.,126,2026-02-01 07:08:49.058088,SPNG,23.36,23.36,23.66,1873300.0,1146000.0,0,0
1.0,1.0,1.0,,Welcome to the RITC 2026 Alogithmic Market Making Case - practice server,,126,2026-02-01 07:08:49.058088,SMMR,26.17,26.17,26.21,1898000.0,1256900.0,0,0
,,,,,,126,2026-02-01 07:08:49.058088,ATMN,24.93,24.27,24.93,1225900.0,1230600.0,0,0
,,,,,,126,2026-02-01 07:08:49.058088,WNTR,25.17,24.88,24.9,1587500.0,1101300.0,0,0
2.0,1.0,1.0,,Aggregate Position Limit,Your CRO has set the aggregate position limit to 14000 shares for this week.,127,2026-02-01 07:08:50.088151,SPNG,23.53,23.36,23.53,1873300.0,1266600.0,0,0
1.0,1.0,1.0,,Welcome to the RITC 2026 Alogithmic Market Making Case - practice server,,127,2026-02-01 07:08:50.088151,SMMR,26.17,26.17,26.21,2031300.0,1256900.0,0,0
,,,,,,127,2026-02-01 07:08:50.088151,ATMN,24.35,24.29,24.35,1365700.0,1356300.0,0,0
,,,,,,127,2026-02-01 07:08:50.088151,WNTR,25.17,24.88,25.17,1805600.0,985300.0,0,0
2.0,1.0,1.0,,Aggregate Position Limit,Your CRO has set the aggregate position limit to 14000 shares for this week.,128,2026-02-01 07:08:51.105957,SPNG,23.53,23.56,23.66,1978800.0,1332400.0,0,0
1.0,1.0,1.0,,Welcome to the RITC 2026 Alogithmic Market Making Case - practice server,,128,2026-02-01 07:08:51.105957,SMMR,26.11,26.17,26.21,2118900.0,1256900.0,0,0
,,,,,,128,2026-02-01 07:08:51.105957,ATMN,24.93,24.29,24.93,1781900.0,1230600.0,0,0
,,,,,,128,2026-02-01 07:08:51.105957,WNTR,24.88,24.88,25.17,1805600.0,1183200.0,0,0
2.0,1.0,1.0,,Aggregate Position Limit,Your CRO has set the aggregate position limit to 14000 shares for this week.,129,2026-02-01 07:08:52.120778,SPNG,23.66,23.77,23.97,1871100.0,1478300.0,0,0
1.0,1.0,1.0,,Welcome to the RITC 2026 Alogithmic Market Making Case - practice server,,129,2026-02-01 07:08:52.120778,SMMR,26.21,26.2,26.21,2248700.0,1372000.0,0,0
,,,,,,129,2026-02-01 07:08:52.120778,ATMN,24.29,24.29,24.44,1894900.0,1451200.0,0,0
,,,,,,129,2026-02-01 07:08:52.120778,WNTR,24.88,24.88,24.96,1915800.0,1479800.0,0,0
2.0,1.0,1.0,,Aggregate Position Limit,Your CRO has set the aggregate position limit to 14000 shares for this week.,130,2026-02-01 07:08:53.148219,SPNG,23.31,23.37,23.97,1885300.0,1478300.0,0,0
1.0,1.0,1.0,,Welcome to the RITC 2026 Alogithmic Market Making Case - practice server,,130,2026-02-01 07:08:53.148219,SMMR,26.2,26.2,26.25,2375800.0,1358000.0,0,0
,,,,,,130,2026-02-01 07:08:53.148219,ATMN,24.44,24.55,24.69,2033500.0,1542700.0,0,0
,,,,,,130,2026-02-01 07:08:53.148219,WNTR,24.99,24.88,24.99,1915800.0,1391100.0,0,0
2.0,1.0,1.0,,Aggregate Position Limit,Your CRO has set the aggregate position limit to 14000 shares for this week.,131,2026-02-01 07:08:54.174228,SPNG,23.97,23.37,23.97,2007400.0,1478300.0,0,0
1.0,1.0,1.0,,Welcome to the RITC 2026 Alogithmic Market Making Case - practice server,,131,2026-02-01 07:08:54.174228,SMMR,26.2,26.17,26.2,2381100.0,1602100.0,0,0
,,,,,,131,2026-02-01 07:08:54.174228,ATMN,24.55,24.29,24.48,1894900.0,1891300.0,0,0
,,,,,,131,2026-02-01 07:08:54.174228,WNTR,24.99,24.93,24.99,2106000.0,1489200.0,0,0
2.0,1.0,1.0,,Aggregate Position Limit,Your CRO has set the aggregate position limit to 14000 shares for this week.,132,2026-02-01 07:08:55.192465,SPNG,23.37,23.37,23.89,2007400.0,1574800.0,0,0
1.0,1.0,1.0,,Welcome to the RITC 2026 Alogithmic Market Making Case - practice server,,132,2026-02-01 07:08:55.192465,SMMR,26.17,26.08,26.09,2136400.0,1698100.0,0,0
,,,,,,132,2026-02-01 07:08:55.192465,ATMN,24.62,24.58,24.62,2095800.0,1659900.0,0,0
,,,,,,132,2026-02-01 07:08:55.192465,WNTR,24.88,24.83,24.87,1904000.0,1595400.0,0,0
2.0,1.0,1.0,,Aggregate Position Limit,Your CRO has set the aggregate position limit to 14000 shares for this week.,133,2026-02-01 07:08:56.211109,SPNG,23.31,23.1,23.19,1875900.0,1794200.0,0,0
1.0,1.0,1.0,,Welcome to the RITC 2026 Alogithmic Market Making Case - practice server,,133,2026-02-01 07:08:56.211109,SMMR,26.23,26.1,26.23,2375100.0,1487700.0,0,0
,,,,,,133,2026-02-01 07:08:56.211109,ATMN,24.58,24.55,24.56,2370200.0,1775900.0,0,0
,,,,,,133,2026-02-01 07:08:56.211109,WNTR,24.99,25.06,25.09,2096800.0,1372400.0,0,0
2.0,1.0,1.0,,Aggregate Position Limit,Your CRO has set the aggregate position limit to 14000 shares for this week.,134,2026-02-01 07:08:57.229748,SPNG,23.7,23.72,23.89,2091600.0,1671200.0,0,0
1.0,1.0,1.0,,Welcome to the RITC 2026 Alogithmic Market Making Case - practice server,,134,2026-02-01 07:08:57.229748,SMMR,26.1,26.1,26.25,2375100.0,1468800.0,0,0
,,,,,,134,2026-02-01 07:08:57.229748,ATMN,24.69,24.55,24.69,2530700.0,1648600.0,0,0
,,,,,,134,2026-02-01 07:08:57.229748,WNTR,24.77,24.96,25.01,2002100.0,1551100.0,0,0
2.0,1.0,1.0,,Aggregate Position Limit,Your CRO has set the aggregate position limit to 14000 shares for this week.,135,2026-02-01 07:08:58.261846,SPNG,23.89,23.1,23.89,1981200.0,1769500.0,0,0
1.0,1.0,1.0,,Welcome to the RITC 2026 Alogithmic Market Making Case - practice server,,135,2026-02-01 07:08:58.261846,SMMR,25.99,25.99,26.25,2099100.0,1468800.0,0,0
,,,,,,135,2026-02-01 07:08:58.261846,ATMN,24.69,24.55,24.69,2530700.0,1764200.0,0,0
,,,,,,135,2026-02-01 07:08:58.261846,WNTR,24.77,24.96,25.01,2002100.0,1887200.0,0,0
2.0,1.0,1.0,,Aggregate Position Limit,Your CRO has set the aggregate position limit to 14000 shares for this week.,136,2026-02-01 07:08:59.283171,SPNG,23.89,23.23,23.89,2560100.0,1769500.0,0,0
1.0,1.0,1.0,,Welcome to the RITC 2026 Alogithmic Market Making Case - practice server,,136,2026-02-01 07:08:59.283171,SMMR,25.98,26.11,26.25,2211300.0,1468800.0,0,0
,,,,,,136,2026-02-01 07:08:59.283171,ATMN,24.55,24.55,24.69,2603600.0,1862400.0,0,0
,,,,,,136,2026-02-01 07:08:59.283171,WNTR,25.09,24.91,25.09,2027200.0,1913600.0,0,0
2.0,1.0,1.0,,Aggregate Position Limit,Your CRO has set the aggregate position limit to 14000 shares for this week.,137,2026-02-01 07:09:00.323359,SPNG,23.1,23.1,23.89,2618100.0,1769500.0,0,0
1.0,1.0,1.0,,Welcome to the RITC 2026 Alogithmic Market Making Case - practice server,,137,2026-02-01 07:09:00.323359,SMMR,25.98,26.11,26.12,2428500.0,1690900.0,0,0
,,,,,,137,2026-02-01 07:09:00.323359,ATMN,24.83,24.36,24.83,2534100.0,1654000.0,0,0
,,,,,,137,2026-02-01 07:09:00.323359,WNTR,24.96,24.77,24.94,1919200.0,1995500.0,0,0
2.0,1.0,1.0,,Aggregate Position Limit,Your CRO has set the aggregate position limit to 14000 shares for this week.,138,2026-02-01 07:09:01.358444,SPNG,23.1,23.47,23.89,2581100.0,1866900.0,0,0
1.0,1.0,1.0,,Welcome to the RITC 2026 Alogithmic Market Making Case - practice server,,138,2026-02-01 07:09:01.358444,SMMR,26.11,26.11,26.25,2428500.0,1574000.0,0,0
,,,,,,138,2026-02-01 07:09:01.358444,ATMN,24.36,24.36,24.83,2534100.0,1774400.0,0,0
,,,,,,138,2026-02-01 07:09:01.358444,WNTR,24.94,24.96,25.09,2137300.0,1913600.0,0,0
2.0,1.0,1.0,,Aggregate Position Limit,Your CRO has set the aggregate position limit to 14000 shares for this week.,139,2026-02-01 07:09:02.381082,SPNG,23.1,23.54,23.89,2479100.0,2112900.0,0,0
1.0,1.0,1.0,,Welcome to the RITC 2026 Alogithmic Market Making Case - practice server,,139,2026-02-01 07:09:02.381082,SMMR,26.22,26.16,26.17,2428200.0,1674300.0,0,0
,,,,,,139,2026-02-01 07:09:02.381082,ATMN,24.29,24.29,24.83,2406900.0,1774400.0,0,0
,,,,,,139,2026-02-01 07:09:02.381082,WNTR,24.89,24.89,24.92,2137500.0,2012000.0,0,0
2.0,1.0,1.0,,Aggregate Position Limit,Your CRO has set the aggregate position limit to 14000 shares for this week.,140,2026-02-01 07:09:03.408460,SPNG,23.47,23.47,23.89,2538500.0,2164600.0,0,0
1.0,1.0,1.0,,Welcome to the RITC 2026 Alogithmic Market Making Case - practice server,,140,2026-02-01 07:09:03.408460,SMMR,26.22,26.16,26.17,2374900.0,1916200.0,0,0
,,,,,,140,2026-02-01 07:09:03.408460,ATMN,24.3,24.32,24.83,2398500.0,1774400.0,0,0
,,,,,,140,2026-02-01 07:09:03.408460,WNTR,24.92,24.76,24.92,2120900.0,2012000.0,0,0
2.0,1.0,1.0,,Aggregate Position Limit,Your CRO has set the aggregate position limit to 14000 shares for this week.,141,2026-02-01 07:09:04.443414,SPNG,23.31,23.53,23.89,2532800.0,2164600.0,0,0
1.0,1.0,1.0,,Welcome to the RITC 2026 Alogithmic Market Making Case - practice server,,141,2026-02-01 07:09:04.443414,SMMR,26.27,26.16,26.27,2372900.0,1572200.0,0,0
,,,,,,141,2026-02-01 07:09:04.443414,ATMN,25.05,24.32,25.05,2398500.0,1498200.0,0,0
,,,,,,141,2026-02-01 07:09:04.443414,WNTR,24.76,24.76,24.9,2005800.0,2034600.0,0,0
2.0,1.0,1.0,,Aggregate Position Limit,Your CRO has set the aggregate position limit to 14000 shares for this week.,142,2026-02-01 07:09:05.470848,SPNG,23.22,23.44,23.89,2498200.0,2164600.0,0,0
1.0,1.0,1.0,,Welcome to the RITC 2026 Alogithmic Market Making Case - practice server,,142,2026-02-01 07:09:05.470848,SMMR,26.16,26.16,26.2,2372900.0,1796000.0,0,0
,,,,,,142,2026-02-01 07:09:05.470848,ATMN,25.05,24.32,24.94,2398500.0,1831400.0,0,0
,,,,,,142,2026-02-01 07:09:05.470848,WNTR,25.09,24.76,25.09,2078800.0,1908500.0,0,0
2.0,1.0,1.0,,Aggregate Position Limit,Your CRO has set the aggregate position limit to 14000 shares for this week.,143,2026-02-01 07:09:06.503037,SPNG,23.88,23.22,23.88,2503600.0,2176600.0,0,0
1.0,1.0,1.0,,Welcome to the RITC 2026 Alogithmic Market Making Case - practice server,,143,2026-02-01 07:09:06.503037,SMMR,26.14,26.14,26.2,2373300.0,1796000.0,0,0
,,,,,,143,2026-02-01 07:09:06.503037,ATMN,24.27,24.24,24.26,2163400.0,2057900.0,0,0
,,,,,,143,2026-02-01 07:09:06.503037,WNTR,25.08,24.76,25.08,2091000.0,2002200.0,0,0
2.0,1.0,1.0,,Aggregate Position Limit,Your CRO has set the aggregate position limit to 14000 shares for this week.,144,2026-02-01 07:09:07.526343,SPNG,23.88,23.38,23.86,2442900.0,2200000.0,0,0
1.0,1.0,1.0,,Welcome to the RITC 2026 Alogithmic Market Making Case - practice server,,144,2026-02-01 07:09:07.526343,SMMR,26.2,26.14,26.2,2374900.0,1796000.0,0,0
,,,,,,144,2026-02-01 07:09:07.526343,ATMN,24.43,24.24,24.43,2609300.0,1831400.0,0,0
,,,,,,144,2026-02-01 07:09:07.526343,WNTR,24.76,24.76,24.83,2096300.0,2016300.0,0,0
2.0,1.0,1.0,,Aggregate Position Limit,Your CRO has set the aggregate position limit to 14000 shares for this week.,145,2026-02-01 07:09:08.621293,SPNG,23.89,23.89,23.9,2447200.0,2163100.0,0,0
1.0,1.0,1.0,,Welcome to the RITC 2026 Alogithmic Market Making Case - practice server,,145,2026-02-01 07:09:08.621293,SMMR,26.14,26.14,26.2,2374900.0,2041800.0,0,0
,,,,,,145,2026-02-01 07:09:08.621293,ATMN,24.05,24.05,24.72,2383200.0,2050000.0,0,0
,,,,,,145,2026-02-01 07:09:08.621293,WNTR,25.09,24.76,25.09,2075900.0,2011700.0,0,0
2.0,1.0,1.0,,Aggregate Position Limit,Your CRO has set the aggregate position limit to 14000 shares for this week.,146,2026-02-01 07:09:09.706916,SPNG,23.9,23.33,23.9,2437400.0,2187300.0,0,0
1.0,1.0,1.0,,Welcome to the RITC 2026 Alogithmic Market Making Case - practice server,,146,2026-02-01 07:09:09.706916,SMMR,26.32,26.14,26.32,2382100.0,1688900.0,0,0
,,,,,,146,2026-02-01 07:09:09.706916,ATMN,24.05,24.05,24.49,2634300.0,2187700.0,0,0
,,,,,,146,2026-02-01 07:09:09.706916,WNTR,25.1,24.76,25.1,2075900.0,1901900.0,0,0
2.0,1.0,1.0,,Aggregate Position Limit,Your CRO has set the aggregate position limit to 14000 shares for this week.,147,2026-02-01 07:09:10.727918,SPNG,23.54,23.33,23.54,2437400.0,2204500.0,0,0
1.0,1.0,1.0,,Welcome to the RITC 2026 Alogithmic Market Making Case - practice server,,147,2026-02-01 07:09:10.727918,SMMR,26.32,26.3,26.32,2352500.0,1688900.0,0,0
,,,,,,147,2026-02-01 07:09:10.727918,ATMN,24.05,24.21,24.49,2466200.0,2187700.0,0,0
,,,,,,147,2026-02-01 07:09:10.727918,WNTR,25.06,25.07,25.1,2087500.0,1902800.0,0,0
2.0,1.0,1.0,,Aggregate Position Limit,Your CRO has set the aggregate position limit to 14000 shares for this week.,148,2026-02-01 07:09:11.753157,SPNG,23.93,23.45,23.65,2449200.0,2246700.0,0,0
1.0,1.0,1.0,,Welcome to the RITC 2026 Alogithmic Market Making Case - practice server,,148,2026-02-01 07:09:11.753157,SMMR,26.3,26.3,26.32,2352500.0,1925000.0,0,0
,,,,,,148,2026-02-01 07:09:11.753157,ATMN,24.05,24.29,24.49,2443600.0,2194900.0,0,0
,,,,,,148,2026-02-01 07:09:11.753157,WNTR,25.07,24.93,25.04,2032700.0,2015600.0,0,0
2.0,1.0,1.0,,Aggregate Position Limit,Your CRO has set the aggregate position limit to 14000 shares for this week.,149,2026-02-01 07:09:12.788260,SPNG,23.45,23.45,23.65,2449200.0,2256700.0,0,0
1.0,1.0,1.0,,Welcome to the RITC 2026 Alogithmic Market Making Case - practice server,,149,2026-02-01 07:09:12.788260,SMMR,26.32,26.19,26.32,2389500.0,1925000.0,0,0
,,,,,,149,2026-02-01 07:09:12.788260,ATMN,24.21,24.21,24.32,2466200.0,2247800.0,0,0
,,,,,,149,2026-02-01 07:09:12.788260,WNTR,24.93,24.93,25.04,2049300.0,2015800.0,0,0
2.0,1.0,1.0,,Aggregate Position Limit,Your CRO has set the aggregate position limit to 14000 shares for this week.,150,2026-02-01 07:09:13.818136,SPNG,23.65,23.55,23.65,2415400.0,2256700.0,0,0
1.0,1.0,1.0,,Welcome to the RITC 2026 Alogithmic Market Making Case - practice server,,150,2026-02-01 07:09:13.818136,SMMR,26.32,26.19,26.27,2389500.0,2294800.0,0,0
,,,,,,150,2026-02-01 07:09:13.818136,ATMN,23.88,23.88,24.32,2546800.0,2247800.0,0,0
,,,,,,150,2026-02-01 07:09:13.818136,WNTR,24.76,24.76,24.94,2076800.0,2027400.0,0,0
2.0,1.0,1.0,,Aggregate Position Limit,Your CRO has set the aggregate position limit to 14000 shares for this week.,151,2026-02-01 07:09:14.838105,SPNG,23.45,23.33,23.37,2406700.0,2290600.0,0,0
1.0,1.0,1.0,,Welcome to the RITC 2026 Alogithmic Market Making Case - practice server,,151,2026-02-01 07:09:14.838105,SMMR,26.27,26.2,26.27,2388900.0,2294800.0,0,0
,,,,,,151,2026-02-01 07:09:14.838105,ATMN,23.88,24.06,24.32,2477900.0,2247800.0,0,0
,,,,,,151,2026-02-01 07:09:14.838105,WNTR,24.76,24.83,24.94,2086800.0,2027400.0,0,0
2.0,1.0,1.0,,Aggregate Position Limit,Your CRO has set the aggregate position limit to 14000 shares for this week.,152,2026-02-01 07:09:15.868058,SPNG,23.75,23.49,23.69,2382100.0,2241200.0,0,0
1.0,1.0,1.0,,Welcome to the RITC 2026 Alogithmic Market Making Case - practice server,,152,2026-02-01 07:09:15.868058,SMMR,26.19,26.25,26.27,2368200.0,2294800.0,0,0
,,,,,,152,2026-02-01 07:09:15.868058,ATMN,24.06,24.06,24.49,2477900.0,2246900.0,0,0
,,,,,,152,2026-02-01 07:09:15.868058,WNTR,24.76,24.83,24.86,2083900.0,2030400.0,0,0
2.0,1.0,1.0,,Aggregate Position Limit,Your CRO has set the aggregate position limit to 14000 shares for this week.,153,2026-02-01 07:09:16.893228,SPNG,23.33,23.33,23.69,2406700.0,2244400.0,0,0
1.0,1.0,1.0,,Welcome to the RITC 2026 Alogithmic Market Making Case - practice server,,153,2026-02-01 07:09:16.893228,SMMR,26.27,26.25,26.27,2345500.0,2303100.0,0,0
,,,,,,153,2026-02-01 07:09:16.893228,ATMN,24.11,24.11,24.49,2477800.0,2246900.0,0,0
,,,,,,153,2026-02-01 07:09:16.893228,WNTR,24.86,24.83,24.86,2068700.0,2030400.0,0,0
2.0,1.0,1.0,,Aggregate Position Limit,Your CRO has set the aggregate position limit to 14000 shares for this week.,154,2026-02-01 07:09:17.923810,SPNG,23.9,23.33,23.64,2406700.0,2283800.0,0,0
1.0,1.0,1.0,,Welcome to the RITC 2026 Alogithmic Market Making Case - practice server,,154,2026-02-01 07:09:17.923810,SMMR,26.25,26.25,26.27,2370300.0,2306300.0,0,0
,,,,,,154,2026-02-01 07:09:17.923810,ATMN,24.51,24.31,24.51,2492500.0,2232500.0,0,0
,,,,,,154,2026-02-01 07:09:17.923810,WNTR,24.94,24.92,24.94,2094400.0,2027400.0,0,0
2.0,1.0,1.0,,Aggregate Position Limit,Your CRO has set the aggregate position limit to 14000 shares for this week.,155,2026-02-01 07:09:18.953011,SPNG,23.17,23.17,23.91,2409200.0,2233700.0,0,0
1.0,1.0,1.0,,Welcome to the RITC 2026 Alogithmic Market Making Case - practice server,,155,2026-02-01 07:09:18.953011,SMMR,26.25,26.25,26.27,2370300.0,2282100.0,0,0
,,,,,,155,2026-02-01 07:09:18.953011,ATMN,24.62,24.18,24.62,2475600.0,2210600.0,0,0
,,,,,,155,2026-02-01 07:09:18.953011,WNTR,24.92,24.92,25.04,2094400.0,2015800.0,0,0
2.0,1.0,1.0,,Aggregate Position Limit,Your CRO has set the aggregate position limit to 14000 shares for this week.,156,2026-02-01 07:09:19.978031,SPNG,23.17,23.4,23.69,2415100.0,2268600.0,0,0
1.0,1.0,1.0,,Welcome to the RITC 2026 Alogithmic Market Making Case - practice server,,156,2026-02-01 07:09:19.978031,SMMR,26.25,26.25,26.27,2311500.0,2275700.0,0,0
,,,,,,156,2026-02-01 07:09:19.978031,ATMN,24.18,24.18,24.22,2492800.0,2224300.0,0,0
,,,,,,156,2026-02-01 07:09:19.978031,WNTR,24.82,24.82,25.1,2060200.0,1998800.0,0,0
2.0,1.0,1.0,,Aggregate Position Limit,Your CRO has set the aggregate position limit to 14000 shares for this week.,157,2026-02-01 07:09:21.003811,SPNG,23.69,23.69,23.91,2414000.0,2275900.0,0,0
1.0,1.0,1.0,,Welcome to the RITC 2026 Alogithmic Market Making Case - practice server,,157,2026-02-01 07:09:21.003811,SMMR,26.2,26.2,26.32,2315000.0,2279900.0,0,0
,,,,,,157,2026-02-01 07:09:21.003811,ATMN,24.22,24.29,24.62,2511600.0,2210600.0,0,0
,,,,,,157,2026-02-01 07:09:21.003811,WNTR,24.82,25.0,25.13,2040700.0,1975400.0,0,0
2.0,1.0,1.0,,Aggregate Position Limit,Your CRO has set the aggregate position limit to 14000 shares for this week.,158,2026-02-01 07:09:22.032665,SPNG,23.69,23.69,23.84,2414000.0,2232700.0,0,0
1.0,1.0,1.0,,Welcome to the RITC 2026 Alogithmic Market Making Case - practice server,,158,2026-02-01 07:09:22.032665,SMMR,26.2,26.2,26.32,2315000.0,2263000.0,0,0
,,,,,,158,2026-02-01 07:09:22.032665,ATMN,24.22,24.29,24.49,2473500.0,2219300.0,0,0
,,,,,,158,2026-02-01 07:09:22.032665,WNTR,24.82,24.82,25.06,2060200.0,2019300.0,0,0
2.0,1.0,1.0,,Aggregate Position Limit,Your CRO has set the aggregate position limit to 14000 shares for this week.,159,2026-02-01 07:09:23.058002,SPNG,23.69,23.4,23.47,2359000.0,2277300.0,0,0
1.0,1.0,1.0,,Welcome to the RITC 2026 Alogithmic Market Making Case - practice server,,159,2026-02-01 07:09:23.058002,SMMR,26.12,26.12,26.32,2329900.0,2263000.0,0,0
,,,,,,159,2026-02-01 07:09:23.058002,ATMN,24.22,24.38,24.45,2466700.0,2273000.0,0,0
,,,,,,159,2026-02-01 07:09:23.058002,WNTR,24.82,24.97,24.99,2059500.0,2009000.0,0,0
2.0,1.0,1.0,,Aggregate Position Limit,Your CRO has set the aggregate position limit to 14000 shares for this week.,161,2026-02-01 07:09:24.091162,SPNG,23.84,23.17,23.84,2329800.0,2232700.0,0,0
1.0,1.0,1.0,,Welcome to the RITC 2026 Alogithmic Market Making Case - practice server,,161,2026-02-01 07:09:24.091162,SMMR,26.12,26.09,26.12,2306600.0,2227500.0,0,0
,,,,,,161,2026-02-01 07:09:24.091162,ATMN,24.18,24.05,24.08,2481700.0,2294200.0,0,0
,,,,,,161,2026-02-01 07:09:24.091162,WNTR,24.82,24.84,24.99,2090600.0,2032000.0,0,0
2.0,1.0,1.0,,Aggregate Position Limit,Your CRO has set the aggregate position limit to 14000 shares for this week.,162,2026-02-01 07:09:25.124124,SPNG,23.84,23.17,23.84,2306100.0,2232700.0,0,0
1.0,1.0,1.0,,Welcome to the RITC 2026 Alogithmic Market Making Case - practice server,,162,2026-02-01 07:09:25.124124,SMMR,26.07,26.07,26.32,2320200.0,2275600.0,0,0
,,,,,,162,2026-02-01 07:09:25.124124,ATMN,24.45,24.4,24.45,2459700.0,2273000.0,0,0
,,,,,,162,2026-02-01 07:09:25.124124,WNTR,24.84,24.84,24.99,2104600.0,2032000.0,0,0
2.0,1.0,1.0,,Aggregate Position Limit,Your CRO has set the aggregate position limit to 14000 shares for this week.,163,2026-02-01 07:09:26.145953,SPNG,23.91,23.17,23.72,2306100.0,2266600.0,0,0
1.0,1.0,1.0,,Welcome to the RITC 2026 Alogithmic Market Making Case - practice server,,163,2026-02-01 07:09:26.145953,SMMR,26.16,26.2,26.32,2316200.0,2275600.0,0,0
,,,,,,163,2026-02-01 07:09:26.145953,ATMN,24.45,24.4,24.45,2459700.0,2279900.0,0,0
,,,,,,163,2026-02-01 07:09:26.145953,WNTR,24.82,24.82,24.99,2106100.0,2060400.0,0,0
2.0,1.0,1.0,,Aggregate Position Limit,Your CRO has set the aggregate position limit to 14000 shares for this week.,164,2026-02-01 07:09:27.198212,SPNG,23.91,23.3,23.72,2312900.0,2300300.0,0,0
1.0,1.0,1.0,,Welcome to the RITC 2026 Alogithmic Market Making Case - practice server,,164,2026-02-01 07:09:27.198212,SMMR,26.16,26.07,26.16,2320200.0,2306600.0,0,0
,,,,,,164,2026-02-01 07:09:27.198212,ATMN,24.4,24.4,24.45,2478600.0,2274200.0,0,0
,,,,,,164,2026-02-01 07:09:27.198212,WNTR,24.85,24.92,24.99,2093500.0,2060400.0,0,0
2.0,1.0,1.0,,Aggregate Position Limit,Your CRO has set the aggregate position limit to 14000 shares for this week.,165,2026-02-01 07:09:28.223743,SPNG,23.91,23.54,23.72,2318700.0,2291800.0,0,0
1.0,1.0,1.0,,Welcome to the RITC 2026 Alogithmic Market Making Case - practice server,,165,2026-02-01 07:09:28.223743,SMMR,26.19,26.25,26.32,2326100.0,2275300.0,0,0
,,,,,,165,2026-02-01 07:09:28.223743,ATMN,24.4,24.4,24.45,2450000.0,2274200.0,0,0
,,,,,,165,2026-02-01 07:09:28.223743,WNTR,24.92,24.92,24.99,2093500.0,2060600.0,0,0
2.0,1.0,1.0,,Aggregate Position Limit,Your CRO has set the aggregate position limit to 14000 shares for this week.,166,2026-02-01 07:09:29.252112,SPNG,23.54,23.54,23.72,2284000.0,2291800.0,0,0
1.0,1.0,1.0,,Welcome to the RITC 2026 Alogithmic Market Making Case - practice server,,166,2026-02-01 07:09:29.252112,SMMR,26.19,26.25,26.29,2326100.0,2269100.0,0,0
,,,,,,166,2026-02-01 07:09:29.252112,ATMN,24.49,24.4,24.49,2440600.0,2282600.0,0,0
,,,,,,166,2026-02-01 07:09:29.252112,WNTR,25.06,24.92,25.06,2093500.0,2006000.0,0,0
2.0,1.0,1.0,,Aggregate Position Limit,Your CRO has set the aggregate position limit to 14000 shares for this week.,167,2026-02-01 07:09:30.286091,SPNG,23.31,23.64,23.72,2293600.0,2307800.0,0,0
1.0,1.0,1.0,,Welcome to the RITC 2026 Alogithmic Market Making Case - practice server,,167,2026-02-01 07:09:30.286091,SMMR,26.05,26.05,26.16,2331400.0,2271900.0,0,0
,,,,,,167,2026-02-01 07:09:30.286091,ATMN,24.28,24.06,24.12,2459700.0,2294300.0,0,0
,,,,,,167,2026-02-01 07:09:30.286091,WNTR,24.87,24.9,25.06,2091700.0,2006000.0,0,0
2.0,1.0,1.0,,Aggregate Position Limit,Your CRO has set the aggregate position limit to 14000 shares for this week.,168,2026-02-01 07:09:31.312157,SPNG,23.31,23.64,23.69,2330200.0,2333200.0,0,0
1.0,1.0,1.0,,Welcome to the RITC 2026 Alogithmic Market Making Case - practice server,,168,2026-02-01 07:09:31.312157,SMMR,26.16,26.24,26.29,2302200.0,2269100.0,0,0
,,,,,,168,2026-02-01 07:09:31.312157,ATMN,24.28,24.08,24.12,2457000.0,2294300.0,0,0
,,,,,,168,2026-02-01 07:09:31.312157,WNTR,25.06,24.81,25.06,2101400.0,2006000.0,0,0
2.0,1.0,1.0,,Aggregate Position Limit,Your CRO has set the aggregate position limit to 14000 shares for this week.,169,2026-02-01 07:09:32.348179,SPNG,23.59,23.59,23.69,2307800.0,2333200.0,0,0
1.0,1.0,1.0,,Welcome to the RITC 2026 Alogithmic Market Making Case - practice server,,169,2026-02-01 07:09:32.348179,SMMR,26.33,26.24,26.29,2329400.0,2244500.0,0,0
,,,,,,169,2026-02-01 07:09:32.348179,ATMN,24.66,24.08,24.66,2457000.0,2275900.0,0,0
,,,,,,169,2026-02-01 07:09:32.348179,WNTR,25.06,25.04,25.06,2072300.0,2006000.0,0,0
2.0,1.0,1.0,,Aggregate Position Limit,Your CRO has set the aggregate position limit to 14000 shares for this week.,170,2026-02-01 07:09:33.369365,SPNG,23.69,23.31,23.69,2268100.0,2333200.0,0,0
1.0,1.0,1.0,,Welcome to the RITC 2026 Alogithmic Market Making Case - practice server,,170,2026-02-01 07:09:33.369365,SMMR,26.05,26.08,26.23,2352600.0,2250000.0,0,0
,,,,,,170,2026-02-01 07:09:33.369365,ATMN,24.72,24.46,24.72,2445500.0,2263200.0,0,0
,,,,,,170,2026-02-01 07:09:33.369365,WNTR,25.18,25.04,25.18,2072300.0,1967500.0,0,0
2.0,1.0,1.0,,Aggregate Position Limit,Your CRO has set the aggregate position limit to 14000 shares for this week.,171,2026-02-01 07:09:34.403374,SPNG,23.31,23.31,23.91,2268100.0,2279000.0,0,0
1.0,1.0,1.0,,Welcome to the RITC 2026 Alogithmic Market Making Case - practice server,,171,2026-02-01 07:09:34.403374,SMMR,26.09,26.2,26.23,2393000.0,2282000.0,0,0
,,,,,,171,2026-02-01 07:09:34.403374,ATMN,24.3,24.44,24.72,2459000.0,2263200.0,0,0
,,,,,,171,2026-02-01 07:09:34.403374,WNTR,24.78,24.78,25.18,2092700.0,1967500.0,0,0
2.0,1.0,1.0,,Aggregate Position Limit,Your CRO has set the aggregate position limit to 14000 shares for this week.,172,2026-02-01 07:09:35.442180,SPNG,23.93,23.55,23.93,2294300.0,2252500.0,0,0
1.0,1.0,1.0,,Welcome to the RITC 2026 Alogithmic Market Making Case - practice server,,172,2026-02-01 07:09:35.442180,SMMR,26.29,26.05,26.29,2341300.0,2244500.0,0,0
,,,,,,172,2026-02-01 07:09:35.442180,ATMN,24.23,24.23,24.65,2471100.0,2293900.0,0,0
,,,,,,172,2026-02-01 07:09:35.442180,WNTR,25.21,25.2,25.21,2084700.0,1865600.0,0,0
2.0,1.0,1.0,,Aggregate Position Limit,Your CRO has set the aggregate position limit to 14000 shares for this week.,173,2026-02-01 07:09:36.470303,SPNG,23.55,23.55,23.9,2274700.0,2278700.0,0,0
1.0,1.0,1.0,,Welcome to the RITC 2026 Alogithmic Market Making Case - practice server,,173,2026-02-01 07:09:36.470303,SMMR,26.29,26.07,26.29,2342900.0,2231300.0,0,0
,,,,,,173,2026-02-01 07:09:36.470303,ATMN,24.65,24.23,24.45,2453200.0,2283500.0,0,0
,,,,,,173,2026-02-01 07:09:36.470303,WNTR,25.2,25.2,25.21,2084700.0,1989900.0,0,0
2.0,1.0,1.0,,Aggregate Position Limit,Your CRO has set the aggregate position limit to 14000 shares for this week.,174,2026-02-01 07:09:37.499128,SPNG,23.3,23.3,23.9,2302800.0,2292000.0,0,0
1.0,1.0,1.0,,Welcome to the RITC 2026 Alogithmic Market Making Case - practice server,,174,2026-02-01 07:09:37.499128,SMMR,26.05,26.05,26.28,2348200.0,2271000.0,0,0
,,,,,,174,2026-02-01 07:09:37.499128,ATMN,24.65,24.32,24.65,2447000.0,2293900.0,0,0
,,,,,,174,2026-02-01 07:09:37.499128,WNTR,25.2,25.04,25.2,2048700.0,2011900.0,0,0
2.0,1.0,1.0,,Aggregate Position Limit,Your CRO has set the aggregate position limit to 14000 shares for this week.,175,2026-02-01 07:09:38.547098,SPNG,23.3,23.3,23.9,2302800.0,2311500.0,0,0
1.0,1.0,1.0,,Welcome to the RITC 2026 Alogithmic Market Making Case - practice server,,175,2026-02-01 07:09:38.547098,SMMR,26.05,26.05,26.21,2316300.0,2276900.0,0,0
,,,,,,175,2026-02-01 07:09:38.547098,ATMN,24.5,24.62,24.65,2421600.0,2293900.0,0,0
,,,,,,175,2026-02-01 07:09:38.547098,WNTR,24.78,24.83,25.1,2082900.0,2004100.0,0,0
2.0,1.0,1.0,,Aggregate Position Limit,Your CRO has set the aggregate position limit to 14000 shares for this week.,176,2026-02-01 07:09:39.568172,SPNG,23.9,23.26,23.9,2271400.0,2311500.0,0,0
1.0,1.0,1.0,,Welcome to the RITC 2026 Alogithmic Market Making Case - practice server,,176,2026-02-01 07:09:39.568172,SMMR,26.28,26.15,26.25,2280200.0,2263800.0,0,0
,,,,,,176,2026-02-01 07:09:39.568172,ATMN,24.32,24.25,24.28,2471700.0,2327300.0,0,0
,,,,,,176,2026-02-01 07:09:39.568172,WNTR,25.17,24.91,25.14,2082400.0,2003100.0,0,0
2.0,1.0,1.0,,Aggregate Position Limit,Your CRO has set the aggregate position limit to 14000 shares for this week.,177,2026-02-01 07:09:40.587952,SPNG,23.17,23.88,23.9,2275800.0,2333200.0,0,0
1.0,1.0,1.0,,Welcome to the RITC 2026 Alogithmic Market Making Case - practice server,,177,2026-02-01 07:09:40.587952,SMMR,26.15,26.11,26.15,2277800.0,2276700.0,0,0
,,,,,,177,2026-02-01 07:09:40.587952,ATMN,24.25,24.25,24.59,2427100.0,2300500.0,0,0
,,,,,,177,2026-02-01 07:09:40.587952,WNTR,25.09,24.91,24.98,2082400.0,2008600.0,0,0
2.0,1.0,1.0,,Aggregate Position Limit,Your CRO has set the aggregate position limit to 14000 shares for this week.,178,2026-02-01 07:09:41.622959,SPNG,23.88,23.41,23.72,2288000.0,2329500.0,0,0
1.0,1.0,1.0,,Welcome to the RITC 2026 Alogithmic Market Making Case - practice server,,178,2026-02-01 07:09:41.622959,SMMR,26.25,26.17,26.25,2263300.0,2263800.0,0,0
,,,,,,178,2026-02-01 07:09:41.622959,ATMN,24.72,24.25,24.42,2427100.0,2237200.0,0,0
,,,,,,178,2026-02-01 07:09:41.622959,WNTR,25.09,24.91,24.95,2052200.0,2012500.0,0,0
2.0,1.0,1.0,,Aggregate Position Limit,Your CRO has set the aggregate position limit to 14000 shares for this week.,179,2026-02-01 07:09:42.638425,SPNG,23.72,23.88,23.9,2312100.0,2376800.0,0,0
1.0,1.0,1.0,,Welcome to the RITC 2026 Alogithmic Market Making Case - practice server,,179,2026-02-01 07:09:42.638425,SMMR,26.26,26.17,26.26,2263300.0,2296600.0,0,0
,,,,,,179,2026-02-01 07:09:42.638425,ATMN,24.42,24.25,24.42,2427100.0,2239600.0,0,0
,,,,,,179,2026-02-01 07:09:42.638425,WNTR,24.95,24.91,24.95,2047200.0,2012500.0,0,0
2.0,1.0,1.0,,Aggregate Position Limit,Your CRO has set the aggregate position limit to 14000 shares for this week.,180,2026-02-01 07:09:43.675736,SPNG,23.88,24.16,24.57,1072700.0,788600.0,0,0
1.0,1.0,1.0,,Welcome to the RITC 2026 Alogithmic Market Making Case - practice server,,180,2026-02-01 07:09:43.675736,SMMR,26.26,25.64,25.71,911200.0,876500.0,0,0
,,,,,,180,2026-02-01 07:09:43.675736,ATMN,24.72,24.54,24.71,955300.0,890100.0,0,0
,,,,,,180,2026-02-01 07:09:43.675736,WNTR,24.98,24.7,24.86,914200.0,799700.0,0,0
2.0,1.0,1.0,,Aggregate Position Limit,Your CRO has set the aggregate position limit to 14000 shares for this week.,181,2026-02-01 07:09:44.708049,SPNG,23.99,23.99,24.57,1151100.0,901200.0,0,0
1.0,1.0,1.0,,Welcome to the RITC 2026 Alogithmic Market Making Case - practice server,,181,2026-02-01 07:09:44.708049,SMMR,25.71,25.72,25.73,1027400.0,1127400.0,0,0
,,,,,,181,2026-02-01 07:09:44.708049,ATMN,24.51,24.12,24.45,1097500.0,1105800.0,0,0
,,,,,,181,2026-02-01 07:09:44.708049,WNTR,24.7,24.7,24.86,914200.0,968800.0,0,0
2.0,1.0,1.0,,Aggregate Position Limit,Your CRO has set the aggregate position limit to 14000 shares for this week.,182,2026-02-01 07:09:45.750159,SPNG,24.14,23.15,24.07,1208700.0,1127700.0,0,0
1.0,1.0,1.0,,Welcome to the RITC 2026 Alogithmic Market Making Case - practice server,,182,2026-02-01 07:09:45.750159,SMMR,25.64,25.64,25.73,934900.0,1214300.0,0,0
,,,,,,182,2026-02-01 07:09:45.750159,ATMN,24.61,24.12,24.37,1229600.0,1099700.0,0,0
,,,,,,182,2026-02-01 07:09:45.750159,WNTR,24.7,24.7,24.73,914200.0,1375700.0,0,0
2.0,1.0,1.0,,Aggregate Position Limit,Your CRO has set the aggregate position limit to 14000 shares for this week.,183,2026-02-01 07:09:46.778139,SPNG,24.14,23.69,24.07,1736000.0,1127700.0,0,0
1.0,1.0,1.0,,Welcome to the RITC 2026 Alogithmic Market Making Case - practice server,,183,2026-02-01 07:09:46.778139,SMMR,25.79,25.59,25.79,936600.0,986800.0,0,0
,,,,,,183,2026-02-01 07:09:46.778139,ATMN,24.71,24.75,25.0,1635400.0,863100.0,0,0
,,,,,,183,2026-02-01 07:09:46.778139,WNTR,24.7,24.7,24.73,1149100.0,1556900.0,0,0
2.0,1.0,1.0,,Aggregate Position Limit,Your CRO has set the aggregate position limit to 14000 shares for this week.,184,2026-02-01 07:09:47.807027,SPNG,24.57,23.69,24.12,1860100.0,1221900.0,0,0
1.0,1.0,1.0,,Welcome to the RITC 2026 Alogithmic Market Making Case - practice server,,184,2026-02-01 07:09:47.807027,SMMR,25.79,25.59,25.7,936600.0,1359500.0,0,0
,,,,,,184,2026-02-01 07:09:47.807027,ATMN,24.75,24.29,24.75,1618800.0,1204800.0,0,0
,,,,,,184,2026-02-01 07:09:47.807027,WNTR,24.45,24.56,24.73,930200.0,1556900.0,0,0
2.0,1.0,1.0,,Aggregate Position Limit,Your CRO has set the aggregate position limit to 14000 shares for this week.,185,2026-02-01 07:09:48.837767,SPNG,23.69,23.29,23.68,1735800.0,1126500.0,0,0
1.0,1.0,1.0,,Welcome to the RITC 2026 Alogithmic Market Making Case - practice server,,185,2026-02-01 07:09:48.837767,SMMR,25.7,25.68,25.7,1165100.0,1452000.0,0,0
,,,,,,185,2026-02-01 07:09:48.837767,ATMN,24.29,24.29,24.6,1733200.0,1319500.0,0,0
,,,,,,185,2026-02-01 07:09:48.837767,WNTR,24.83,24.56,24.76,930200.0,1490900.0,0,0
2.0,1.0,1.0,,Aggregate Position Limit,Your CRO has set the aggregate position limit to 14000 shares for this week.,186,2026-02-01 07:09:49.877786,SPNG,23.68,24.33,24.58,1990000.0,1120000.0,0,0
1.0,1.0,1.0,,Welcome to the RITC 2026 Alogithmic Market Making Case - practice server,,186,2026-02-01 07:09:49.877786,SMMR,25.7,25.72,25.73,1281700.0,1450600.0,0,0
,,,,,,186,2026-02-01 07:09:49.877786,ATMN,24.46,24.46,24.48,1855800.0,1443700.0,0,0
,,,,,,186,2026-02-01 07:09:49.877786,WNTR,24.76,24.56,24.76,1150500.0,1490900.0,0,0
2.0,1.0,1.0,,Aggregate Position Limit,Your CRO has set the aggregate position limit to 14000 shares for this week.,187,2026-02-01 07:09:50.911062,SPNG,24.33,23.7,24.28,1972400.0,1358700.0,0,0
1.0,1.0,1.0,,Welcome to the RITC 2026 Alogithmic Market Making Case - practice server,,187,2026-02-01 07:09:50.911062,SMMR,25.68,25.68,25.73,1165100.0,1655300.0,0,0
,,,,,,187,2026-02-01 07:09:50.911062,ATMN,24.48,24.18,24.48,1617400.0,1551700.0,0,0
,,,,,,187,2026-02-01 07:09:50.911062,WNTR,24.76,24.56,24.63,1255200.0,1704000.0,0,0
2.0,1.0,1.0,,Aggregate Position Limit,Your CRO has set the aggregate position limit to 14000 shares for this week.,188,2026-02-01 07:09:51.937749,SPNG,24.19,24.19,24.28,2087500.0,1563700.0,0,0
1.0,1.0,1.0,,Welcome to the RITC 2026 Alogithmic Market Making Case - practice server,,188,2026-02-01 07:09:51.937749,SMMR,25.47,25.47,25.68,933500.0,1893900.0,0,0
,,,,,,188,2026-02-01 07:09:51.937749,ATMN,24.48,24.52,24.6,1857500.0,1545000.0,0,0
,,,,,,188,2026-02-01 07:09:51.937749,WNTR,24.49,24.49,24.76,1168000.0,1581900.0,0,0
2.0,1.0,1.0,,Aggregate Position Limit,Your CRO has set the aggregate position limit to 14000 shares for this week.,189,2026-02-01 07:09:52.971122,SPNG,24.28,24.24,24.28,2085100.0,1685100.0,0,0
1.0,1.0,1.0,,Welcome to the RITC 2026 Alogithmic Market Making Case - practice server,,189,2026-02-01 07:09:52.971122,SMMR,25.68,25.47,25.68,1030200.0,2017100.0,0,0
,,,,,,189,2026-02-01 07:09:52.971122,ATMN,24.48,24.52,24.6,1857500.0,1982000.0,0,0
,,,,,,189,2026-02-01 07:09:52.971122,WNTR,24.7,24.66,24.7,1265900.0,1678700.0,0,0
2.0,1.0,1.0,,Aggregate Position Limit,Your CRO has set the aggregate position limit to 14000 shares for this week.,190,2026-02-01 07:09:54.017794,SPNG,23.7,23.29,23.6,2263000.0,1808900.0,0,0
1.0,1.0,1.0,,Welcome to the RITC 2026 Alogithmic Market Making Case - practice server,,190,2026-02-01 07:09:54.017794,SMMR,25.71,25.49,25.71,1143600.0,2145200.0,0,0
,,,,,,190,2026-02-01 07:09:54.017794,ATMN,24.18,24.44,24.6,1881300.0,2217400.0,0,0
,,,,,,190,2026-02-01 07:09:54.017794,WNTR,24.49,24.45,24.48,1166500.0,1602700.0,0,0
2.0,1.0,1.0,,Aggregate Position Limit,Your CRO has set the aggregate position limit to 14000 shares for this week.,191,2026-02-01 07:09:55.033104,SPNG,23.95,23.29,23.83,2521900.0,1818000.0,0,0
1.0,1.0,1.0,,Welcome to the RITC 2026 Alogithmic Market Making Case - practice server,,191,2026-02-01 07:09:55.033104,SMMR,25.47,25.4,25.45,906500.0,2266000.0,0,0
,,,,,,191,2026-02-01 07:09:55.033104,ATMN,24.18,24.18,24.6,1902600.0,2236700.0,0,0
,,,,,,191,2026-02-01 07:09:55.033104,WNTR,24.83,24.62,24.83,1261900.0,1491700.0,0,0
2.0,1.0,1.0,,Aggregate Position Limit,Your CRO has set the aggregate position limit to 14000 shares for this week.,192,2026-02-01 07:09:56.051250,SPNG,24.09,24.09,24.28,2751600.0,1685100.0,0,0
1.0,1.0,1.0,,Welcome to the RITC 2026 Alogithmic Market Making Case - practice server,,192,2026-02-01 07:09:56.051250,SMMR,25.73,25.52,25.73,1158100.0,2124600.0,0,0
,,,,,,192,2026-02-01 07:09:56.051250,ATMN,24.18,24.18,24.41,2180600.0,2242100.0,0,0
,,,,,,192,2026-02-01 07:09:56.051250,WNTR,24.62,24.45,24.51,1166500.0,1912900.0,0,0
2.0,1.0,1.0,,Aggregate Position Limit,Your CRO has set the aggregate position limit to 14000 shares for this week.,193,2026-02-01 07:09:57.068058,SPNG,23.29,23.29,23.95,2521900.0,1791400.0,0,0
1.0,1.0,1.0,,Welcome to the RITC 2026 Alogithmic Market Making Case - practice server,,193,2026-02-01 07:09:57.068058,SMMR,25.73,25.52,25.58,1158100.0,2269300.0,0,0
,,,,,,193,2026-02-01 07:09:57.068058,ATMN,24.08,24.08,24.6,2078200.0,2236700.0,0,0
,,,,,,193,2026-02-01 07:09:57.068058,WNTR,24.39,24.39,24.83,1047800.0,1809800.0,0,0
2.0,1.0,1.0,,Aggregate Position Limit,Your CRO has set the aggregate position limit to 14000 shares for this week.,194,2026-02-01 07:09:58.107734,SPNG,24.28,24.29,24.32,2782900.0,1772600.0,0,0
1.0,1.0,1.0,,Welcome to the RITC 2026 Alogithmic Market Making Case - practice server,,194,2026-02-01 07:09:58.107734,SMMR,25.59,25.52,25.59,1158100.0,2278000.0,0,0
,,,,,,194,2026-02-01 07:09:58.107734,ATMN,24.6,24.08,24.6,2459700.0,2236700.0,0,0
,,,,,,194,2026-02-01 07:09:58.107734,WNTR,24.39,24.39,24.72,1047800.0,1896300.0,0,0
2.0,1.0,1.0,,Aggregate Position Limit,Your CRO has set the aggregate position limit to 14000 shares for this week.,195,2026-02-01 07:09:59.127918,SPNG,24.42,23.44,24.42,2660000.0,1676600.0,0,0
1.0,1.0,1.0,,Welcome to the RITC 2026 Alogithmic Market Making Case - practice server,,195,2026-02-01 07:09:59.127918,SMMR,25.59,25.52,25.55,1274000.0,2306800.0,0,0
,,,,,,195,2026-02-01 07:09:59.127918,ATMN,24.65,24.45,24.65,2721900.0,2231400.0,0,0
,,,,,,195,2026-02-01 07:09:59.127918,WNTR,24.74,24.39,24.67,1162500.0,2009500.0,0,0
2.0,1.0,1.0,,Aggregate Position Limit,Your CRO has set the aggregate position limit to 14000 shares for this week.,196,2026-02-01 07:10:00.151218,SPNG,23.86,23.82,23.86,2879100.0,1812800.0,0,0
1.0,1.0,1.0,,Welcome to the RITC 2026 Alogithmic Market Making Case - practice server,,196,2026-02-01 07:10:00.151218,SMMR,25.55,25.52,25.55,1385200.0,2287500.0,0,0
,,,,,,196,2026-02-01 07:10:00.151218,ATMN,24.51,24.45,24.51,2721900.0,2251500.0,0,0
,,,,,,196,2026-02-01 07:10:00.151218,WNTR,24.77,24.59,24.77,1494000.0,1908900.0,0,0
2.0,1.0,1.0,,Aggregate Position Limit,Your CRO has set the aggregate position limit to 14000 shares for this week.,197,2026-02-01 07:10:01.181946,SPNG,23.86,24.39,24.42,2734200.0,1925400.0,0,0
1.0,1.0,1.0,,Welcome to the RITC 2026 Alogithmic Market Making Case - practice server,,197,2026-02-01 07:10:01.181946,SMMR,25.55,25.52,25.55,1519700.0,2284500.0,0,0
,,,,,,197,2026-02-01 07:10:01.181946,ATMN,24.51,24.11,24.51,2595300.0,2251500.0,0,0
,,,,,,197,2026-02-01 07:10:01.181946,WNTR,24.27,24.36,24.66,1374800.0,2003500.0,0,0
