tick,timestamp,ticker,last_price,bid_price,ask_price,BUY_ANON,SELL_ANON,SELL_COLB-2,BUY_COLB-2
0,2026-02-02 00:01:43.400224,SPNG,0.0,0.0,0.0,2225500.0,1908200.0,0,0
0,2026-02-02 00:01:43.400224,SMMR,24.89,24.89,0.0,1942000.0,2240600.0,0,0
0,2026-02-02 00:01:43.400224,ATMN,25.3,0.0,25.3,1603500.0,2074600.0,0,0
0,2026-02-02 00:01:43.400224,WNTR,0.0,0.0,24.97,1915600.0,2376300.0,0,0
2.0,1.0,1.0,,Aggregate Position Limit,Your CRO has set the aggregate position limit to 12000 shares for this week.,1,2026-02-02 00:01:44.433949,SPNG,24.98,24.65,24.81,2242300.0,2125300.0,0,0
1.0,1.0,1.0,,Welcome to the RITC 2026 Alogithmic Market Making Case - practice server,,1,2026-02-02 00:01:44.433949,SMMR,24.89,24.92,24.95,2156200.0,2202400.0,0,0
,,,,,,1,2026-02-02 00:01:44.433949,ATMN,25.3,24.92,24.99,1603500.0,2103600.0,0,0
,,,,,,1,2026-02-02 00:01:44.433949,WNTR,25.02,24.93,25.02,2015500.0,2397800.0,0,0
2.0,1.0,1.0,,Aggregate Position Limit,Your CRO has set the aggregate position limit to 12000 shares for this week.,2,2026-02-02 00:01:45.473815,SPNG,24.97,24.65,24.87,2218300.0,2257700.0,0,0
1.0,1.0,1.0,,Welcome to the RITC 2026 Alogithmic Market Making Case - practice server,,2,2026-02-02 00:01:45.473815,SMMR,25.01,24.92,24.96,2265600.0,2231500.0,0,0
,,,,,,2,2026-02-02 00:01:45.473815,ATMN,24.99,25.22,25.24,1582700.0,2090900.0,0,0
,,,,,,2,2026-02-02 00:01:45.473815,WNTR,25.02,24.93,25.02,2249900.0,2397800.0,0,0
2.0,1.0,1.0,,Aggregate Position Limit,Your CRO has set the aggregate position limit to 12000 shares for this week.,3,2026-02-02 00:01:46.504310,SPNG,24.65,24.65,25.29,2227200.0,2135700.0,0,0
1.0,1.0,1.0,,Welcome to the RITC 2026 Alogithmic Market Making Case - practice server,,3,2026-02-02 00:01:46.504310,SMMR,24.99,25.03,25.07,2257800.0,2240600.0,0,0
,,,,,,3,2026-02-02 00:01:46.504310,ATMN,24.94,25.22,25.24,1615900.0,2090000.0,0,0
,,,,,,3,2026-02-02 00:01:46.504310,WNTR,25.02,24.93,25.02,2352400.0,2359700.0,0,0
2.0,1.0,1.0,,Aggregate Position Limit,Your CRO has set the aggregate position limit to 12000 shares for this week.,4,2026-02-02 00:01:47.539347,SPNG,25.06,25.06,25.2,2267500.0,2340500.0,0,0
1.0,1.0,1.0,,Welcome to the RITC 2026 Alogithmic Market Making Case - practice server,,4,2026-02-02 00:01:47.539347,SMMR,24.99,25.03,25.05,2279100.0,2268800.0,0,0
,,,,,,4,2026-02-02 00:01:47.539347,ATMN,25.22,24.77,24.86,1492900.0,2067200.0,0,0
,,,,,,4,2026-02-02 00:01:47.539347,WNTR,25.06,24.93,25.06,2232400.0,2364400.0,0,0
2.0,1.0,1.0,,Aggregate Position Limit,Your CRO has set the aggregate position limit to 12000 shares for this week.,5,2026-02-02 00:01:48.563883,SPNG,24.92,24.92,25.2,2306700.0,2340500.0,0,0
1.0,1.0,1.0,,Welcome to the RITC 2026 Alogithmic Market Making Case - practice server,,5,2026-02-02 00:01:48.563883,SMMR,25.03,24.92,25.01,2268500.0,2277800.0,0,0
,,,,,,5,2026-02-02 00:01:48.563883,ATMN,24.77,24.77,25.24,1600800.0,2069100.0,0,0
,,,,,,5,2026-02-02 00:01:48.563883,WNTR,24.89,24.89,25.06,2388300.0,2364400.0,0,0
2.0,1.0,1.0,,Aggregate Position Limit,Your CRO has set the aggregate position limit to 12000 shares for this week.,6,2026-02-02 00:01:49.593864,SPNG,24.89,25.08,25.42,2261900.0,2109600.0,0,0
1.0,1.0,1.0,,Welcome to the RITC 2026 Alogithmic Market Making Case - practice server,,6,2026-02-02 00:01:49.593864,SMMR,25.03,24.98,25.01,2259400.0,2325900.0,0,0
,,,,,,6,2026-02-02 00:01:49.593864,ATMN,24.77,24.77,25.06,1716200.0,2064900.0,0,0
,,,,,,6,2026-02-02 00:01:49.593864,WNTR,25.07,24.89,24.95,2362700.0,2369600.0,0,0
2.0,1.0,1.0,,Aggregate Position Limit,Your CRO has set the aggregate position limit to 12000 shares for this week.,7,2026-02-02 00:01:50.621999,SPNG,24.98,25.09,25.42,2278800.0,2342700.0,0,0
1.0,1.0,1.0,,Welcome to the RITC 2026 Alogithmic Market Making Case - practice server,,7,2026-02-02 00:01:50.621999,SMMR,24.92,24.92,24.99,2276400.0,2334700.0,0,0
,,,,,,7,2026-02-02 00:01:50.621999,ATMN,24.71,24.71,25.06,1825600.0,2064900.0,0,0
,,,,,,7,2026-02-02 00:01:50.621999,WNTR,24.88,24.88,24.95,2287600.0,2369600.0,0,0
2.0,1.0,1.0,,Aggregate Position Limit,Your CRO has set the aggregate position limit to 12000 shares for this week.,8,2026-02-02 00:01:51.647985,SPNG,25.24,24.65,25.24,2227200.0,2359000.0,0,0
1.0,1.0,1.0,,Welcome to the RITC 2026 Alogithmic Market Making Case - practice server,,8,2026-02-02 00:01:51.647985,SMMR,25.02,24.92,25.02,2276400.0,2329700.0,0,0
,,,,,,8,2026-02-02 00:01:51.647985,ATMN,24.71,24.73,24.97,2033900.0,2052600.0,0,0
,,,,,,8,2026-02-02 00:01:51.647985,WNTR,24.95,24.91,24.92,2418700.0,2413100.0,0,0
2.0,1.0,1.0,,Aggregate Position Limit,Your CRO has set the aggregate position limit to 12000 shares for this week.,9,2026-02-02 00:01:52.679191,SPNG,24.64,24.64,25.24,2207900.0,2359000.0,,
1.0,1.0,1.0,,Welcome to the RITC 2026 Alogithmic Market Making Case - practice server,,9,2026-02-02 00:01:52.679191,SMMR,24.93,24.93,24.99,2245500.0,2214600.0,2000.0,
,,,,,,9,2026-02-02 00:01:52.679191,ATMN,25.08,24.82,25.08,1932400.0,2091100.0,,2000.0
,,,,,,9,2026-02-02 00:01:52.679191,WNTR,24.93,24.91,24.93,2280100.0,2390700.0,,2000.0
2.0,1.0,1.0,,Aggregate Position Limit,Your CRO has set the aggregate position limit to 12000 shares for this week.,10,2026-02-02 00:01:53.704419,SPNG,24.98,24.91,24.98,2229800.0,2236900.0,2000.0,
1.0,1.0,1.0,,Welcome to the RITC 2026 Alogithmic Market Making Case - practice server,,10,2026-02-02 00:01:53.704419,SMMR,25.04,24.93,25.04,2269600.0,2301300.0,,
,,,,,,10,2026-02-02 00:01:53.704419,ATMN,24.71,24.71,25.07,1919700.0,2094100.0,,
,,,,,,10,2026-02-02 00:01:53.704419,WNTR,24.94,24.94,24.95,2252900.0,2369600.0,,2000.0
2.0,1.0,1.0,,Aggregate Position Limit,Your CRO has set the aggregate position limit to 12000 shares for this week.,11,2026-02-02 00:01:54.737800,SPNG,24.91,24.91,25.08,2229800.0,2360700.0,,0
1.0,1.0,1.0,,Welcome to the RITC 2026 Alogithmic Market Making Case - practice server,,11,2026-02-02 00:01:54.737800,SMMR,24.93,24.93,25.07,2270000.0,2273600.0,,0
,,,,,,11,2026-02-02 00:01:54.737800,ATMN,25.0,25.0,25.07,2019600.0,2083000.0,2000.0,0
,,,,,,11,2026-02-02 00:01:54.737800,WNTR,25.03,24.94,25.03,2222700.0,2349200.0,2000.0,0
2.0,1.0,1.0,,Aggregate Position Limit,Your CRO has set the aggregate position limit to 12000 shares for this week.,12,2026-02-02 00:01:55.774025,SPNG,25.24,24.98,25.24,2244800.0,2363900.0,,0
1.0,1.0,1.0,,Welcome to the RITC 2026 Alogithmic Market Making Case - practice server,,12,2026-02-02 00:01:55.774025,SMMR,25.08,25.06,25.08,2318200.0,2257900.0,,0
,,,,,,12,2026-02-02 00:01:55.774025,ATMN,25.08,24.68,25.08,1939800.0,2086500.0,,0
,,,,,,12,2026-02-02 00:01:55.774025,WNTR,25.1,24.97,25.1,2061200.0,2325600.0,4000.0,0
2.0,1.0,1.0,,Aggregate Position Limit,Your CRO has set the aggregate position limit to 12000 shares for this week.,13,2026-02-02 00:01:56.793544,SPNG,25.04,24.98,25.04,2244800.0,2249700.0,2000.0,
1.0,1.0,1.0,,Welcome to the RITC 2026 Alogithmic Market Making Case - practice server,,13,2026-02-02 00:01:56.793544,SMMR,24.96,24.93,24.96,2309400.0,2193700.0,2000.0,
,,,,,,13,2026-02-02 00:01:56.793544,ATMN,24.78,24.78,25.08,2142100.0,2086500.0,,
,,,,,,13,2026-02-02 00:01:56.793544,WNTR,24.95,24.95,25.1,2200600.0,2325600.0,,2000.0
2.0,1.0,1.0,,Aggregate Position Limit,Your CRO has set the aggregate position limit to 12000 shares for this week.,14,2026-02-02 00:01:57.823884,SPNG,25.14,25.17,25.24,2250500.0,2368000.0,,
1.0,1.0,1.0,,Welcome to the RITC 2026 Alogithmic Market Making Case - practice server,,14,2026-02-02 00:01:57.823884,SMMR,24.96,24.93,24.96,2315800.0,2193700.0,2000.0,
,,,,,,14,2026-02-02 00:01:57.823884,ATMN,24.59,24.59,24.95,1994200.0,1973400.0,2000.0,
,,,,,,14,2026-02-02 00:01:57.823884,WNTR,25.13,25.08,25.13,2035000.0,2302500.0,,4000.0
2.0,1.0,1.0,,Aggregate Position Limit,Your CRO has set the aggregate position limit to 12000 shares for this week.,15,2026-02-02 00:01:58.846967,SPNG,24.61,25.1,25.14,2124400.0,2000.0,2000.0,2243700.0
1.0,1.0,1.0,,Welcome to the RITC 2026 Alogithmic Market Making Case - practice server,,15,2026-02-02 00:01:58.846967,SMMR,25.13,25.06,25.13,2302000.0,,,2288200.0
,,,,,,15,2026-02-02 00:01:58.846967,ATMN,24.59,24.89,24.95,2125100.0,,2000.0,1973400.0
,,,,,,15,2026-02-02 00:01:58.846967,WNTR,25.17,25.08,25.17,2035000.0,4000.0,,2250200.0
2.0,1.0,1.0,,Aggregate Position Limit,Your CRO has set the aggregate position limit to 12000 shares for this week.,16,2026-02-02 00:01:59.874336,SPNG,25.37,25.05,25.37,2234400.0,2379000.0,,
1.0,1.0,1.0,,Welcome to the RITC 2026 Alogithmic Market Making Case - practice server,,16,2026-02-02 00:01:59.874336,SMMR,25.19,24.93,25.19,2313300.0,2279400.0,,
,,,,,,16,2026-02-02 00:01:59.874336,ATMN,24.73,24.73,24.93,2140200.0,1882900.0,4000.0,
,,,,,,16,2026-02-02 00:01:59.874336,WNTR,24.94,24.94,25.17,2189200.0,2250200.0,,2000.0
2.0,1.0,1.0,,Aggregate Position Limit,Your CRO has set the aggregate position limit to 12000 shares for this week.,18,2026-02-02 00:02:01.529706,SPNG,25.05,24.61,24.98,2338000.0,2271400.0,2000.0,
1.0,1.0,1.0,,Welcome to the RITC 2026 Alogithmic Market Making Case - practice server,,18,2026-02-02 00:02:01.529706,SMMR,24.97,24.97,25.01,2189900.0,2181500.0,1987.0,2000.0
,,,,,,18,2026-02-02 00:02:01.529706,ATMN,24.9,24.9,25.08,2029500.0,1974400.0,1998.0,2000.0
,,,,,,18,2026-02-02 00:02:01.529706,WNTR,25.2,24.94,25.02,2150800.0,2277600.0,,2000.0
2.0,1.0,1.0,,Aggregate Position Limit,Your CRO has set the aggregate position limit to 12000 shares for this week.,21,2026-02-02 00:02:04.631879,SPNG,25.26,24.85,25.26,2272600.0,1840.0,2381500.0,
1.0,1.0,1.0,,Welcome to the RITC 2026 Alogithmic Market Making Case - practice server,,21,2026-02-02 00:02:04.631879,SMMR,24.92,24.92,24.98,2325500.0,,2099100.0,3974.0
,,,,,,21,2026-02-02 00:02:04.631879,ATMN,24.57,24.57,24.95,2124800.0,,1886200.0,3998.0
,,,,,,21,2026-02-02 00:02:04.631879,WNTR,24.91,24.91,25.2,2179700.0,2000.0,2187600.0,2000.0
2.0,1.0,1.0,,Aggregate Position Limit,Your CRO has set the aggregate position limit to 12000 shares for this week.,23,2026-02-02 00:02:06.956699,SPNG,25.13,24.76,25.13,2359600.0,2263000.0,1840.0,
1.0,1.0,1.0,,Welcome to the RITC 2026 Alogithmic Market Making Case - practice server,,23,2026-02-02 00:02:06.956699,SMMR,25.04,25.09,25.13,2249700.0,2187400.0,2000.0,1692.0
,,,,,,23,2026-02-02 00:02:06.956699,ATMN,24.68,24.71,24.92,2128800.0,1886200.0,3998.0,
,,,,,,23,2026-02-02 00:02:06.956699,WNTR,24.98,24.93,24.98,2221700.0,2148200.0,2000.0,2000.0
2.0,1.0,1.0,,Aggregate Position Limit,Your CRO has set the aggregate position limit to 12000 shares for this week.,25,2026-02-02 00:02:08.084561,SPNG,25.13,24.95,25.13,2349200.0,2263000.0,1840.0,
1.0,1.0,1.0,,Welcome to the RITC 2026 Alogithmic Market Making Case - practice server,,25,2026-02-02 00:02:08.084561,SMMR,24.91,24.91,24.95,2332300.0,2217600.0,2000.0,
,,,,,,25,2026-02-02 00:02:08.084561,ATMN,24.96,24.77,24.96,2005100.0,1855800.0,3998.0,1694.0
,,,,,,25,2026-02-02 00:02:08.084561,WNTR,25.02,25.02,25.07,2191600.0,2049400.0,4000.0,2000.0
2.0,1.0,1.0,,Aggregate Position Limit,Your CRO has set the aggregate position limit to 12000 shares for this week.,26,2026-02-02 00:02:09.175555,SPNG,25.13,25.0,25.06,1852.0,2224000.0,3840.0,2116500.0
1.0,1.0,1.0,,Welcome to the RITC 2026 Alogithmic Market Making Case - practice server,,26,2026-02-02 00:02:09.175555,SMMR,24.92,24.91,24.92,,2327100.0,2000.0,2179500.0
,,,,,,26,2026-02-02 00:02:09.175555,ATMN,24.96,24.91,24.96,1694.0,1992100.0,3998.0,1855800.0
,,,,,,26,2026-02-02 00:02:09.175555,WNTR,25.26,24.99,25.26,2000.0,2201700.0,,2261400.0
2.0,1.0,1.0,,Aggregate Position Limit,Your CRO has set the aggregate position limit to 12000 shares for this week.,27,2026-02-02 00:02:10.323908,SPNG,25.26,25.07,25.08,2245300.0,1852.0,2432200.0,
1.0,1.0,1.0,,Welcome to the RITC 2026 Alogithmic Market Making Case - practice server,,27,2026-02-02 00:02:10.323908,SMMR,25.05,25.17,25.21,2333500.0,,2258600.0,
,,,,,,27,2026-02-02 00:02:10.323908,ATMN,24.76,24.76,24.95,2119600.0,,1750500.0,5998.0
,,,,,,27,2026-02-02 00:02:10.323908,WNTR,25.16,25.16,25.21,2106500.0,3809.0,2268300.0,
2.0,1.0,1.0,,Aggregate Position Limit,Your CRO has set the aggregate position limit to 12000 shares for this week.,28,2026-02-02 00:02:11.357619,SPNG,25.08,25.07,25.08,2118100.0,3852.0,2294800.0,1840.0
1.0,1.0,1.0,,Welcome to the RITC 2026 Alogithmic Market Making Case - practice server,,28,2026-02-02 00:02:11.357619,SMMR,25.17,24.91,24.92,2327100.0,,2286600.0,
,,,,,,28,2026-02-02 00:02:11.357619,ATMN,25.01,24.76,24.83,2119600.0,,1967600.0,1998.0
,,,,,,28,2026-02-02 00:02:11.357619,WNTR,25.16,24.99,25.1,2201700.0,2000.0,2200400.0,2000.0
2.0,1.0,1.0,,Aggregate Position Limit,Your CRO has set the aggregate position limit to 12000 shares for this week.,29,2026-02-02 00:02:12.390341,SPNG,24.89,24.89,25.03,2362400.0,2293700.0,1840.0,
1.0,1.0,1.0,,Welcome to the RITC 2026 Alogithmic Market Making Case - practice server,,29,2026-02-02 00:02:12.390341,SMMR,24.92,24.92,24.94,2248600.0,2151700.0,1954.0,2000.0
,,,,,,29,2026-02-02 00:02:12.390341,ATMN,24.64,24.64,24.65,2048000.0,1954900.0,1998.0,1570.0
,,,,,,29,2026-02-02 00:02:12.390341,WNTR,24.99,24.93,24.99,2228600.0,2225100.0,2000.0,2000.0
2.0,1.0,1.0,,Aggregate Position Limit,Your CRO has set the aggregate position limit to 12000 shares for this week.,30,2026-02-02 00:02:13.421406,SPNG,24.81,24.81,25.09,2352300.0,2295600.0,1840.0,
1.0,1.0,1.0,,Welcome to the RITC 2026 Alogithmic Market Making Case - practice server,,30,2026-02-02 00:02:13.421406,SMMR,24.94,24.96,25.06,2234500.0,2239600.0,,2000.0
,,,,,,30,2026-02-02 00:02:13.421406,ATMN,24.64,24.64,24.65,2062600.0,1954900.0,1998.0,1570.0
,,,,,,30,2026-02-02 00:02:13.421406,WNTR,24.93,24.93,25.1,2228600.0,2200400.0,2000.0,2000.0
2.0,1.0,1.0,,Aggregate Position Limit,Your CRO has set the aggregate position limit to 12000 shares for this week.,31,2026-02-02 00:02:14.453282,SPNG,25.12,25.15,25.26,2356000.0,2430800.0,,
1.0,1.0,1.0,,Welcome to the RITC 2026 Alogithmic Market Making Case - practice server,,31,2026-02-02 00:02:14.453282,SMMR,24.94,24.98,25.06,2086500.0,2140300.0,4000.0,1798.0
,,,,,,31,2026-02-02 00:02:14.453282,ATMN,24.64,24.64,24.65,2087800.0,1954900.0,1570.0,1998.0
,,,,,,31,2026-02-02 00:02:14.453282,WNTR,24.93,24.96,25.0,2253700.0,2219400.0,2000.0,2000.0
2.0,1.0,1.0,,Aggregate Position Limit,Your CRO has set the aggregate position limit to 12000 shares for this week.,32,2026-02-02 00:02:15.503671,SPNG,25.15,24.76,25.12,2330900.0,2412200.0,,
1.0,1.0,1.0,,Welcome to the RITC 2026 Alogithmic Market Making Case - practice server,,32,2026-02-02 00:02:15.503671,SMMR,24.92,24.92,25.06,2223600.0,2156300.0,2000.0,1798.0
,,,,,,32,2026-02-02 00:02:15.503671,ATMN,25.01,25.01,25.02,1953300.0,1939400.0,3570.0,1998.0
,,,,,,32,2026-02-02 00:02:15.503671,WNTR,24.96,24.99,25.0,2144600.0,2219400.0,4000.0,2000.0
2.0,1.0,1.0,,Aggregate Position Limit,Your CRO has set the aggregate position limit to 12000 shares for this week.,33,2026-02-02 00:02:16.554043,SPNG,25.23,25.0,25.02,2205700.0,2000.0,1989.0,2311600.0
1.0,1.0,1.0,,Welcome to the RITC 2026 Alogithmic Market Making Case - practice server,,33,2026-02-02 00:02:16.554043,SMMR,24.92,24.92,25.1,2201100.0,2000.0,,2253500.0
,,,,,,33,2026-02-02 00:02:16.554043,ATMN,24.85,24.64,24.85,1952500.0,3570.0,1998.0,2011100.0
,,,,,,33,2026-02-02 00:02:16.554043,WNTR,24.99,24.99,25.1,2188400.0,4000.0,2000.0,2215600.0
2.0,1.0,1.0,,Aggregate Position Limit,Your CRO has set the aggregate position limit to 12000 shares for this week.,34,2026-02-02 00:02:17.596165,SPNG,25.0,24.9,24.95,2000.0,2224000.0,2428800.0,
1.0,1.0,1.0,,Welcome to the RITC 2026 Alogithmic Market Making Case - practice server,,34,2026-02-02 00:02:17.596165,SMMR,24.91,24.91,25.05,2000.0,2226100.0,2153500.0,1814.0
,,,,,,34,2026-02-02 00:02:17.596165,ATMN,24.88,24.72,24.88,5570.0,1832000.0,1992400.0,1998.0
,,,,,,34,2026-02-02 00:02:17.596165,WNTR,24.99,25.03,25.1,4000.0,2183200.0,2215600.0,2000.0
2.0,1.0,1.0,,Aggregate Position Limit,Your CRO has set the aggregate position limit to 12000 shares for this week.,35,2026-02-02 00:02:18.671830,SPNG,25.33,24.99,25.33,2000.0,2251200.0,2431700.0,
1.0,1.0,1.0,,Welcome to the RITC 2026 Alogithmic Market Making Case - practice server,,35,2026-02-02 00:02:18.671830,SMMR,25.06,25.03,25.06,2000.0,2218800.0,2167700.0,1814.0
,,,,,,35,2026-02-02 00:02:18.671830,ATMN,24.64,24.64,24.86,3570.0,1952500.0,2062800.0,
,,,,,,35,2026-02-02 00:02:18.671830,WNTR,25.05,25.04,25.05,6000.0,2093900.0,2128400.0,3876.0
2.0,1.0,1.0,,Aggregate Position Limit,Your CRO has set the aggregate position limit to 12000 shares for this week.,36,2026-02-02 00:02:19.703281,SPNG,25.4,25.1,25.4,2273200.0,2000.0,2392100.0,0
1.0,1.0,1.0,,Welcome to the RITC 2026 Alogithmic Market Making Case - practice server,,36,2026-02-02 00:02:19.703281,SMMR,25.12,24.91,25.12,2226900.0,2000.0,2267200.0,0
,,,,,,36,2026-02-02 00:02:19.703281,ATMN,24.92,24.64,24.92,1952500.0,3570.0,2066000.0,0
,,,,,,36,2026-02-02 00:02:19.703281,WNTR,25.19,25.2,25.21,2168500.0,4000.0,2308600.0,0
2.0,1.0,1.0,,Aggregate Position Limit,Your CRO has set the aggregate position limit to 12000 shares for this week.,37,2026-02-02 00:02:20.733252,SPNG,25.39,25.39,25.4,2382600.0,2392100.0,,
1.0,1.0,1.0,,Welcome to the RITC 2026 Alogithmic Market Making Case - practice server,,37,2026-02-02 00:02:20.733252,SMMR,25.07,25.01,25.05,2255200.0,2273100.0,2000.0,
,,,,,,37,2026-02-02 00:02:20.733252,ATMN,24.92,24.75,24.85,1814000.0,1939900.0,5570.0,1650.0
,,,,,,37,2026-02-02 00:02:20.733252,WNTR,25.21,25.02,25.09,2076200.0,2191200.0,6000.0,1876.0
2.0,1.0,1.0,,Aggregate Position Limit,Your CRO has set the aggregate position limit to 12000 shares for this week.,38,2026-02-02 00:02:21.795504,SPNG,24.84,24.84,25.32,2392400.0,2253500.0,1990.0,
1.0,1.0,1.0,,Welcome to the RITC 2026 Alogithmic Market Making Case - practice server,,38,2026-02-02 00:02:21.795504,SMMR,25.01,25.01,25.12,2133100.0,2267200.0,,4000.0
,,,,,,38,2026-02-02 00:02:21.795504,ATMN,24.92,24.97,25.02,1776500.0,2041300.0,,5570.0
,,,,,,38,2026-02-02 00:02:21.795504,WNTR,25.11,25.12,25.21,2203700.0,2308600.0,,4000.0
2.0,1.0,1.0,,Aggregate Position Limit,Your CRO has set the aggregate position limit to 12000 shares for this week.,39,2026-02-02 00:02:22.823986,SPNG,25.25,24.84,24.9,2392400.0,2260600.0,1990.0,
1.0,1.0,1.0,,Welcome to the RITC 2026 Alogithmic Market Making Case - practice server,,39,2026-02-02 00:02:22.823986,SMMR,25.01,25.01,25.07,2124200.0,2162500.0,1837.0,4000.0
,,,,,,39,2026-02-02 00:02:22.823986,ATMN,24.75,24.75,25.02,1869700.0,1938200.0,1650.0,3570.0
,,,,,,39,2026-02-02 00:02:22.823986,WNTR,24.95,24.95,25.23,2274400.0,2327300.0,,2000.0
2.0,1.0,1.0,,Aggregate Position Limit,Your CRO has set the aggregate position limit to 12000 shares for this week.,40,2026-02-02 00:02:23.863337,SPNG,24.8,25.05,25.17,1849.0,2235800.0,3990.0,2144900.0
1.0,1.0,1.0,,Welcome to the RITC 2026 Alogithmic Market Making Case - practice server,,40,2026-02-02 00:02:23.863337,SMMR,24.99,24.94,24.99,2000.0,2221900.0,1837.0,2183400.0
,,,,,,40,2026-02-02 00:02:23.863337,ATMN,24.75,24.75,24.94,3570.0,1896200.0,1650.0,1946700.0
,,,,,,40,2026-02-02 00:02:23.863337,WNTR,25.07,24.95,25.07,2000.0,2274400.0,1726.0,2213100.0
2.0,1.0,1.0,,Aggregate Position Limit,Your CRO has set the aggregate position limit to 12000 shares for this week.,41,2026-02-02 00:02:24.895575,SPNG,24.72,24.95,25.17,2353300.0,3990.0,2144900.0,
1.0,1.0,1.0,,Welcome to the RITC 2026 Alogithmic Market Making Case - practice server,,41,2026-02-02 00:02:24.895575,SMMR,24.99,24.99,25.0,2043500.0,3834.0,2054300.0,4000.0
,,,,,,41,2026-02-02 00:02:24.895575,ATMN,24.64,24.6,24.64,2025800.0,1650.0,1983400.0,1570.0
,,,,,,41,2026-02-02 00:02:24.895575,WNTR,25.07,25.03,25.07,2311100.0,1726.0,2213100.0,2000.0
2.0,1.0,1.0,,Aggregate Position Limit,Your CRO has set the aggregate position limit to 12000 shares for this week.,42,2026-02-02 00:02:25.919763,SPNG,24.72,25.16,25.17,2340200.0,3990.0,2144900.0,
1.0,1.0,1.0,,Welcome to the RITC 2026 Alogithmic Market Making Case - practice server,,42,2026-02-02 00:02:25.919763,SMMR,25.15,24.99,25.07,2062700.0,,2266000.0,4000.0
,,,,,,42,2026-02-02 00:02:25.919763,ATMN,24.64,24.6,24.64,2025700.0,3488.0,1872800.0,1570.0
,,,,,,42,2026-02-02 00:02:25.919763,WNTR,25.1,25.1,25.23,2205500.0,,2327300.0,4000.0
2.0,1.0,1.0,,Aggregate Position Limit,Your CRO has set the aggregate position limit to 12000 shares for this week.,43,2026-02-02 00:02:26.966086,SPNG,24.83,24.83,25.17,2355300.0,5990.0,2007000.0,
1.0,1.0,1.0,,Welcome to the RITC 2026 Alogithmic Market Making Case - practice server,,43,2026-02-02 00:02:26.966086,SMMR,24.99,24.99,25.07,2077400.0,,2281900.0,4000.0
,,,,,,43,2026-02-02 00:02:26.966086,ATMN,24.56,24.56,24.94,2176700.0,1650.0,1946700.0,
,,,,,,43,2026-02-02 00:02:26.966086,WNTR,25.26,25.1,25.26,2205500.0,,2304200.0,4000.0
2.0,1.0,1.0,,Aggregate Position Limit,Your CRO has set the aggregate position limit to 12000 shares for this week.,44,2026-02-02 00:02:27.986243,SPNG,25.3,24.83,25.3,2355300.0,2259900.0,1990.0,
1.0,1.0,1.0,,Welcome to the RITC 2026 Alogithmic Market Making Case - practice server,,44,2026-02-02 00:02:27.986243,SMMR,25.13,24.99,25.13,2087500.0,2289700.0,,4000.0
,,,,,,44,2026-02-02 00:02:27.986243,ATMN,24.56,24.69,24.79,2019800.0,1870800.0,3650.0,1842.0
,,,,,,44,2026-02-02 00:02:27.986243,WNTR,25.27,25.25,25.27,2199000.0,2281700.0,,4000.0
2.0,1.0,1.0,,Aggregate Position Limit,Your CRO has set the aggregate position limit to 12000 shares for this week.,45,2026-02-02 00:02:29.013088,SPNG,24.83,24.72,24.8,2344400.0,2151900.0,3990.0,
1.0,1.0,1.0,,Welcome to the RITC 2026 Alogithmic Market Making Case - practice server,,45,2026-02-02 00:02:29.013088,SMMR,25.0,25.12,25.13,2096200.0,2275700.0,,4000.0
,,,,,,45,2026-02-02 00:02:29.013088,ATMN,24.81,24.77,24.81,2010700.0,1990200.0,1650.0,1842.0
,,,,,,45,2026-02-02 00:02:29.013088,WNTR,25.27,25.27,25.29,2220200.0,2150200.0,1918.0,4000.0
2.0,1.0,1.0,,Aggregate Position Limit,Your CRO has set the aggregate position limit to 12000 shares for this week.,46,2026-02-02 00:02:30.046971,SPNG,24.83,24.72,24.8,2399000.0,2151900.0,3990.0,
1.0,1.0,1.0,,Welcome to the RITC 2026 Alogithmic Market Making Case - practice server,,46,2026-02-02 00:02:30.046971,SMMR,25.11,24.99,25.11,2087500.0,2164800.0,1715.0,4000.0
,,,,,,46,2026-02-02 00:02:30.046971,ATMN,25.02,24.69,25.02,1924300.0,1975800.0,1650.0,3842.0
,,,,,,46,2026-02-02 00:02:30.046971,WNTR,25.27,25.1,25.12,2204500.0,2149800.0,1918.0,4000.0
2.0,1.0,1.0,,Aggregate Position Limit,Your CRO has set the aggregate position limit to 12000 shares for this week.,47,2026-02-02 00:02:31.072819,SPNG,24.8,24.72,24.8,2393200.0,2151900.0,3990.0,
1.0,1.0,1.0,,Welcome to the RITC 2026 Alogithmic Market Making Case - practice server,,47,2026-02-02 00:02:31.072819,SMMR,25.11,24.99,25.11,2087500.0,2156200.0,1715.0,4000.0
,,,,,,47,2026-02-02 00:02:31.072819,ATMN,25.02,24.69,24.83,1924300.0,2031500.0,1650.0,3842.0
,,,,,,47,2026-02-02 00:02:31.072819,WNTR,25.1,25.19,25.28,2222500.0,2041300.0,3684.0,4000.0
2.0,1.0,1.0,,Aggregate Position Limit,Your CRO has set the aggregate position limit to 12000 shares for this week.,48,2026-02-02 00:02:32.103110,SPNG,24.8,24.74,24.8,2262500.0,1734.0,2019400.0,5990.0
1.0,1.0,1.0,,Welcome to the RITC 2026 Alogithmic Market Making Case - practice server,,48,2026-02-02 00:02:32.103110,SMMR,24.96,25.03,25.1,1952900.0,6000.0,2022700.0,3590.0
,,,,,,48,2026-02-02 00:02:32.103110,ATMN,24.83,24.56,24.83,2168700.0,,2031500.0,1650.0
,,,,,,48,2026-02-02 00:02:32.103110,WNTR,25.3,25.19,25.3,2222800.0,4000.0,2156100.0,1918.0
2.0,1.0,1.0,,Aggregate Position Limit,Your CRO has set the aggregate position limit to 12000 shares for this week.,50,2026-02-02 00:02:33.143075,SPNG,24.74,24.74,25.32,2262500.0,1734.0,2242900.0,1990.0
1.0,1.0,1.0,,Welcome to the RITC 2026 Alogithmic Market Making Case - practice server,,50,2026-02-02 00:02:33.143075,SMMR,25.16,25.03,25.11,1944100.0,6000.0,2170400.0,1715.0
,,,,,,50,2026-02-02 00:02:33.143075,ATMN,25.04,24.66,24.76,2054600.0,2000.0,1857700.0,3468.0
,,,,,,50,2026-02-02 00:02:33.143075,WNTR,25.32,25.2,25.24,2104900.0,5913.0,2267200.0,
2.0,1.0,1.0,,Aggregate Position Limit,Your CRO has set the aggregate position limit to 12000 shares for this week.,51,2026-02-02 00:02:34.182247,SPNG,25.4,24.97,25.1,3734.0,2142500.0,3935.0,2149300.0
1.0,1.0,1.0,,Welcome to the RITC 2026 Alogithmic Market Making Case - practice server,,51,2026-02-02 00:02:34.182247,SMMR,25.03,24.96,25.01,4000.0,2057500.0,1715.0,2165400.0
,,,,,,51,2026-02-02 00:02:34.182247,ATMN,24.76,24.8,25.03,2000.0,2057300.0,1650.0,1945700.0
,,,,,,51,2026-02-02 00:02:34.182247,WNTR,25.24,25.21,25.24,5913.0,2086500.0,2000.0,2150100.0
2.0,1.0,1.0,,Aggregate Position Limit,Your CRO has set the aggregate position limit to 12000 shares for this week.,52,2026-02-02 00:02:35.223638,SPNG,25.4,24.99,25.4,2123500.0,3734.0,2281100.0,1990.0
1.0,1.0,1.0,,Welcome to the RITC 2026 Alogithmic Market Making Case - practice server,,52,2026-02-02 00:02:35.223638,SMMR,25.01,24.97,25.01,1948300.0,6000.0,2064000.0,3440.0
,,,,,,52,2026-02-02 00:02:35.223638,ATMN,24.75,24.66,24.75,2074700.0,2000.0,1872000.0,3650.0
,,,,,,52,2026-02-02 00:02:35.223638,WNTR,25.32,25.3,25.32,2082800.0,5913.0,2263500.0,
2.0,1.0,1.0,,Aggregate Position Limit,Your CRO has set the aggregate position limit to 12000 shares for this week.,53,2026-02-02 00:02:36.262858,SPNG,25.14,24.99,25.14,2123500.0,3734.0,2252700.0,1990.0
1.0,1.0,1.0,,Welcome to the RITC 2026 Alogithmic Market Making Case - practice server,,53,2026-02-02 00:02:36.262858,SMMR,25.01,24.97,25.01,1951300.0,6000.0,2064000.0,3440.0
,,,,,,53,2026-02-02 00:02:36.262858,ATMN,24.75,24.81,24.96,2069400.0,2000.0,1858600.0,3650.0
,,,,,,53,2026-02-02 00:02:36.262858,WNTR,25.29,25.21,25.22,2054100.0,5913.0,2197900.0,1791.0
2.0,1.0,1.0,,Aggregate Position Limit,Your CRO has set the aggregate position limit to 12000 shares for this week.,54,2026-02-02 00:02:37.322560,SPNG,25.14,24.99,25.14,2095700.0,3734.0,2137200.0,3780.0
1.0,1.0,1.0,,Welcome to the RITC 2026 Alogithmic Market Making Case - practice server,,54,2026-02-02 00:02:37.322560,SMMR,25.04,25.04,25.07,1978900.0,6000.0,2148700.0,1715.0
,,,,,,54,2026-02-02 00:02:37.322560,ATMN,24.74,24.74,24.96,2080500.0,2000.0,1833400.0,3650.0
,,,,,,54,2026-02-02 00:02:37.322560,WNTR,25.32,25.26,25.32,2016800.0,5913.0,2146100.0,1791.0
2.0,1.0,1.0,,Aggregate Position Limit,Your CRO has set the aggregate position limit to 12000 shares for this week.,55,2026-02-02 00:02:38.396350,SPNG,25.4,24.99,25.4,2097700.0,3734.0,2298200.0,1990.0
1.0,1.0,1.0,,Welcome to the RITC 2026 Alogithmic Market Making Case - practice server,,55,2026-02-02 00:02:38.396350,SMMR,25.11,25.09,25.11,1978800.0,6000.0,2144700.0,1715.0
,,,,,,55,2026-02-02 00:02:38.396350,ATMN,24.58,24.58,24.89,2187400.0,,1691300.0,5650.0
,,,,,,55,2026-02-02 00:02:38.396350,WNTR,25.26,25.26,25.32,1996500.0,5913.0,2043700.0,3582.0
2.0,1.0,1.0,,Aggregate Position Limit,Your CRO has set the aggregate position limit to 12000 shares for this week.,56,2026-02-02 00:02:39.442552,SPNG,25.36,25.14,25.36,5176.0,1956300.0,2317400.0,1990.0
1.0,1.0,1.0,,Welcome to the RITC 2026 Alogithmic Market Making Case - practice server,,56,2026-02-02 00:02:39.442552,SMMR,25.11,25.12,25.16,5442.0,1988100.0,2128000.0,1715.0
,,,,,,56,2026-02-02 00:02:39.442552,ATMN,24.56,24.63,24.89,,2176100.0,1691300.0,5650.0
,,,,,,56,2026-02-02 00:02:39.442552,WNTR,25.26,25.25,25.26,5913.0,1987400.0,2045800.0,3582.0
2.0,1.0,1.0,,Aggregate Position Limit,Your CRO has set the aggregate position limit to 12000 shares for this week.,57,2026-02-02 00:02:40.492734,SPNG,24.86,24.86,25.36,2262200.0,1734.0,2317400.0,1990.0
1.0,1.0,1.0,,Welcome to the RITC 2026 Alogithmic Market Making Case - practice server,,57,2026-02-02 00:02:40.492734,SMMR,25.12,25.04,25.05,2083700.0,4000.0,2003600.0,3157.0
,,,,,,57,2026-02-02 00:02:40.492734,ATMN,24.96,24.69,24.96,2065000.0,1442.0,1944000.0,1650.0
,,,,,,57,2026-02-02 00:02:40.492734,WNTR,25.32,25.25,25.32,1987400.0,5913.0,2014800.0,3582.0
2.0,1.0,1.0,,Aggregate Position Limit,Your CRO has set the aggregate position limit to 12000 shares for this week.,58,2026-02-02 00:02:41.523702,SPNG,24.71,24.71,25.36,2237900.0,1734.0,2317400.0,1990.0
1.0,1.0,1.0,,Welcome to the RITC 2026 Alogithmic Market Making Case - practice server,,58,2026-02-02 00:02:41.523702,SMMR,25.08,25.12,25.16,2087500.0,4000.0,1986700.0,3157.0
,,,,,,58,2026-02-02 00:02:41.523702,ATMN,24.69,24.69,25.03,2065000.0,1442.0,1947800.0,1650.0
,,,,,,58,2026-02-02 00:02:41.523702,WNTR,25.33,25.26,25.32,1867800.0,7355.0,2022400.0,3582.0
2.0,1.0,1.0,,Aggregate Position Limit,Your CRO has set the aggregate position limit to 12000 shares for this week.,59,2026-02-02 00:02:42.562751,SPNG,25.42,24.71,25.42,2220800.0,1734.0,2291200.0,1990.0
1.0,1.0,1.0,,Welcome to the RITC 2026 Alogithmic Market Making Case - practice server,,59,2026-02-02 00:02:42.562751,SMMR,25.1,25.04,25.08,2083700.0,4000.0,1888400.0,5157.0
,,,,,,59,2026-02-02 00:02:42.562751,ATMN,24.6,24.76,25.03,2051600.0,1995.0,1956700.0,1650.0
,,,,,,59,2026-02-02 00:02:42.562751,WNTR,25.33,25.26,25.32,1867800.0,7355.0,2029300.0,3582.0
2.0,1.0,1.0,,Aggregate Position Limit,Your CRO has set the aggregate position limit to 12000 shares for this week.,60,2026-02-02 00:02:43.587698,SPNG,25.46,26.4,26.45,904500.0,1734.0,862400.0,
1.0,1.0,1.0,,Welcome to the RITC 2026 Alogithmic Market Making Case - practice server,,60,2026-02-02 00:02:43.587698,SMMR,25.04,24.93,25.05,955900.0,4000.0,848500.0,5157.0
,,,,,,60,2026-02-02 00:02:43.587698,ATMN,24.86,24.84,24.94,862200.0,,794400.0,1650.0
,,,,,,60,2026-02-02 00:02:43.587698,WNTR,25.34,25.27,25.33,200000.0,9355.0,,3627.0
2.0,1.0,1.0,,Aggregate Position Limit,Your CRO has set the aggregate position limit to 12000 shares for this week.,61,2026-02-02 00:02:44.605905,SPNG,25.46,26.4,26.45,904500.0,3734.0,1268700.0,1810.0
1.0,1.0,1.0,,Welcome to the RITC 2026 Alogithmic Market Making Case - practice server,,61,2026-02-02 00:02:44.605905,SMMR,24.55,24.55,24.89,934200.0,,1192800.0,5157.0
,,,,,,61,2026-02-02 00:02:44.605905,ATMN,24.84,24.84,24.94,849700.0,,913900.0,1650.0
,,,,,,61,2026-02-02 00:02:44.605905,WNTR,25.29,25.29,25.33,909500.0,9355.0,1095100.0,3627.0
2.0,1.0,1.0,,Aggregate Position Limit,Your CRO has set the aggregate position limit to 12000 shares for this week.,62,2026-02-02 00:02:45.634413,SPNG,25.46,26.4,26.45,1166900.0,3734.0,1382200.0,1810.0
1.0,1.0,1.0,,Welcome to the RITC 2026 Alogithmic Market Making Case - practice server,,62,2026-02-02 00:02:45.634413,SMMR,24.55,24.55,24.85,934200.0,,1574700.0,7157.0
,,,,,,62,2026-02-02 00:02:45.634413,ATMN,24.73,24.53,24.73,1186900.0,,1021800.0,3650.0
,,,,,,62,2026-02-02 00:02:45.634413,WNTR,25.18,25.03,25.07,909400.0,4000.0,1448400.0,3627.0
2.0,1.0,1.0,,Aggregate Position Limit,Your CRO has set the aggregate position limit to 12000 shares for this week.,63,2026-02-02 00:02:46.662608,SPNG,26.4,26.4,26.45,1174400.0,3734.0,1490300.0,1810.0
1.0,1.0,1.0,,Welcome to the RITC 2026 Alogithmic Market Making Case - practice server,,63,2026-02-02 00:02:46.662608,SMMR,24.55,23.51,24.07,1119100.0,,1810000.0,7157.0
,,,,,,63,2026-02-02 00:02:46.662608,ATMN,24.98,24.63,24.98,1300800.0,,797200.0,1650.0
,,,,,,63,2026-02-02 00:02:46.662608,WNTR,24.83,24.83,24.94,916000.0,,1697600.0,5320.0
2.0,1.0,1.0,,Aggregate Position Limit,Your CRO has set the aggregate position limit to 12000 shares for this week.,64,2026-02-02 00:02:47.687642,SPNG,26.45,26.46,26.49,1477000.0,3734.0,1498600.0,1810.0
1.0,1.0,1.0,,Welcome to the RITC 2026 Alogithmic Market Making Case - practice server,,64,2026-02-02 00:02:47.687642,SMMR,24.07,24.17,24.61,1495300.0,,1706100.0,7157.0
,,,,,,64,2026-02-02 00:02:47.687642,ATMN,25.25,24.63,24.83,1418600.0,,870800.0,
,,,,,,64,2026-02-02 00:02:47.687642,WNTR,24.82,24.82,24.86,930100.0,,1797100.0,5320.0
2.0,1.0,1.0,,Aggregate Position Limit,Your CRO has set the aggregate position limit to 12000 shares for this week.,65,2026-02-02 00:02:48.712661,SPNG,26.03,26.18,26.49,1256600.0,1734.0,1593900.0,1810.0
1.0,1.0,1.0,,Welcome to the RITC 2026 Alogithmic Market Making Case - practice server,,65,2026-02-02 00:02:48.712661,SMMR,24.07,24.48,24.61,1757000.0,,1801800.0,7157.0
,,,,,,65,2026-02-02 00:02:48.712661,ATMN,24.83,25.17,25.3,1630700.0,,976000.0,
,,,,,,65,2026-02-02 00:02:48.712661,WNTR,24.29,24.29,24.37,954000.0,,1936200.0,5320.0
2.0,1.0,1.0,,Aggregate Position Limit,Your CRO has set the aggregate position limit to 12000 shares for this week.,66,2026-02-02 00:02:49.742650,SPNG,26.03,26.39,26.41,1450200.0,1734.0,1818400.0,1810.0
1.0,1.0,1.0,,Welcome to the RITC 2026 Alogithmic Market Making Case - practice server,,66,2026-02-02 00:02:49.742650,SMMR,24.58,24.48,24.56,1870200.0,,1794300.0,7157.0
,,,,,,66,2026-02-02 00:02:49.742650,ATMN,24.64,24.64,25.21,1619300.0,,1082100.0,
,,,,,,66,2026-02-02 00:02:49.742650,WNTR,24.21,24.09,24.12,1195800.0,,1936200.0,5320.0
2.0,1.0,1.0,,Aggregate Position Limit,Your CRO has set the aggregate position limit to 12000 shares for this week.,67,2026-02-02 00:02:50.796914,SPNG,26.41,26.38,26.41,1602800.0,1734.0,1818400.0,1810.0
1.0,1.0,1.0,,Welcome to the RITC 2026 Alogithmic Market Making Case - practice server,,67,2026-02-02 00:02:50.796914,SMMR,24.85,24.59,24.85,1990600.0,,1779900.0,7157.0
,,,,,,67,2026-02-02 00:02:50.796914,ATMN,25.3,24.64,25.02,1715100.0,,1094500.0,
,,,,,,67,2026-02-02 00:02:50.796914,WNTR,24.12,24.25,24.34,1195800.0,,1936400.0,5320.0
2.0,1.0,1.0,,Aggregate Position Limit,Your CRO has set the aggregate position limit to 12000 shares for this week.,68,2026-02-02 00:02:51.842561,SPNG,26.18,26.18,26.41,1614700.0,1734.0,1928700.0,1810.0
1.0,1.0,1.0,,Welcome to the RITC 2026 Alogithmic Market Making Case - practice server,,68,2026-02-02 00:02:51.842561,SMMR,24.85,24.59,24.65,2108600.0,,1716300.0,7157.0
,,,,,,68,2026-02-02 00:02:51.842561,ATMN,24.69,24.64,24.69,1826500.0,,1201200.0,
,,,,,,68,2026-02-02 00:02:51.842561,WNTR,24.15,24.31,24.34,1212000.0,,1961400.0,5320.0
2.0,1.0,1.0,,Aggregate Position Limit,Your CRO has set the aggregate position limit to 12000 shares for this week.,69,2026-02-02 00:02:52.871175,SPNG,26.61,26.18,26.61,1830300.0,1734.0,1702600.0,
1.0,1.0,1.0,,Welcome to the RITC 2026 Alogithmic Market Making Case - practice server,,69,2026-02-02 00:02:52.871175,SMMR,24.59,24.59,24.65,2108600.0,,1714600.0,7157.0
,,,,,,69,2026-02-02 00:02:52.871175,ATMN,24.69,24.83,24.9,1912600.0,,1315500.0,
,,,,,,69,2026-02-02 00:02:52.871175,WNTR,24.03,24.03,24.21,964100.0,,1955100.0,5320.0
2.0,1.0,1.0,,Aggregate Position Limit,Your CRO has set the aggregate position limit to 12000 shares for this week.,70,2026-02-02 00:02:53.904451,SPNG,26.63,26.24,26.28,1941500.0,1734.0,1716900.0,
1.0,1.0,1.0,,Welcome to the RITC 2026 Alogithmic Market Making Case - practice server,,70,2026-02-02 00:02:53.904451,SMMR,24.57,24.57,24.65,1988200.0,,1776600.0,7157.0
,,,,,,70,2026-02-02 00:02:53.904451,ATMN,24.83,24.64,24.76,1826500.0,,1643600.0,
,,,,,,70,2026-02-02 00:02:53.904451,WNTR,23.99,23.99,24.21,954500.0,,1955100.0,5320.0
2.0,1.0,1.0,,Aggregate Position Limit,Your CRO has set the aggregate position limit to 12000 shares for this week.,71,2026-02-02 00:02:54.941526,SPNG,26.18,26.18,26.28,2185700.0,1734.0,1716900.0,
1.0,1.0,1.0,,Welcome to the RITC 2026 Alogithmic Market Making Case - practice server,,71,2026-02-02 00:02:54.941526,SMMR,24.52,24.52,24.56,1968800.0,,1805300.0,7157.0
,,,,,,71,2026-02-02 00:02:54.941526,ATMN,24.76,24.78,24.9,2154000.0,,1520500.0,
,,,,,,71,2026-02-02 00:02:54.941526,WNTR,24.29,23.99,24.12,954500.0,,1967800.0,5320.0
2.0,1.0,1.0,,Aggregate Position Limit,Your CRO has set the aggregate position limit to 12000 shares for this week.,72,2026-02-02 00:02:55.990778,SPNG,26.28,26.18,26.28,2289300.0,1734.0,1814500.0,
1.0,1.0,1.0,,Welcome to the RITC 2026 Alogithmic Market Making Case - practice server,,72,2026-02-02 00:02:55.990778,SMMR,24.43,24.43,24.56,1947400.0,,1805300.0,7157.0
,,,,,,72,2026-02-02 00:02:55.990778,ATMN,24.64,24.64,24.94,2178700.0,,1406100.0,
,,,,,,72,2026-02-02 00:02:55.990778,WNTR,24.12,24.12,24.31,1098500.0,,1969000.0,5320.0
2.0,1.0,1.0,,Aggregate Position Limit,Your CRO has set the aggregate position limit to 12000 shares for this week.,73,2026-02-02 00:02:57.042459,SPNG,26.28,26.18,26.28,2208700.0,1734.0,1915600.0,
1.0,1.0,1.0,,Welcome to the RITC 2026 Alogithmic Market Making Case - practice server,,73,2026-02-02 00:02:57.042459,SMMR,24.35,24.53,24.56,2154600.0,,1805300.0,7157.0
,,,,,,73,2026-02-02 00:02:57.042459,ATMN,24.64,24.68,24.94,2210500.0,,1406100.0,
,,,,,,73,2026-02-02 00:02:57.042459,WNTR,23.99,23.99,24.13,966100.0,,1973800.0,5320.0
2.0,1.0,1.0,,Aggregate Position Limit,Your CRO has set the aggregate position limit to 12000 shares for this week.,74,2026-02-02 00:02:58.082218,SPNG,26.47,26.36,26.47,2163000.0,1734.0,1697200.0,
1.0,1.0,1.0,,Welcome to the RITC 2026 Alogithmic Market Making Case - practice server,,74,2026-02-02 00:02:58.082218,SMMR,24.56,24.33,24.56,2176200.0,,1805300.0,7157.0
,,,,,,74,2026-02-02 00:02:58.082218,ATMN,25.02,24.68,24.93,2170700.0,,1402500.0,
,,,,,,74,2026-02-02 00:02:58.082218,WNTR,24.13,24.1,24.13,1170900.0,,1973800.0,5320.0
2.0,1.0,1.0,,Aggregate Position Limit,Your CRO has set the aggregate position limit to 12000 shares for this week.,75,2026-02-02 00:02:59.112590,SPNG,26.15,26.22,26.47,2203400.0,1734.0,1823600.0,
1.0,1.0,1.0,,Welcome to the RITC 2026 Alogithmic Market Making Case - practice server,,75,2026-02-02 00:02:59.112590,SMMR,24.56,24.47,24.56,2368600.0,,1805300.0,7157.0
,,,,,,75,2026-02-02 00:02:59.112590,ATMN,24.93,24.68,24.8,2170700.0,,1617200.0,
,,,,,,75,2026-02-02 00:02:59.112590,WNTR,24.13,24.1,24.13,1294600.0,,2064600.0,3529.0
2.0,1.0,1.0,,Aggregate Position Limit,Your CRO has set the aggregate position limit to 12000 shares for this week.,76,2026-02-02 00:03:00.122334,SPNG,26.51,26.22,26.51,2203400.0,1734.0,1826800.0,
1.0,1.0,1.0,,Welcome to the RITC 2026 Alogithmic Market Making Case - practice server,,76,2026-02-02 00:03:00.122334,SMMR,24.66,24.47,24.57,2337400.0,,1804500.0,7157.0
,,,,,,76,2026-02-02 00:03:00.122334,ATMN,24.68,24.68,24.93,2170700.0,,1606900.0,
,,,,,,76,2026-02-02 00:03:00.122334,WNTR,24.17,24.1,24.17,1436000.0,,2045000.0,3529.0
2.0,1.0,1.0,,Aggregate Position Limit,Your CRO has set the aggregate position limit to 12000 shares for this week.,77,2026-02-02 00:03:01.142169,SPNG,26.63,26.41,26.63,2203500.0,1734.0,1700400.0,
1.0,1.0,1.0,,Welcome to the RITC 2026 Alogithmic Market Making Case - practice server,,77,2026-02-02 00:03:01.142169,SMMR,24.41,24.49,24.57,2314800.0,,1804500.0,7157.0
,,,,,,77,2026-02-02 00:03:01.142169,ATMN,24.64,24.63,24.64,2171800.0,,1824100.0,
,,,,,,77,2026-02-02 00:03:01.142169,WNTR,24.18,24.1,24.18,1436000.0,,2023600.0,3529.0
2.0,1.0,1.0,,Aggregate Position Limit,Your CRO has set the aggregate position limit to 12000 shares for this week.,78,2026-02-02 00:03:02.172312,SPNG,26.15,26.15,26.63,2191400.0,1734.0,1819500.0,
1.0,1.0,1.0,,Welcome to the RITC 2026 Alogithmic Market Making Case - practice server,,78,2026-02-02 00:03:02.172312,SMMR,24.56,24.52,24.56,2326500.0,,1801700.0,7157.0
,,,,,,78,2026-02-02 00:03:02.172312,ATMN,24.64,24.72,24.76,2122600.0,,1700100.0,
,,,,,,78,2026-02-02 00:03:02.172312,WNTR,24.18,24.1,24.18,1556100.0,,2160400.0,1693.0
2.0,1.0,1.0,,Aggregate Position Limit,Your CRO has set the aggregate position limit to 12000 shares for this week.,79,2026-02-02 00:03:03.216140,SPNG,26.72,26.34,26.72,2172200.0,1734.0,1753100.0,
1.0,1.0,1.0,,Welcome to the RITC 2026 Alogithmic Market Making Case - practice server,,79,2026-02-02 00:03:03.216140,SMMR,24.49,24.49,24.56,2314800.0,,1811700.0,7157.0
,,,,,,79,2026-02-02 00:03:03.216140,ATMN,24.64,24.72,24.76,2099800.0,,1925400.0,
,,,,,,79,2026-02-02 00:03:03.216140,WNTR,24.18,24.1,24.18,1556100.0,,2179300.0,1693.0
2.0,1.0,1.0,,Aggregate Position Limit,Your CRO has set the aggregate position limit to 12000 shares for this week.,80,2026-02-02 00:03:04.232705,SPNG,26.14,26.14,26.27,2228700.0,1734.0,1876200.0,
1.0,1.0,1.0,,Welcome to the RITC 2026 Alogithmic Market Making Case - practice server,,80,2026-02-02 00:03:04.232705,SMMR,24.57,24.48,24.57,2322200.0,,1783800.0,7157.0
,,,,,,80,2026-02-02 00:03:04.232705,ATMN,24.66,24.66,24.81,2115400.0,,1933400.0,
,,,,,,80,2026-02-02 00:03:04.232705,WNTR,24.08,24.08,24.18,1452200.0,,2212500.0,1693.0
2.0,1.0,1.0,,Aggregate Position Limit,Your CRO has set the aggregate position limit to 12000 shares for this week.,81,2026-02-02 00:03:05.262633,SPNG,26.14,26.14,26.33,2270100.0,1734.0,1872500.0,
1.0,1.0,1.0,,Welcome to the RITC 2026 Alogithmic Market Making Case - practice server,,81,2026-02-02 00:03:05.262633,SMMR,24.48,24.48,24.57,2328200.0,,1783800.0,7157.0
,,,,,,81,2026-02-02 00:03:05.262633,ATMN,24.6,24.6,24.81,2133300.0,,1933400.0,
,,,,,,81,2026-02-02 00:03:05.262633,WNTR,23.98,23.98,24.09,1127600.0,,2345300.0,
2.0,1.0,1.0,,Aggregate Position Limit,Your CRO has set the aggregate position limit to 12000 shares for this week.,82,2026-02-02 00:03:06.299913,SPNG,26.33,26.17,26.33,2203000.0,1734.0,1872500.0,
1.0,1.0,1.0,,Welcome to the RITC 2026 Alogithmic Market Making Case - practice server,,82,2026-02-02 00:03:06.299913,SMMR,24.48,24.48,24.57,2326300.0,,1883500.0,5715.0
,,,,,,82,2026-02-02 00:03:06.299913,ATMN,24.81,24.79,24.81,2032400.0,,1952600.0,
,,,,,,82,2026-02-02 00:03:06.299913,WNTR,23.98,23.98,24.19,1262100.0,,2218000.0,1693.0
2.0,1.0,1.0,,Aggregate Position Limit,Your CRO has set the aggregate position limit to 12000 shares for this week.,84,2026-02-02 00:03:07.355500,SPNG,26.3,26.3,26.33,2226100.0,1734.0,1966900.0,
1.0,1.0,1.0,,Welcome to the RITC 2026 Alogithmic Market Making Case - practice server,,84,2026-02-02 00:03:07.355500,SMMR,24.48,24.45,24.46,2348100.0,,2017000.0,4000.0
,,,,,,84,2026-02-02 00:03:07.355500,ATMN,24.81,24.79,24.81,2046600.0,,2042800.0,
,,,,,,84,2026-02-02 00:03:07.355500,WNTR,23.98,23.98,24.07,1408200.0,,2342600.0,
2.0,1.0,1.0,,Aggregate Position Limit,Your CRO has set the aggregate position limit to 12000 shares for this week.,85,2026-02-02 00:03:08.372196,SPNG,26.14,26.14,26.6,2210500.0,1734.0,1847500.0,
1.0,1.0,1.0,,Welcome to the RITC 2026 Alogithmic Market Making Case - practice server,,85,2026-02-02 00:03:08.372196,SMMR,24.45,24.41,24.45,2328900.0,,2021200.0,4000.0
,,,,,,85,2026-02-02 00:03:08.372196,ATMN,24.63,24.63,24.81,2070600.0,,2042800.0,
,,,,,,85,2026-02-02 00:03:08.372196,WNTR,24.2,23.98,24.2,1690000.0,,2234800.0,1693.0
2.0,1.0,1.0,,Aggregate Position Limit,Your CRO has set the aggregate position limit to 12000 shares for this week.,86,2026-02-02 00:03:09.386467,SPNG,26.07,26.53,26.6,2198900.0,1734.0,1977400.0,
1.0,1.0,1.0,,Welcome to the RITC 2026 Alogithmic Market Making Case - practice server,,86,2026-02-02 00:03:09.386467,SMMR,24.58,24.48,24.58,2345100.0,,1893900.0,5715.0
,,,,,,86,2026-02-02 00:03:09.386467,ATMN,24.63,24.63,24.81,2120600.0,,2068200.0,
,,,,,,86,2026-02-02 00:03:09.386467,WNTR,24.2,24.06,24.13,1822100.0,,2353300.0,
2.0,1.0,1.0,,Aggregate Position Limit,Your CRO has set the aggregate position limit to 12000 shares for this week.,87,2026-02-02 00:03:10.425065,SPNG,26.06,26.06,26.6,2225100.0,1734.0,1977400.0,
1.0,1.0,1.0,,Welcome to the RITC 2026 Alogithmic Market Making Case - practice server,,87,2026-02-02 00:03:10.425065,SMMR,24.48,24.49,24.58,2341300.0,,1893900.0,5715.0
,,,,,,87,2026-02-02 00:03:10.425065,ATMN,24.83,24.74,24.83,2119100.0,,2069700.0,
,,,,,,87,2026-02-02 00:03:10.425065,WNTR,24.13,24.17,24.2,2077800.0,,2340800.0,
2.0,1.0,1.0,,Aggregate Position Limit,Your CRO has set the aggregate position limit to 12000 shares for this week.,88,2026-02-02 00:03:11.442242,SPNG,26.05,26.05,26.12,2281700.0,1734.0,2196000.0,
1.0,1.0,1.0,,Welcome to the RITC 2026 Alogithmic Market Making Case - practice server,,88,2026-02-02 00:03:11.442242,SMMR,24.65,24.49,24.65,2336400.0,,1784000.0,7157.0
,,,,,,88,2026-02-02 00:03:11.442242,ATMN,24.74,24.74,24.94,2119100.0,,2030100.0,
,,,,,,88,2026-02-02 00:03:11.442242,WNTR,24.09,24.06,24.08,1822100.0,,2360100.0,
2.0,1.0,1.0,,Aggregate Position Limit,Your CRO has set the aggregate position limit to 12000 shares for this week.,89,2026-02-02 00:03:12.465051,SPNG,26.44,26.05,26.15,2281700.0,1734.0,2201700.0,
1.0,1.0,1.0,,Welcome to the RITC 2026 Alogithmic Market Making Case - practice server,,89,2026-02-02 00:03:12.465051,SMMR,24.65,24.49,24.62,2302700.0,,1911900.0,5715.0
,,,,,,89,2026-02-02 00:03:12.465051,ATMN,24.74,24.74,24.92,2136100.0,,2091600.0,
,,,,,,89,2026-02-02 00:03:12.465051,WNTR,24.25,24.09,24.25,2057200.0,,2365800.0,
2.0,1.0,1.0,,Aggregate Position Limit,Your CRO has set the aggregate position limit to 12000 shares for this week.,90,2026-02-02 00:03:13.490386,SPNG,26.44,26.05,26.15,2223400.0,1734.0,2201700.0,
1.0,1.0,1.0,,Welcome to the RITC 2026 Alogithmic Market Making Case - practice server,,90,2026-02-02 00:03:13.490386,SMMR,24.46,24.58,24.62,2280400.0,,1911900.0,5715.0
,,,,,,90,2026-02-02 00:03:13.490386,ATMN,24.74,24.83,24.92,2115900.0,,2096900.0,
,,,,,,90,2026-02-02 00:03:13.490386,WNTR,24.11,24.11,24.25,2183500.0,,2399500.0,
2.0,1.0,1.0,,Aggregate Position Limit,Your CRO has set the aggregate position limit to 12000 shares for this week.,91,2026-02-02 00:03:14.521916,SPNG,26.05,26.05,26.6,2223400.0,1734.0,2207600.0,
1.0,1.0,1.0,,Welcome to the RITC 2026 Alogithmic Market Making Case - practice server,,91,2026-02-02 00:03:14.521916,SMMR,24.46,24.58,24.62,2292800.0,,2129100.0,2000.0
,,,,,,91,2026-02-02 00:03:14.521916,ATMN,24.74,24.74,24.92,2124300.0,,2096900.0,
,,,,,,91,2026-02-02 00:03:14.521916,WNTR,24.12,24.19,24.25,2562200.0,,2399500.0,
2.0,1.0,1.0,,Aggregate Position Limit,Your CRO has set the aggregate position limit to 12000 shares for this week.,92,2026-02-02 00:03:15.572224,SPNG,26.05,26.05,26.34,2223400.0,1734.0,2284300.0,
1.0,1.0,1.0,,Welcome to the RITC 2026 Alogithmic Market Making Case - practice server,,92,2026-02-02 00:03:15.572224,SMMR,24.66,24.58,24.66,2292800.0,,2006000.0,4000.0
,,,,,,92,2026-02-02 00:03:15.572224,ATMN,24.74,24.64,24.74,2125200.0,,2102100.0,
,,,,,,92,2026-02-02 00:03:15.572224,WNTR,24.11,24.11,24.25,2446200.0,,2364600.0,
2.0,1.0,1.0,,Aggregate Position Limit,Your CRO has set the aggregate position limit to 12000 shares for this week.,93,2026-02-02 00:03:16.601763,SPNG,26.34,26.16,26.34,2215200.0,1734.0,2280200.0,
1.0,1.0,1.0,,Welcome to the RITC 2026 Alogithmic Market Making Case - practice server,,93,2026-02-02 00:03:16.601763,SMMR,24.46,24.43,24.44,2297900.0,,2141900.0,2000.0
,,,,,,93,2026-02-02 00:03:16.601763,ATMN,24.89,24.64,24.69,2115100.0,,2105500.0,
,,,,,,93,2026-02-02 00:03:16.601763,WNTR,24.25,24.19,24.25,2555500.0,,2364600.0,
2.0,1.0,1.0,,Aggregate Position Limit,Your CRO has set the aggregate position limit to 12000 shares for this week.,94,2026-02-02 00:03:17.625681,SPNG,26.6,26.23,26.6,2248100.0,1734.0,2286700.0,
1.0,1.0,1.0,,Welcome to the RITC 2026 Alogithmic Market Making Case - practice server,,94,2026-02-02 00:03:17.625681,SMMR,24.44,24.65,24.66,2320900.0,,2129200.0,2000.0
,,,,,,94,2026-02-02 00:03:17.625681,ATMN,24.69,24.64,24.69,2154500.0,,2105500.0,
,,,,,,94,2026-02-02 00:03:17.625681,WNTR,24.09,24.09,24.12,2577400.0,,2393900.0,
2.0,1.0,1.0,,Aggregate Position Limit,Your CRO has set the aggregate position limit to 12000 shares for this week.,95,2026-02-02 00:03:18.652062,SPNG,26.16,26.16,26.6,2218500.0,1734.0,2297300.0,
1.0,1.0,1.0,,Welcome to the RITC 2026 Alogithmic Market Making Case - practice server,,95,2026-02-02 00:03:18.652062,SMMR,24.65,24.54,24.65,2331300.0,,2149100.0,2000.0
,,,,,,95,2026-02-02 00:03:18.652062,ATMN,25.0,24.76,25.0,2180900.0,,2031200.0,
,,,,,,95,2026-02-02 00:03:18.652062,WNTR,24.12,24.2,24.25,2533200.0,,2367700.0,
2.0,1.0,1.0,,Aggregate Position Limit,Your CRO has set the aggregate position limit to 12000 shares for this week.,96,2026-02-02 00:03:19.676247,SPNG,26.16,26.16,26.53,2218500.0,1734.0,2287000.0,
1.0,1.0,1.0,,Welcome to the RITC 2026 Alogithmic Market Making Case - practice server,,96,2026-02-02 00:03:19.676247,SMMR,24.66,24.54,24.66,2310500.0,,2169700.0,2000.0
,,,,,,96,2026-02-02 00:03:19.676247,ATMN,24.64,24.64,25.0,2156200.0,,2044200.0,
,,,,,,96,2026-02-02 00:03:19.676247,WNTR,24.2,24.09,24.15,2554300.0,,2387800.0,
2.0,1.0,1.0,,Aggregate Position Limit,Your CRO has set the aggregate position limit to 12000 shares for this week.,97,2026-02-02 00:03:20.705780,SPNG,26.16,26.16,26.53,2218500.0,1734.0,2300100.0,
1.0,1.0,1.0,,Welcome to the RITC 2026 Alogithmic Market Making Case - practice server,,97,2026-02-02 00:03:20.705780,SMMR,24.5,24.5,24.66,2329100.0,,2185500.0,2000.0
,,,,,,97,2026-02-02 00:03:20.705780,ATMN,25.07,24.64,24.73,2156200.0,,1890100.0,
,,,,,,97,2026-02-02 00:03:20.705780,WNTR,24.2,24.06,24.08,2563600.0,,2351600.0,
2.0,1.0,1.0,,Aggregate Position Limit,Your CRO has set the aggregate position limit to 12000 shares for this week.,98,2026-02-02 00:03:21.721556,SPNG,26.55,26.26,26.37,2220800.0,1734.0,2327300.0,0
1.0,1.0,1.0,,Welcome to the RITC 2026 Alogithmic Market Making Case - practice server,,98,2026-02-02 00:03:21.721556,SMMR,24.63,24.5,24.63,2306300.0,,2310400.0,0
,,,,,,98,2026-02-02 00:03:21.721556,ATMN,25.07,24.64,24.73,2160800.0,,1985800.0,0
,,,,,,98,2026-02-02 00:03:21.721556,WNTR,24.06,24.06,24.08,2522500.0,,2351600.0,0
2.0,1.0,1.0,,Aggregate Position Limit,Your CRO has set the aggregate position limit to 12000 shares for this week.,99,2026-02-02 00:03:22.745889,SPNG,26.16,26.16,26.37,2218500.0,1734.0,2338400.0,
1.0,1.0,1.0,,Welcome to the RITC 2026 Alogithmic Market Making Case - practice server,,99,2026-02-02 00:03:22.745889,SMMR,24.69,24.45,24.69,2321900.0,,2135000.0,2000.0
,,,,,,99,2026-02-02 00:03:22.745889,ATMN,24.92,24.64,24.92,2174000.0,,1889100.0,
,,,,,,99,2026-02-02 00:03:22.745889,WNTR,24.06,24.06,24.08,2582400.0,,2351600.0,
2.0,1.0,1.0,,Aggregate Position Limit,Your CRO has set the aggregate position limit to 12000 shares for this week.,100,2026-02-02 00:03:23.776650,SPNG,26.03,26.03,26.37,2181300.0,1734.0,2338400.0,
1.0,1.0,1.0,,Welcome to the RITC 2026 Alogithmic Market Making Case - practice server,,100,2026-02-02 00:03:23.776650,SMMR,24.69,24.45,24.69,2313000.0,,2162800.0,2000.0
,,,,,,100,2026-02-02 00:03:23.776650,ATMN,24.66,24.66,24.92,2186900.0,,1889100.0,
,,,,,,100,2026-02-02 00:03:23.776650,WNTR,24.03,24.05,24.08,2588600.0,,2351600.0,
2.0,1.0,1.0,,Aggregate Position Limit,Your CRO has set the aggregate position limit to 12000 shares for this week.,101,2026-02-02 00:03:24.804651,SPNG,26.03,26.18,26.37,2287400.0,2323700.0,,0
1.0,1.0,1.0,,Welcome to the RITC 2026 Alogithmic Market Making Case - practice server,,101,2026-02-02 00:03:24.804651,SMMR,24.6,24.6,24.69,2309900.0,2162800.0,2000.0,0
,,,,,,101,2026-02-02 00:03:24.804651,ATMN,25.07,24.63,25.07,2166900.0,1892500.0,,0
,,,,,,101,2026-02-02 00:03:24.804651,WNTR,24.15,24.05,24.14,2588600.0,2355700.0,,0
2.0,1.0,1.0,,Aggregate Position Limit,Your CRO has set the aggregate position limit to 12000 shares for this week.,102,2026-02-02 00:03:25.831551,SPNG,26.18,26.18,26.21,2287400.0,2338800.0,,0
1.0,1.0,1.0,,Welcome to the RITC 2026 Alogithmic Market Making Case - practice server,,102,2026-02-02 00:03:25.831551,SMMR,24.69,24.51,24.69,2319000.0,2167700.0,2000.0,0
,,,,,,102,2026-02-02 00:03:25.831551,ATMN,25.07,24.76,24.97,2180500.0,1994400.0,,0
,,,,,,102,2026-02-02 00:03:25.831551,WNTR,24.03,24.06,24.14,2593100.0,2355700.0,,0
2.0,1.0,1.0,,Aggregate Position Limit,Your CRO has set the aggregate position limit to 12000 shares for this week.,103,2026-02-02 00:03:26.859626,SPNG,26.21,26.2,26.21,2239300.0,2338800.0,,0
1.0,1.0,1.0,,Welcome to the RITC 2026 Alogithmic Market Making Case - practice server,,103,2026-02-02 00:03:26.859626,SMMR,24.69,24.58,24.69,2316200.0,2167700.0,2000.0,0
,,,,,,103,2026-02-02 00:03:26.859626,ATMN,24.63,24.63,24.75,2166900.0,1996500.0,,0
,,,,,,103,2026-02-02 00:03:26.859626,WNTR,24.17,24.06,24.15,2593100.0,2368400.0,,0
2.0,1.0,1.0,,Aggregate Position Limit,Your CRO has set the aggregate position limit to 12000 shares for this week.,104,2026-02-02 00:03:27.892815,SPNG,26.18,26.18,26.55,2250100.0,2334900.0,0,0
1.0,1.0,1.0,,Welcome to the RITC 2026 Alogithmic Market Making Case - practice server,,104,2026-02-02 00:03:27.892815,SMMR,24.69,24.58,24.61,2316200.0,2262300.0,0,0
,,,,,,104,2026-02-02 00:03:27.892815,ATMN,24.61,24.61,24.97,2150400.0,1988800.0,0,0
,,,,,,104,2026-02-02 00:03:27.892815,WNTR,24.17,24.06,24.11,2590500.0,2401500.0,0,0
2.0,1.0,1.0,,Aggregate Position Limit,Your CRO has set the aggregate position limit to 12000 shares for this week.,105,2026-02-02 00:03:28.931543,SPNG,26.17,26.17,26.55,2267700.0,2365500.0,,0
1.0,1.0,1.0,,Welcome to the RITC 2026 Alogithmic Market Making Case - practice server,,105,2026-02-02 00:03:28.931543,SMMR,24.69,24.58,24.69,2287400.0,2157500.0,2000.0,0
,,,,,,105,2026-02-02 00:03:28.931543,ATMN,24.77,24.61,24.77,2150400.0,1964700.0,,0
,,,,,,105,2026-02-02 00:03:28.931543,WNTR,24.11,24.07,24.11,2577900.0,2401500.0,,0
2.0,1.0,1.0,,Aggregate Position Limit,Your CRO has set the aggregate position limit to 12000 shares for this week.,106,2026-02-02 00:03:29.972248,SPNG,26.55,26.17,26.55,2267700.0,2371200.0,0,0
1.0,1.0,1.0,,Welcome to the RITC 2026 Alogithmic Market Making Case - practice server,,106,2026-02-02 00:03:29.972248,SMMR,24.54,24.54,24.69,2311800.0,2291300.0,0,0
,,,,,,106,2026-02-02 00:03:29.972248,ATMN,24.97,24.62,24.97,2152300.0,1979000.0,0,0
,,,,,,106,2026-02-02 00:03:29.972248,WNTR,24.07,24.03,24.07,2578300.0,2409500.0,0,0
2.0,1.0,1.0,,Aggregate Position Limit,Your CRO has set the aggregate position limit to 12000 shares for this week.,107,2026-02-02 00:03:31.018172,SPNG,26.03,26.03,26.56,2166400.0,1734.0,2361900.0,0
1.0,1.0,1.0,,Welcome to the RITC 2026 Alogithmic Market Making Case - practice server,,107,2026-02-02 00:03:31.018172,SMMR,24.54,24.63,24.67,2298300.0,,2278000.0,0
,,,,,,107,2026-02-02 00:03:31.018172,ATMN,24.97,24.62,24.82,2152300.0,,1981800.0,0
,,,,,,107,2026-02-02 00:03:31.018172,WNTR,24.07,24.08,24.15,2546300.0,,2396400.0,0
2.0,1.0,1.0,,Aggregate Position Limit,Your CRO has set the aggregate position limit to 12000 shares for this week.,108,2026-02-02 00:03:32.059193,SPNG,26.56,26.58,26.6,2271500.0,2352700.0,0,0
1.0,1.0,1.0,,Welcome to the RITC 2026 Alogithmic Market Making Case - practice server,,108,2026-02-02 00:03:32.059193,SMMR,24.45,24.43,24.44,2294800.0,2284400.0,0,0
,,,,,,108,2026-02-02 00:03:32.059193,ATMN,24.58,24.58,24.82,2137200.0,1995900.0,0,0
,,,,,,108,2026-02-02 00:03:32.059193,WNTR,24.11,24.11,24.24,2532100.0,2399700.0,0,0
2.0,1.0,1.0,,Aggregate Position Limit,Your CRO has set the aggregate position limit to 12000 shares for this week.,109,2026-02-02 00:03:33.088882,SPNG,25.99,26.01,26.41,2172000.0,1734.0,2317800.0,0
1.0,1.0,1.0,,Welcome to the RITC 2026 Alogithmic Market Making Case - practice server,,109,2026-02-02 00:03:33.088882,SMMR,24.44,24.65,24.67,2322800.0,,2278000.0,0
,,,,,,109,2026-02-02 00:03:33.088882,ATMN,24.72,24.58,24.72,2137200.0,,2003700.0,0
,,,,,,109,2026-02-02 00:03:33.088882,WNTR,24.08,24.05,24.06,2581900.0,,2404500.0,0
2.0,1.0,1.0,,Aggregate Position Limit,Your CRO has set the aggregate position limit to 12000 shares for this week.,110,2026-02-02 00:03:34.146566,SPNG,26.01,26.01,26.37,2172000.0,1734.0,2327000.0,0
1.0,1.0,1.0,,Welcome to the RITC 2026 Alogithmic Market Making Case - practice server,,110,2026-02-02 00:03:34.146566,SMMR,24.6,24.6,24.68,2301600.0,,2256700.0,0
,,,,,,110,2026-02-02 00:03:34.146566,ATMN,24.82,24.62,24.82,2150500.0,,1989100.0,0
,,,,,,110,2026-02-02 00:03:34.146566,WNTR,24.05,24.05,24.06,2548900.0,,2404500.0,0
2.0,1.0,1.0,,Aggregate Position Limit,Your CRO has set the aggregate position limit to 12000 shares for this week.,111,2026-02-02 00:03:35.224294,SPNG,26.25,26.28,26.37,2276600.0,2327000.0,0,0
1.0,1.0,1.0,,Welcome to the RITC 2026 Alogithmic Market Making Case - practice server,,111,2026-02-02 00:03:35.224294,SMMR,24.69,24.63,24.69,2332300.0,2291300.0,0,0
,,,,,,111,2026-02-02 00:03:35.224294,ATMN,24.62,24.62,24.82,2150500.0,2021100.0,0,0
,,,,,,111,2026-02-02 00:03:35.224294,WNTR,24.03,24.03,24.06,2556300.0,2453800.0,0,0
2.0,1.0,1.0,,Aggregate Position Limit,Your CRO has set the aggregate position limit to 12000 shares for this week.,112,2026-02-02 00:03:36.271952,SPNG,26.37,26.17,26.37,2285200.0,2327000.0,,0
1.0,1.0,1.0,,Welcome to the RITC 2026 Alogithmic Market Making Case - practice server,,112,2026-02-02 00:03:36.271952,SMMR,24.71,24.63,24.71,2332300.0,2197200.0,2000.0,0
,,,,,,112,2026-02-02 00:03:36.271952,ATMN,24.57,24.57,24.82,2148100.0,2027300.0,,0
,,,,,,112,2026-02-02 00:03:36.271952,WNTR,24.06,24.02,24.06,2594800.0,2468100.0,,0
2.0,1.0,1.0,,Aggregate Position Limit,Your CRO has set the aggregate position limit to 12000 shares for this week.,113,2026-02-02 00:03:37.305301,SPNG,26.17,26.01,26.1,2292600.0,2342500.0,,0
1.0,1.0,1.0,,Welcome to the RITC 2026 Alogithmic Market Making Case - practice server,,113,2026-02-02 00:03:37.305301,SMMR,24.63,24.63,24.71,2332300.0,2170100.0,2000.0,0
,,,,,,113,2026-02-02 00:03:37.305301,ATMN,24.57,24.57,24.65,2125400.0,2042400.0,,0
,,,,,,113,2026-02-02 00:03:37.305301,WNTR,24.06,24.08,24.14,2582100.0,2425000.0,,0
2.0,1.0,1.0,,Aggregate Position Limit,Your CRO has set the aggregate position limit to 12000 shares for this week.,114,2026-02-02 00:03:38.351117,SPNG,26.54,26.01,26.54,2292600.0,2345000.0,,0
1.0,1.0,1.0,,Welcome to the RITC 2026 Alogithmic Market Making Case - practice server,,114,2026-02-02 00:03:38.351117,SMMR,24.73,24.64,24.72,2312500.0,2190200.0,2000.0,0
,,,,,,114,2026-02-02 00:03:38.351117,ATMN,24.56,24.56,24.65,2153900.0,2037500.0,,0
,,,,,,114,2026-02-02 00:03:38.351117,WNTR,24.08,24.08,24.14,2582100.0,2460300.0,,0
2.0,1.0,1.0,,Aggregate Position Limit,Your CRO has set the aggregate position limit to 12000 shares for this week.,115,2026-02-02 00:03:39.414710,SPNG,26.24,26.17,26.24,2211600.0,1734.0,2350000.0,
1.0,1.0,1.0,,Welcome to the RITC 2026 Alogithmic Market Making Case - practice server,,115,2026-02-02 00:03:39.414710,SMMR,24.72,24.49,24.72,2322400.0,,2190200.0,2000.0
,,,,,,115,2026-02-02 00:03:39.414710,ATMN,24.56,24.64,24.65,2165300.0,,2029800.0,
,,,,,,115,2026-02-02 00:03:39.414710,WNTR,24.01,24.01,24.08,2572300.0,,2510300.0,
2.0,1.0,1.0,,Aggregate Position Limit,Your CRO has set the aggregate position limit to 12000 shares for this week.,116,2026-02-02 00:03:40.452323,SPNG,26.17,26.17,26.6,2324800.0,2352700.0,,0
1.0,1.0,1.0,,Welcome to the RITC 2026 Alogithmic Market Making Case - practice server,,116,2026-02-02 00:03:40.452323,SMMR,24.74,24.58,24.74,2286800.0,2123800.0,2000.0,0
,,,,,,116,2026-02-02 00:03:40.452323,ATMN,24.65,24.64,24.65,2165300.0,1999000.0,,0
,,,,,,116,2026-02-02 00:03:40.452323,WNTR,24.0,24.0,24.14,2545100.0,2490400.0,,0
2.0,1.0,1.0,,Aggregate Position Limit,Your CRO has set the aggregate position limit to 12000 shares for this week.,117,2026-02-02 00:03:41.535642,SPNG,26.42,26.07,26.42,2195000.0,1734.0,2357500.0,
1.0,1.0,1.0,,Welcome to the RITC 2026 Alogithmic Market Making Case - practice server,,117,2026-02-02 00:03:41.535642,SMMR,24.74,24.6,24.65,2300200.0,,2154200.0,2000.0
,,,,,,117,2026-02-02 00:03:41.535642,ATMN,24.64,24.64,24.65,2172400.0,,1999000.0,
,,,,,,117,2026-02-02 00:03:41.535642,WNTR,24.14,24.01,24.14,2556700.0,,2490400.0,
2.0,1.0,1.0,,Aggregate Position Limit,Your CRO has set the aggregate position limit to 12000 shares for this week.,119,2026-02-02 00:03:42.588602,SPNG,26.0,25.98,26.0,2307200.0,2363700.0,,0
1.0,1.0,1.0,,Welcome to the RITC 2026 Alogithmic Market Making Case - practice server,,119,2026-02-02 00:03:42.588602,SMMR,24.6,24.6,24.74,2300200.0,2156200.0,2000.0,0
,,,,,,119,2026-02-02 00:03:42.588602,ATMN,24.64,24.64,24.65,2154100.0,2005200.0,,0
,,,,,,119,2026-02-02 00:03:42.588602,WNTR,24.05,24.0,24.05,2545100.0,2486500.0,,0
2.0,1.0,1.0,,Aggregate Position Limit,Your CRO has set the aggregate position limit to 12000 shares for this week.,120,2026-02-02 00:03:43.653617,SPNG,25.98,25.39,0.0,200000.0,1734.0,,0
1.0,1.0,1.0,,Welcome to the RITC 2026 Alogithmic Market Making Case - practice server,,120,2026-02-02 00:03:43.653617,SMMR,25.55,25.55,25.69,816300.0,,720600.0,0
,,,,,,120,2026-02-02 00:03:43.653617,ATMN,24.71,24.09,0.0,200000.0,,,0
,,,,,,120,2026-02-02 00:03:43.653617,WNTR,25.36,25.76,0.0,200000.0,,,0
2.0,1.0,1.0,,Aggregate Position Limit,Your CRO has set the aggregate position limit to 12000 shares for this week.,121,2026-02-02 00:03:44.694163,SPNG,25.65,25.65,26.35,927500.0,3734.0,880100.0,
1.0,1.0,1.0,,Welcome to the RITC 2026 Alogithmic Market Making Case - practice server,,121,2026-02-02 00:03:44.694163,SMMR,25.53,25.12,25.47,1006700.0,,962700.0,2000.0
,,,,,,121,2026-02-02 00:03:44.694163,ATMN,24.09,24.69,24.75,939400.0,2000.0,1075400.0,1977.0
,,,,,,121,2026-02-02 00:03:44.694163,WNTR,25.91,25.76,25.91,927600.0,,829100.0,
2.0,1.0,1.0,,Aggregate Position Limit,Your CRO has set the aggregate position limit to 12000 shares for this week.,122,2026-02-02 00:03:45.723203,SPNG,25.7,25.65,25.7,927500.0,3734.0,1350000.0,
1.0,1.0,1.0,,Welcome to the RITC 2026 Alogithmic Market Making Case - practice server,,122,2026-02-02 00:03:45.723203,SMMR,25.47,25.51,25.59,1404400.0,,949200.0,2000.0
,,,,,,122,2026-02-02 00:03:45.723203,ATMN,24.69,24.09,24.15,939400.0,,1413300.0,1977.0
,,,,,,122,2026-02-02 00:03:45.723203,WNTR,25.76,25.6,25.67,1043600.0,,1059700.0,2000.0
2.0,1.0,1.0,,Aggregate Position Limit,Your CRO has set the aggregate position limit to 12000 shares for this week.,123,2026-02-02 00:03:46.751436,SPNG,25.39,25.39,25.44,1007300.0,3734.0,1597500.0,1679.0
1.0,1.0,1.0,,Welcome to the RITC 2026 Alogithmic Market Making Case - practice server,,123,2026-02-02 00:03:46.751436,SMMR,25.49,25.25,25.42,1401800.0,,1201400.0,4000.0
,,,,,,123,2026-02-02 00:03:46.751436,ATMN,24.69,24.09,24.15,1178800.0,,1507800.0,1977.0
,,,,,,123,2026-02-02 00:03:46.751436,WNTR,25.76,25.62,25.67,1387200.0,,1059700.0,2000.0
2.0,1.0,1.0,,Aggregate Position Limit,Your CRO has set the aggregate position limit to 12000 shares for this week.,124,2026-02-02 00:03:47.788816,SPNG,25.44,25.39,25.44,1007300.0,3734.0,1822200.0,1679.0
1.0,1.0,1.0,,Welcome to the RITC 2026 Alogithmic Market Making Case - practice server,,124,2026-02-02 00:03:47.788816,SMMR,25.59,25.4,25.59,1523700.0,,1162400.0,2000.0
,,,,,,124,2026-02-02 00:03:47.788816,ATMN,24.69,24.09,24.15,1292300.0,2000.0,1731100.0,3954.0
,,,,,,124,2026-02-02 00:03:47.788816,WNTR,25.7,25.7,25.91,1519600.0,1823.0,1051400.0,
2.0,1.0,1.0,,Aggregate Position Limit,Your CRO has set the aggregate position limit to 12000 shares for this week.,125,2026-02-02 00:03:48.821938,SPNG,25.44,25.39,25.44,1125300.0,5734.0,1991200.0,3518.0
1.0,1.0,1.0,,Welcome to the RITC 2026 Alogithmic Market Making Case - practice server,,125,2026-02-02 00:03:48.821938,SMMR,25.4,25.53,25.56,1636100.0,1783.0,1264400.0,2000.0
,,,,,,125,2026-02-02 00:03:48.821938,ATMN,24.16,24.09,24.16,1390100.0,2000.0,1732100.0,3954.0
,,,,,,125,2026-02-02 00:03:48.821938,WNTR,25.86,25.7,25.83,1519600.0,1823.0,1314900.0,
2.0,1.0,1.0,,Aggregate Position Limit,Your CRO has set the aggregate position limit to 12000 shares for this week.,126,2026-02-02 00:03:49.880664,SPNG,25.44,25.39,25.44,1125300.0,5734.0,1996300.0,3518.0
1.0,1.0,1.0,,Welcome to the RITC 2026 Alogithmic Market Making Case - practice server,,126,2026-02-02 00:03:49.880664,SMMR,25.4,25.3,25.38,1714300.0,,1398800.0,4000.0
,,,,,,126,2026-02-02 00:03:49.880664,ATMN,24.17,24.09,24.17,1390100.0,3862.0,1761300.0,1977.0
,,,,,,126,2026-02-02 00:03:49.880664,WNTR,25.75,25.7,25.71,1519600.0,1823.0,1450700.0,
2.0,1.0,1.0,,Aggregate Position Limit,Your CRO has set the aggregate position limit to 12000 shares for this week.,127,2026-02-02 00:03:50.938367,SPNG,25.06,24.83,25.04,1217300.0,1734.0,1996300.0,3518.0
1.0,1.0,1.0,,Welcome to the RITC 2026 Alogithmic Market Making Case - practice server,,127,2026-02-02 00:03:50.938367,SMMR,25.38,25.38,25.56,2051500.0,,1264400.0,4000.0
,,,,,,127,2026-02-02 00:03:50.938367,ATMN,24.36,24.09,24.36,1526400.0,3862.0,1765000.0,1977.0
,,,,,,127,2026-02-02 00:03:50.938367,WNTR,25.83,25.83,25.86,1887400.0,3821.0,1179700.0,
2.0,1.0,1.0,,Aggregate Position Limit,Your CRO has set the aggregate position limit to 12000 shares for this week.,128,2026-02-02 00:03:51.994018,SPNG,25.5,25.53,25.56,1346500.0,1734.0,2083000.0,1679.0
1.0,1.0,1.0,,Welcome to the RITC 2026 Alogithmic Market Making Case - practice server,,128,2026-02-02 00:03:51.994018,SMMR,25.37,25.37,25.5,2043200.0,,1387100.0,6000.0
,,,,,,128,2026-02-02 00:03:51.994018,ATMN,24.36,24.09,24.36,1526400.0,3862.0,1853600.0,1977.0
,,,,,,128,2026-02-02 00:03:51.994018,WNTR,25.8,25.8,25.86,1973700.0,3821.0,1309600.0,
2.0,1.0,1.0,,Aggregate Position Limit,Your CRO has set the aggregate position limit to 12000 shares for this week.,129,2026-02-02 00:03:53.032623,SPNG,25.57,24.83,25.57,1217300.0,1734.0,2076200.0,1679.0
1.0,1.0,1.0,,Welcome to the RITC 2026 Alogithmic Market Making Case - practice server,,129,2026-02-02 00:03:53.032623,SMMR,25.37,25.46,25.5,2360400.0,,1387100.0,6000.0
,,,,,,129,2026-02-02 00:03:53.032623,ATMN,24.28,24.28,24.36,1654700.0,5862.0,1947300.0,1977.0
,,,,,,129,2026-02-02 00:03:53.032623,WNTR,25.8,25.85,25.86,1953500.0,5821.0,1309600.0,1841.0
2.0,1.0,1.0,,Aggregate Position Limit,Your CRO has set the aggregate position limit to 12000 shares for this week.,130,2026-02-02 00:03:54.077315,SPNG,24.83,25.17,25.28,1444100.0,1734.0,2499.0,1982200.0
1.0,1.0,1.0,,Welcome to the RITC 2026 Alogithmic Market Making Case - practice server,,130,2026-02-02 00:03:54.077315,SMMR,25.37,25.46,25.5,2216000.0,820.0,6000.0,1600400.0
,,,,,,130,2026-02-02 00:03:54.077315,ATMN,24.28,24.28,24.34,1654700.0,5862.0,1977.0,2004500.0
,,,,,,130,2026-02-02 00:03:54.077315,WNTR,25.88,25.8,25.88,1949600.0,5821.0,1841.0,1181300.0
2.0,1.0,1.0,,Aggregate Position Limit,Your CRO has set the aggregate position limit to 12000 shares for this week.,131,2026-02-02 00:03:55.125768,SPNG,25.29,24.96,25.13,1320100.0,1734.0,2073900.0,1679.0
1.0,1.0,1.0,,Welcome to the RITC 2026 Alogithmic Market Making Case - practice server,,131,2026-02-02 00:03:55.125768,SMMR,25.56,25.46,25.47,2188300.0,820.0,1600400.0,4000.0
,,,,,,131,2026-02-02 00:03:55.125768,ATMN,24.36,24.29,24.36,1426400.0,,1915300.0,2797.0
,,,,,,131,2026-02-02 00:03:55.125768,WNTR,25.86,25.86,25.93,1864700.0,6641.0,1056000.0,
2.0,1.0,1.0,,Aggregate Position Limit,Your CRO has set the aggregate position limit to 12000 shares for this week.,132,2026-02-02 00:03:56.185867,SPNG,25.14,24.83,24.98,1351900.0,1734.0,2001100.0,3678.0
1.0,1.0,1.0,,Welcome to the RITC 2026 Alogithmic Market Making Case - practice server,,132,2026-02-02 00:03:56.185867,SMMR,25.5,25.48,25.5,2199000.0,820.0,1623200.0,
,,,,,,132,2026-02-02 00:03:56.185867,ATMN,24.36,24.02,24.36,1426400.0,,1906700.0,2797.0
,,,,,,132,2026-02-02 00:03:56.185867,WNTR,25.77,25.77,25.93,1955900.0,5821.0,1146300.0,820.0
2.0,1.0,1.0,,Aggregate Position Limit,Your CRO has set the aggregate position limit to 12000 shares for this week.,133,2026-02-02 00:03:57.220699,SPNG,25.29,24.83,25.29,1719100.0,1734.0,3678.0,1973000.0
1.0,1.0,1.0,,Welcome to the RITC 2026 Alogithmic Market Making Case - practice server,,133,2026-02-02 00:03:57.220699,SMMR,25.69,25.48,25.69,2068300.0,2555.0,,1379200.0
,,,,,,133,2026-02-02 00:03:57.220699,ATMN,23.47,24.07,24.36,1212200.0,1791.0,2797.0,1920000.0
,,,,,,133,2026-02-02 00:03:57.220699,WNTR,25.76,25.76,25.93,2095300.0,3821.0,820.0,1264300.0
2.0,1.0,1.0,,Aggregate Position Limit,Your CRO has set the aggregate position limit to 12000 shares for this week.,134,2026-02-02 00:03:58.254793,SPNG,25.68,24.83,25.68,1954700.0,1734.0,2032800.0,1679.0
1.0,1.0,1.0,,Welcome to the RITC 2026 Alogithmic Market Making Case - practice server,,134,2026-02-02 00:03:58.254793,SMMR,25.56,25.48,25.56,2068000.0,2555.0,1509400.0,
,,,,,,134,2026-02-02 00:03:58.254793,ATMN,24.07,23.73,24.01,1440500.0,,1783500.0,4797.0
,,,,,,134,2026-02-02 00:03:58.254793,WNTR,25.76,25.8,25.83,1984800.0,5821.0,1464400.0,2514.0
2.0,1.0,1.0,,Aggregate Position Limit,Your CRO has set the aggregate position limit to 12000 shares for this week.,135,2026-02-02 00:03:59.300585,SPNG,24.83,24.83,25.68,1954700.0,1734.0,2032800.0,1679.0
1.0,1.0,1.0,,Welcome to the RITC 2026 Alogithmic Market Making Case - practice server,,135,2026-02-02 00:03:59.300585,SMMR,25.48,25.48,25.69,2068000.0,2555.0,1257700.0,1784.0
,,,,,,135,2026-02-02 00:03:59.300585,ATMN,24.36,23.73,24.36,1559400.0,,1895800.0,2797.0
,,,,,,135,2026-02-02 00:03:59.300585,WNTR,25.87,25.77,25.87,2080400.0,3821.0,1365800.0,2514.0
2.0,1.0,1.0,,Aggregate Position Limit,Your CRO has set the aggregate position limit to 12000 shares for this week.,136,2026-02-02 00:04:00.334149,SPNG,24.93,24.93,25.68,1885000.0,1734.0,2032800.0,1679.0
1.0,1.0,1.0,,Welcome to the RITC 2026 Alogithmic Market Making Case - practice server,,136,2026-02-02 00:04:00.334149,SMMR,25.66,25.48,25.54,2068000.0,2555.0,1369700.0,1784.0
,,,,,,136,2026-02-02 00:04:00.334149,ATMN,23.73,23.73,24.07,1665600.0,,1803100.0,4797.0
,,,,,,136,2026-02-02 00:04:00.334149,WNTR,25.76,25.76,25.87,1957700.0,5821.0,1599200.0,2514.0
2.0,1.0,1.0,,Aggregate Position Limit,Your CRO has set the aggregate position limit to 12000 shares for this week.,137,2026-02-02 00:04:01.353965,SPNG,25.43,25.43,25.68,2088000.0,3734.0,2032800.0,1679.0
1.0,1.0,1.0,,Welcome to the RITC 2026 Alogithmic Market Making Case - practice server,,137,2026-02-02 00:04:01.353965,SMMR,25.54,25.51,25.54,2029700.0,2555.0,1369700.0,1784.0
,,,,,,137,2026-02-02 00:04:01.353965,ATMN,24.12,24.12,24.36,1793300.0,,1861200.0,2797.0
,,,,,,137,2026-02-02 00:04:01.353965,WNTR,25.7,25.7,25.79,2109600.0,3821.0,1716500.0,4434.0
2.0,1.0,1.0,,Aggregate Position Limit,Your CRO has set the aggregate position limit to 12000 shares for this week.,138,2026-02-02 00:04:02.386367,SPNG,25.43,25.07,25.18,3734.0,2200800.0,2051500.0,1679.0
1.0,1.0,1.0,,Welcome to the RITC 2026 Alogithmic Market Making Case - practice server,,138,2026-02-02 00:04:02.386367,SMMR,25.56,25.51,25.56,4555.0,1922600.0,1503200.0,1784.0
,,,,,,138,2026-02-02 00:04:02.386367,ATMN,23.77,24.18,24.36,1820.0,1784800.0,1897500.0,2797.0
,,,,,,138,2026-02-02 00:04:02.386367,WNTR,25.79,25.81,25.87,3821.0,2081300.0,1698500.0,4434.0
2.0,1.0,1.0,,Aggregate Position Limit,Your CRO has set the aggregate position limit to 12000 shares for this week.,139,2026-02-02 00:04:03.420891,SPNG,25.18,25.07,25.18,3734.0,2299900.0,2051500.0,1679.0
1.0,1.0,1.0,,Welcome to the RITC 2026 Alogithmic Market Making Case - practice server,,139,2026-02-02 00:04:03.420891,SMMR,25.56,25.54,25.56,4555.0,1892200.0,1503200.0,1784.0
,,,,,,139,2026-02-02 00:04:03.420891,ATMN,24.27,24.3,24.36,,2006900.0,1897500.0,2797.0
,,,,,,139,2026-02-02 00:04:03.420891,WNTR,25.76,25.7,25.73,3821.0,2084400.0,1708000.0,6434.0
2.0,1.0,1.0,,Aggregate Position Limit,Your CRO has set the aggregate position limit to 12000 shares for this week.,140,2026-02-02 00:04:04.449972,SPNG,25.7,25.32,25.47,5338.0,2116600.0,3283.0,1935400.0
1.0,1.0,1.0,,Welcome to the RITC 2026 Alogithmic Market Making Case - practice server,,140,2026-02-02 00:04:04.449972,SMMR,25.47,25.47,25.53,4555.0,1937700.0,1784.0,1498000.0
,,,,,,140,2026-02-02 00:04:04.449972,ATMN,24.3,23.79,24.21,,1915200.0,2797.0,1932300.0
,,,,,,140,2026-02-02 00:04:04.449972,WNTR,25.65,25.65,25.73,3821.0,2121400.0,6434.0,1744600.0
2.0,1.0,1.0,,Aggregate Position Limit,Your CRO has set the aggregate position limit to 12000 shares for this week.,141,2026-02-02 00:04:05.475581,SPNG,25.32,25.07,25.32,3734.0,2258200.0,1980500.0,3283.0
1.0,1.0,1.0,,Welcome to the RITC 2026 Alogithmic Market Making Case - practice server,,141,2026-02-02 00:04:05.475581,SMMR,25.7,25.46,25.7,4555.0,1924400.0,1137800.0,1784.0
,,,,,,141,2026-02-02 00:04:05.475581,ATMN,23.61,23.61,24.01,,1662000.0,1836600.0,4401.0
,,,,,,141,2026-02-02 00:04:05.475581,WNTR,25.65,25.68,25.73,5425.0,1948300.0,1772900.0,6434.0
2.0,1.0,1.0,,Aggregate Position Limit,Your CRO has set the aggregate position limit to 12000 shares for this week.,142,2026-02-02 00:04:06.505823,SPNG,25.11,25.11,25.57,2253700.0,3734.0,2044000.0,1679.0
1.0,1.0,1.0,,Welcome to the RITC 2026 Alogithmic Market Making Case - practice server,,142,2026-02-02 00:04:06.505823,SMMR,25.73,25.33,25.73,2393400.0,,1032700.0,1784.0
,,,,,,142,2026-02-02 00:04:06.505823,ATMN,24.21,23.82,24.08,1794400.0,,1933500.0,2797.0
,,,,,,142,2026-02-02 00:04:06.505823,WNTR,25.67,25.67,25.73,1986300.0,5425.0,1653100.0,8038.0
2.0,1.0,1.0,,Aggregate Position Limit,Your CRO has set the aggregate position limit to 12000 shares for this week.,143,2026-02-02 00:04:07.539880,SPNG,25.07,24.99,25.05,2408700.0,1734.0,2043800.0,1679.0
1.0,1.0,1.0,,Welcome to the RITC 2026 Alogithmic Market Making Case - practice server,,143,2026-02-02 00:04:07.539880,SMMR,25.47,25.33,25.42,2393400.0,,1288500.0,1784.0
,,,,,,143,2026-02-02 00:04:07.539880,ATMN,24.21,23.89,24.21,1917400.0,1850.0,1933800.0,2797.0
,,,,,,143,2026-02-02 00:04:07.539880,WNTR,25.67,25.67,25.73,1956100.0,5425.0,1643000.0,8038.0
2.0,1.0,1.0,,Aggregate Position Limit,Your CRO has set the aggregate position limit to 12000 shares for this week.,144,2026-02-02 00:04:08.571951,SPNG,25.49,25.49,25.64,2340800.0,1734.0,2041800.0,1679.0
1.0,1.0,1.0,,Welcome to the RITC 2026 Alogithmic Market Making Case - practice server,,144,2026-02-02 00:04:08.571951,SMMR,25.33,25.33,25.67,2393400.0,,1283400.0,1784.0
,,,,,,144,2026-02-02 00:04:08.571951,ATMN,23.99,24.09,24.21,2045000.0,1850.0,1932700.0,2797.0
,,,,,,144,2026-02-02 00:04:08.571951,WNTR,25.9,25.67,25.81,1849700.0,7044.0,1803800.0,4514.0
2.0,1.0,1.0,,Aggregate Position Limit,Your CRO has set the aggregate position limit to 12000 shares for this week.,145,2026-02-02 00:04:09.590524,SPNG,25.28,25.33,25.64,2356600.0,1734.0,1963900.0,3672.0
1.0,1.0,1.0,,Welcome to the RITC 2026 Alogithmic Market Making Case - practice server,,145,2026-02-02 00:04:09.590524,SMMR,25.67,25.51,25.67,2267500.0,1858.0,1283400.0,1784.0
,,,,,,145,2026-02-02 00:04:09.590524,ATMN,24.21,23.89,24.21,1917400.0,1850.0,1932700.0,2797.0
,,,,,,145,2026-02-02 00:04:09.590524,WNTR,25.9,25.67,25.7,1852200.0,7044.0,1833000.0,4514.0
2.0,1.0,1.0,,Aggregate Position Limit,Your CRO has set the aggregate position limit to 12000 shares for this week.,146,2026-02-02 00:04:10.612612,SPNG,25.33,25.15,25.28,2349300.0,1734.0,2008300.0,3672.0
1.0,1.0,1.0,,Welcome to the RITC 2026 Alogithmic Market Making Case - practice server,,146,2026-02-02 00:04:10.612612,SMMR,25.66,25.51,25.65,2267500.0,1858.0,1499200.0,1784.0
,,,,,,146,2026-02-02 00:04:10.612612,ATMN,23.86,24.0,24.1,1917400.0,2000.0,1796700.0,4786.0
,,,,,,146,2026-02-02 00:04:10.612612,WNTR,25.69,25.69,25.81,1865300.0,7044.0,1834700.0,4514.0
2.0,1.0,1.0,,Aggregate Position Limit,Your CRO has set the aggregate position limit to 12000 shares for this week.,147,2026-02-02 00:04:11.635739,SPNG,25.15,25.15,25.28,2214700.0,3580.0,5672.0,1869900.0
1.0,1.0,1.0,,Welcome to the RITC 2026 Alogithmic Market Making Case - practice server,,147,2026-02-02 00:04:11.635739,SMMR,25.66,25.51,25.65,2231800.0,1858.0,1784.0,1742500.0
,,,,,,147,2026-02-02 00:04:11.635739,ATMN,23.82,23.82,24.1,2154600.0,,4786.0,1796700.0
,,,,,,147,2026-02-02 00:04:11.635739,WNTR,25.67,25.67,25.81,1853400.0,7044.0,6453.0,1715100.0
2.0,1.0,1.0,,Aggregate Position Limit,Your CRO has set the aggregate position limit to 12000 shares for this week.,148,2026-02-02 00:04:12.653709,SPNG,24.87,24.87,25.7,2435400.0,1734.0,2050900.0,1679.0
1.0,1.0,1.0,,Welcome to the RITC 2026 Alogithmic Market Making Case - practice server,,148,2026-02-02 00:04:12.653709,SMMR,25.66,25.53,25.63,2084300.0,3858.0,2000200.0,3765.0
,,,,,,148,2026-02-02 00:04:12.653709,ATMN,23.99,23.99,24.09,2262600.0,1706.0,1894800.0,2809.0
,,,,,,148,2026-02-02 00:04:12.653709,WNTR,25.65,25.65,25.81,1955700.0,5425.0,1725200.0,6453.0
2.0,1.0,1.0,,Aggregate Position Limit,Your CRO has set the aggregate position limit to 12000 shares for this week.,149,2026-02-02 00:04:13.670602,SPNG,25.73,24.87,25.73,2435400.0,1734.0,2061300.0,1679.0
1.0,1.0,1.0,,Welcome to the RITC 2026 Alogithmic Market Making Case - practice server,,149,2026-02-02 00:04:13.670602,SMMR,25.51,25.54,25.63,2305000.0,,2011700.0,3765.0
,,,,,,149,2026-02-02 00:04:13.670602,ATMN,24.21,23.99,24.21,2242400.0,1706.0,1886600.0,2797.0
,,,,,,149,2026-02-02 00:04:13.670602,WNTR,25.82,25.71,25.82,1804400.0,7425.0,1834700.0,4453.0
2.0,1.0,1.0,,Aggregate Position Limit,Your CRO has set the aggregate position limit to 12000 shares for this week.,150,2026-02-02 00:04:14.690433,SPNG,25.73,25.04,25.19,3734.0,2238500.0,3660.0,1991900.0
1.0,1.0,1.0,,Welcome to the RITC 2026 Alogithmic Market Making Case - practice server,,150,2026-02-02 00:04:14.690433,SMMR,25.64,25.59,25.64,1710.0,2179400.0,3784.0,2024100.0
,,,,,,150,2026-02-02 00:04:14.690433,ATMN,23.93,23.93,24.0,,2398000.0,2797.0,1925900.0
,,,,,,150,2026-02-02 00:04:14.690433,WNTR,25.82,25.71,25.73,7425.0,1804400.0,4453.0,1863800.0
2.0,1.0,1.0,,Aggregate Position Limit,Your CRO has set the aggregate position limit to 12000 shares for this week.,151,2026-02-02 00:04:15.714232,SPNG,25.19,25.72,25.73,2208900.0,3734.0,2092800.0,1679.0
1.0,1.0,1.0,,Welcome to the RITC 2026 Alogithmic Market Making Case - practice server,,151,2026-02-02 00:04:15.714232,SMMR,25.51,25.51,25.6,2344000.0,,2013900.0,3784.0
,,,,,,151,2026-02-02 00:04:15.714232,ATMN,23.93,23.93,24.0,2247500.0,2000.0,1804200.0,4775.0
,,,,,,151,2026-02-02 00:04:15.714232,WNTR,25.73,25.65,25.73,1809800.0,7196.0,1870800.0,4453.0
2.0,1.0,1.0,,Aggregate Position Limit,Your CRO has set the aggregate position limit to 12000 shares for this week.,152,2026-02-02 00:04:16.740506,SPNG,25.12,25.12,25.36,2185100.0,3734.0,2033300.0,3501.0
1.0,1.0,1.0,,Welcome to the RITC 2026 Alogithmic Market Making Case - practice server,,152,2026-02-02 00:04:16.740506,SMMR,25.35,25.35,25.64,2343500.0,,2024100.0,3784.0
,,,,,,152,2026-02-02 00:04:16.740506,ATMN,24.21,23.93,24.14,2247500.0,2000.0,1914000.0,2797.0
,,,,,,152,2026-02-02 00:04:16.740506,WNTR,25.73,25.65,25.73,1791600.0,7196.0,1744900.0,6453.0
2.0,1.0,1.0,,Aggregate Position Limit,Your CRO has set the aggregate position limit to 12000 shares for this week.,153,2026-02-02 00:04:17.758340,SPNG,24.98,24.98,25.36,2296400.0,1734.0,2033300.0,3501.0
1.0,1.0,1.0,,Welcome to the RITC 2026 Alogithmic Market Making Case - practice server,,153,2026-02-02 00:04:17.758340,SMMR,25.66,25.58,25.66,2171800.0,1732.0,2005200.0,3784.0
,,,,,,153,2026-02-02 00:04:17.758340,ATMN,24.36,24.04,24.36,2138300.0,3885.0,1912300.0,2797.0
,,,,,,153,2026-02-02 00:04:17.758340,WNTR,25.8,25.65,25.8,1791600.0,7196.0,1836400.0,4453.0
2.0,1.0,1.0,,Aggregate Position Limit,Your CRO has set the aggregate position limit to 12000 shares for this week.,154,2026-02-02 00:04:18.780109,SPNG,24.86,24.86,25.73,2389100.0,1734.0,1991900.0,3501.0
1.0,1.0,1.0,,Welcome to the RITC 2026 Alogithmic Market Making Case - practice server,,154,2026-02-02 00:04:18.780109,SMMR,25.35,25.35,25.66,2343500.0,,2005200.0,3784.0
,,,,,,154,2026-02-02 00:04:18.780109,ATMN,23.87,23.87,24.14,2383800.0,,1809900.0,4797.0
,,,,,,154,2026-02-02 00:04:18.780109,WNTR,25.8,25.73,25.78,1668900.0,9122.0,1717400.0,6453.0
2.0,1.0,1.0,,Aggregate Position Limit,Your CRO has set the aggregate position limit to 12000 shares for this week.,156,2026-02-02 00:04:19.820274,SPNG,24.86,25.26,25.41,3591.0,2230200.0,5501.0,1927200.0
1.0,1.0,1.0,,Welcome to the RITC 2026 Alogithmic Market Making Case - practice server,,156,2026-02-02 00:04:19.820274,SMMR,25.66,25.47,25.55,1892.0,2199900.0,5784.0,1877800.0
,,,,,,156,2026-02-02 00:04:19.820274,ATMN,23.83,23.83,24.35,,2390600.0,2797.0,1923700.0
,,,,,,156,2026-02-02 00:04:19.820274,WNTR,25.8,25.75,25.8,9122.0,1682000.0,4453.0,1841900.0
2.0,1.0,1.0,,Aggregate Position Limit,Your CRO has set the aggregate position limit to 12000 shares for this week.,157,2026-02-02 00:04:20.854429,SPNG,25.24,25.24,25.41,2300500.0,1734.0,5501.0,1927200.0
1.0,1.0,1.0,,Welcome to the RITC 2026 Alogithmic Market Making Case - practice server,,157,2026-02-02 00:04:20.854429,SMMR,25.56,25.56,25.68,2211900.0,1892.0,1784.0,1939600.0
,,,,,,157,2026-02-02 00:04:20.854429,ATMN,23.83,24.2,24.27,2263300.0,1732.0,4797.0,1774500.0
,,,,,,157,2026-02-02 00:04:20.854429,WNTR,25.8,25.73,25.8,1560700.0,11122.0,6366.0,1748100.0
2.0,1.0,1.0,,Aggregate Position Limit,Your CRO has set the aggregate position limit to 12000 shares for this week.,158,2026-02-02 00:04:21.890507,SPNG,25.17,25.32,25.34,2139700.0,3442.0,1838900.0,7501.0
1.0,1.0,1.0,,Welcome to the RITC 2026 Alogithmic Market Making Case - practice server,,158,2026-02-02 00:04:21.890507,SMMR,25.5,25.63,25.68,2176100.0,1892.0,1939600.0,1784.0
,,,,,,158,2026-02-02 00:04:21.890507,ATMN,24.2,23.83,23.93,2367000.0,,1883600.0,2820.0
,,,,,,158,2026-02-02 00:04:21.890507,WNTR,25.8,25.76,25.8,1524600.0,11122.0,1748100.0,6366.0
2.0,1.0,1.0,,Aggregate Position Limit,Your CRO has set the aggregate position limit to 12000 shares for this week.,159,2026-02-02 00:04:22.934545,SPNG,25.45,25.45,25.52,2114400.0,3442.0,2013200.0,3501.0
1.0,1.0,1.0,,Welcome to the RITC 2026 Alogithmic Market Making Case - practice server,,159,2026-02-02 00:04:22.934545,SMMR,25.63,25.63,25.68,2056300.0,3892.0,2065000.0,1784.0
,,,,,,159,2026-02-02 00:04:22.934545,ATMN,23.93,23.83,23.93,2239500.0,1892.0,1789900.0,4820.0
,,,,,,159,2026-02-02 00:04:22.934545,WNTR,25.8,25.81,25.83,1561900.0,11122.0,1781200.0,6366.0
2.0,1.0,1.0,,Aggregate Position Limit,Your CRO has set the aggregate position limit to 12000 shares for this week.,160,2026-02-02 00:04:23.970473,SPNG,24.85,25.28,25.39,3734.0,2219800.0,2044300.0,3501.0
1.0,1.0,1.0,,Welcome to the RITC 2026 Alogithmic Market Making Case - practice server,,160,2026-02-02 00:04:23.970473,SMMR,25.63,25.58,25.59,3892.0,2064800.0,2082200.0,1784.0
,,,,,,160,2026-02-02 00:04:23.970473,ATMN,24.27,23.83,24.27,1892.0,2250600.0,1774500.0,4797.0
,,,,,,160,2026-02-02 00:04:23.970473,WNTR,25.83,25.81,25.83,13122.0,1461200.0,1697800.0,8119.0
2.0,1.0,1.0,,Aggregate Position Limit,Your CRO has set the aggregate position limit to 12000 shares for this week.,161,2026-02-02 00:04:25.008218,SPNG,25.19,25.41,25.43,2339500.0,1734.0,5472.0,1930700.0
1.0,1.0,1.0,,Welcome to the RITC 2026 Alogithmic Market Making Case - practice server,,161,2026-02-02 00:04:25.008218,SMMR,25.56,25.47,25.54,1959000.0,5892.0,3556.0,1975300.0
,,,,,,161,2026-02-02 00:04:25.008218,ATMN,24.35,23.83,24.35,2250600.0,1892.0,2797.0,1913100.0
,,,,,,161,2026-02-02 00:04:25.008218,WNTR,25.81,25.81,25.83,1553800.0,11299.0,8119.0,1702900.0
2.0,1.0,1.0,,Aggregate Position Limit,Your CRO has set the aggregate position limit to 12000 shares for this week.,162,2026-02-02 00:04:26.070227,SPNG,24.85,25.08,25.43,2311400.0,1734.0,5472.0,1930700.0
1.0,1.0,1.0,,Welcome to the RITC 2026 Alogithmic Market Making Case - practice server,,162,2026-02-02 00:04:26.070227,SMMR,25.34,25.34,25.54,2349300.0,,3556.0,1993900.0
,,,,,,162,2026-02-02 00:04:26.070227,ATMN,24.39,24.03,24.39,2140300.0,3806.0,1977.0,2004900.0
,,,,,,162,2026-02-02 00:04:26.070227,WNTR,25.76,25.76,25.83,1406400.0,13122.0,9872.0,1584900.0
2.0,1.0,1.0,,Aggregate Position Limit,Your CRO has set the aggregate position limit to 12000 shares for this week.,163,2026-02-02 00:04:27.129904,SPNG,25.62,25.16,25.46,3465.0,2185800.0,2067000.0,3501.0
1.0,1.0,1.0,,Welcome to the RITC 2026 Alogithmic Market Making Case - practice server,,163,2026-02-02 00:04:27.129904,SMMR,25.34,25.33,25.34,1977.0,2139700.0,2025600.0,3556.0
,,,,,,163,2026-02-02 00:04:27.129904,ATMN,23.77,23.77,24.39,,2339000.0,1999800.0,1977.0
,,,,,,163,2026-02-02 00:04:27.129904,WNTR,25.84,25.76,25.84,13122.0,1406400.0,1557200.0,9872.0
2.0,1.0,1.0,,Aggregate Position Limit,Your CRO has set the aggregate position limit to 12000 shares for this week.,164,2026-02-02 00:04:28.150933,SPNG,25.62,25.17,25.3,2173400.0,3465.0,2068100.0,3501.0
1.0,1.0,1.0,,Welcome to the RITC 2026 Alogithmic Market Making Case - practice server,,164,2026-02-02 00:04:28.150933,SMMR,25.34,25.33,25.34,2134200.0,1977.0,1920300.0,5328.0
,,,,,,164,2026-02-02 00:04:28.150933,ATMN,23.92,23.77,23.92,2339000.0,,1880100.0,3677.0
,,,,,,164,2026-02-02 00:04:28.150933,WNTR,25.84,25.76,25.84,1406400.0,13122.0,1607100.0,9872.0
2.0,1.0,1.0,,Aggregate Position Limit,Your CRO has set the aggregate position limit to 12000 shares for this week.,165,2026-02-02 00:04:29.189961,SPNG,25.62,25.29,25.3,2015100.0,5465.0,1967400.0,5453.0
1.0,1.0,1.0,,Welcome to the RITC 2026 Alogithmic Market Making Case - practice server,,165,2026-02-02 00:04:29.189961,SMMR,25.59,25.59,25.68,2134400.0,1977.0,2090900.0,1784.0
,,,,,,165,2026-02-02 00:04:29.189961,ATMN,23.92,23.9,23.92,2328300.0,,1880100.0,3677.0
,,,,,,165,2026-02-02 00:04:29.189961,WNTR,25.76,25.76,25.83,1406400.0,13276.0,1598500.0,10965.0
2.0,1.0,1.0,,Aggregate Position Limit,Your CRO has set the aggregate position limit to 12000 shares for this week.,166,2026-02-02 00:04:30.232817,SPNG,25.46,25.29,25.45,2050300.0,5465.0,2106400.0,3501.0
1.0,1.0,1.0,,Welcome to the RITC 2026 Alogithmic Market Making Case - practice server,,166,2026-02-02 00:04:30.232817,SMMR,25.68,25.33,25.68,2113000.0,1977.0,2071700.0,1784.0
,,,,,,166,2026-02-02 00:04:30.232817,ATMN,23.9,23.9,24.15,2328300.0,,1897100.0,3677.0
,,,,,,166,2026-02-02 00:04:30.232817,WNTR,25.76,25.76,25.83,1403700.0,13099.0,1598500.0,10965.0
2.0,1.0,1.0,,Aggregate Position Limit,Your CRO has set the aggregate position limit to 12000 shares for this week.,167,2026-02-02 00:04:31.278962,SPNG,25.46,25.44,25.45,2065300.0,5465.0,2138300.0,3501.0
1.0,1.0,1.0,,Welcome to the RITC 2026 Alogithmic Market Making Case - practice server,,167,2026-02-02 00:04:31.278962,SMMR,25.33,25.33,25.68,2116000.0,1977.0,2071700.0,1784.0
,,,,,,167,2026-02-02 00:04:31.278962,ATMN,23.77,23.77,24.15,2299100.0,,1803300.0,5677.0
,,,,,,167,2026-02-02 00:04:31.278962,WNTR,25.73,25.71,25.72,1520300.0,11122.0,1460900.0,12878.0
2.0,1.0,1.0,,Aggregate Position Limit,Your CRO has set the aggregate position limit to 12000 shares for this week.,168,2026-02-02 00:04:32.310133,SPNG,25.45,25.24,25.45,2084900.0,5465.0,2049400.0,4443.0
1.0,1.0,1.0,,Welcome to the RITC 2026 Alogithmic Market Making Case - practice server,,168,2026-02-02 00:04:32.310133,SMMR,25.32,25.45,25.54,2016900.0,2919.0,1977300.0,2726.0
,,,,,,168,2026-02-02 00:04:32.310133,ATMN,24.44,23.77,24.44,2299100.0,,2018800.0,1977.0
,,,,,,168,2026-02-02 00:04:32.310133,WNTR,25.81,25.79,25.81,1495800.0,11122.0,1463500.0,12878.0
2.0,1.0,1.0,,Aggregate Position Limit,Your CRO has set the aggregate position limit to 12000 shares for this week.,169,2026-02-02 00:04:33.339879,SPNG,25.24,25.24,25.45,2084900.0,5465.0,2084800.0,4443.0
1.0,1.0,1.0,,Welcome to the RITC 2026 Alogithmic Market Making Case - practice server,,169,2026-02-02 00:04:33.339879,SMMR,25.54,25.32,25.54,2111700.0,1977.0,1977300.0,2726.0
,,,,,,169,2026-02-02 00:04:33.339879,ATMN,23.73,24.03,24.14,2204900.0,942.0,1905100.0,2919.0
,,,,,,169,2026-02-02 00:04:33.339879,WNTR,25.67,25.67,25.81,1520300.0,10064.0,1478800.0,12878.0
2.0,1.0,1.0,,Aggregate Position Limit,Your CRO has set the aggregate position limit to 12000 shares for this week.,170,2026-02-02 00:04:34.360434,SPNG,25.17,25.26,25.41,7465.0,1951200.0,6314.0,1971200.0
1.0,1.0,1.0,,Welcome to the RITC 2026 Alogithmic Market Making Case - practice server,,170,2026-02-02 00:04:34.360434,SMMR,25.32,25.31,25.32,1977.0,2126400.0,1784.0,2115600.0
,,,,,,170,2026-02-02 00:04:34.360434,ATMN,24.03,23.73,23.74,,2324400.0,942.0,2006700.0
,,,,,,170,2026-02-02 00:04:34.360434,WNTR,25.85,25.66,25.85,10064.0,1525900.0,11785.0,1456100.0
2.0,1.0,1.0,,Aggregate Position Limit,Your CRO has set the aggregate position limit to 12000 shares for this week.,171,2026-02-02 00:04:35.389819,SPNG,25.18,25.18,25.41,2070700.0,5465.0,6314.0,1975400.0
1.0,1.0,1.0,,Welcome to the RITC 2026 Alogithmic Market Making Case - practice server,,171,2026-02-02 00:04:35.389819,SMMR,25.63,25.63,25.69,2013700.0,3960.0,1784.0,2096700.0
,,,,,,171,2026-02-02 00:04:35.389819,ATMN,24.03,23.73,23.74,2185900.0,1986.0,942.0,2006700.0
,,,,,,171,2026-02-02 00:04:35.389819,WNTR,25.64,25.64,25.79,1851000.0,5198.0,10965.0,1573300.0
2.0,1.0,1.0,,Aggregate Position Limit,Your CRO has set the aggregate position limit to 12000 shares for this week.,172,2026-02-02 00:04:36.409840,SPNG,25.45,25.18,25.45,2080200.0,5465.0,2097500.0,4443.0
1.0,1.0,1.0,,Welcome to the RITC 2026 Alogithmic Market Making Case - practice server,,172,2026-02-02 00:04:36.409840,SMMR,25.54,25.6,25.69,2038300.0,3960.0,2089400.0,1784.0
,,,,,,172,2026-02-02 00:04:36.409840,ATMN,23.7,23.7,24.19,2161800.0,1986.0,2027700.0,1977.0
,,,,,,172,2026-02-02 00:04:36.409840,WNTR,25.67,25.67,25.79,1767900.0,6646.0,1573300.0,10965.0
2.0,1.0,1.0,,Aggregate Position Limit,Your CRO has set the aggregate position limit to 12000 shares for this week.,173,2026-02-02 00:04:37.443747,SPNG,25.53,25.23,25.53,5515.0,1938000.0,2040500.0,4443.0
1.0,1.0,1.0,,Welcome to the RITC 2026 Alogithmic Market Making Case - practice server,,173,2026-02-02 00:04:37.443747,SMMR,25.31,25.46,25.57,4010.0,1912100.0,1995700.0,1834.0
,,,,,,173,2026-02-02 00:04:37.443747,ATMN,23.7,23.7,23.71,1986.0,2161800.0,2135300.0,
,,,,,,173,2026-02-02 00:04:37.443747,WNTR,25.82,25.64,25.82,6646.0,1756000.0,1592900.0,10965.0
2.0,1.0,1.0,,Aggregate Position Limit,Your CRO has set the aggregate position limit to 12000 shares for this week.,174,2026-02-02 00:04:38.475128,SPNG,25.12,25.12,25.2,2295000.0,1734.0,2054900.0,4443.0
1.0,1.0,1.0,,Welcome to the RITC 2026 Alogithmic Market Making Case - practice server,,174,2026-02-02 00:04:38.475128,SMMR,25.48,25.48,25.55,1922700.0,4010.0,2016800.0,1834.0
,,,,,,174,2026-02-02 00:04:38.475128,ATMN,23.71,23.7,23.71,2017300.0,2036.0,2024700.0,50.0
,,,,,,174,2026-02-02 00:04:38.475128,WNTR,25.64,25.64,25.85,1672600.0,6696.0,1567600.0,10965.0
2.0,1.0,1.0,,Aggregate Position Limit,Your CRO has set the aggregate position limit to 12000 shares for this week.,175,2026-02-02 00:04:39.494398,SPNG,25.27,25.12,25.26,2295000.0,1734.0,2194500.0,3501.0
1.0,1.0,1.0,,Welcome to the RITC 2026 Alogithmic Market Making Case - practice server,,175,2026-02-02 00:04:39.494398,SMMR,25.55,25.48,25.49,1922700.0,4010.0,2021300.0,1834.0
,,,,,,175,2026-02-02 00:04:39.494398,ATMN,24.19,23.91,24.19,2015700.0,2036.0,2147900.0,
,,,,,,175,2026-02-02 00:04:39.494398,WNTR,25.64,25.64,25.69,1672600.0,6696.0,1515500.0,11015.0
2.0,1.0,1.0,,Aggregate Position Limit,Your CRO has set the aggregate position limit to 12000 shares for this week.,176,2026-02-02 00:04:40.510077,SPNG,25.6,25.16,25.6,2209100.0,1901.0,2176000.0,3501.0
1.0,1.0,1.0,,Welcome to the RITC 2026 Alogithmic Market Making Case - practice server,,176,2026-02-02 00:04:40.510077,SMMR,25.55,25.48,25.55,1793100.0,4177.0,1936800.0,2001.0
,,,,,,176,2026-02-02 00:04:40.510077,ATMN,23.91,23.91,24.05,2015700.0,2036.0,2183400.0,
,,,,,,176,2026-02-02 00:04:40.510077,WNTR,25.64,25.64,25.69,1711100.0,6696.0,1515500.0,11015.0
2.0,1.0,1.0,,Aggregate Position Limit,Your CRO has set the aggregate position limit to 12000 shares for this week.,177,2026-02-02 00:04:41.524693,SPNG,25.12,25.12,25.59,2212400.0,1901.0,2162300.0,3501.0
1.0,1.0,1.0,,Welcome to the RITC 2026 Alogithmic Market Making Case - practice server,,177,2026-02-02 00:04:41.524693,SMMR,25.56,25.47,25.56,1896900.0,4010.0,1941500.0,2001.0
,,,,,,177,2026-02-02 00:04:41.524693,ATMN,24.13,23.93,24.13,1884300.0,2203.0,2183400.0,
,,,,,,177,2026-02-02 00:04:41.524693,WNTR,25.64,25.64,25.69,1617300.0,6863.0,1523100.0,9488.0
2.0,1.0,1.0,,Aggregate Position Limit,Your CRO has set the aggregate position limit to 12000 shares for this week.,178,2026-02-02 00:04:42.559991,SPNG,25.59,25.54,25.59,2318200.0,1734.0,2162300.0,3501.0
1.0,1.0,1.0,,Welcome to the RITC 2026 Alogithmic Market Making Case - practice server,,178,2026-02-02 00:04:42.559991,SMMR,25.5,25.5,25.51,1793100.0,4511.0,1810700.0,2502.0
,,,,,,178,2026-02-02 00:04:42.559991,ATMN,24.13,23.93,23.98,1839200.0,2203.0,2164800.0,
,,,,,,178,2026-02-02 00:04:42.559991,WNTR,25.69,25.63,25.69,1673100.0,6813.0,1523100.0,9488.0
2.0,1.0,1.0,,Aggregate Position Limit,Your CRO has set the aggregate position limit to 12000 shares for this week.,179,2026-02-02 00:04:43.602035,SPNG,25.03,25.1,25.53,2338400.0,1734.0,2198300.0,3501.0
1.0,1.0,1.0,,Welcome to the RITC 2026 Alogithmic Market Making Case - practice server,,179,2026-02-02 00:04:43.602035,SMMR,25.56,25.45,25.48,2019600.0,3960.0,1817500.0,2502.0
,,,,,,179,2026-02-02 00:04:43.602035,ATMN,24.04,23.77,24.04,1973500.0,2036.0,2192200.0,
,,,,,,179,2026-02-02 00:04:43.602035,WNTR,25.77,25.67,25.77,1551700.0,7314.0,1590600.0,10965.0
2.0,1.0,1.0,,Aggregate Position Limit,Your CRO has set the aggregate position limit to 12000 shares for this week.,180,2026-02-02 00:04:44.626039,SPNG,27.16,27.16,27.71,985700.0,2786.0,922400.0,
1.0,1.0,1.0,,Welcome to the RITC 2026 Alogithmic Market Making Case - practice server,,180,2026-02-02 00:04:44.626039,SMMR,25.26,25.11,25.26,895300.0,,943600.0,2502.0
,,,,,,180,2026-02-02 00:04:44.626039,ATMN,24.04,24.59,24.75,822600.0,2036.0,733900.0,1977.0
,,,,,,180,2026-02-02 00:04:44.626039,WNTR,25.5,25.5,25.72,872200.0,,925800.0,12286.0
2.0,1.0,1.0,,Aggregate Position Limit,Your CRO has set the aggregate position limit to 12000 shares for this week.,181,2026-02-02 00:04:45.679716,SPNG,27.16,25.89,26.24,1021400.0,2786.0,1355600.0,
1.0,1.0,1.0,,Welcome to the RITC 2026 Alogithmic Market Making Case - practice server,,181,2026-02-02 00:04:45.679716,SMMR,24.87,24.55,24.76,919000.0,,1297000.0,3554.0
,,,,,,181,2026-02-02 00:04:45.679716,ATMN,24.78,24.62,24.78,875800.0,3088.0,830000.0,
,,,,,,181,2026-02-02 00:04:45.679716,WNTR,25.49,25.6,25.72,990600.0,,913100.0,11785.0
2.0,1.0,1.0,,Aggregate Position Limit,Your CRO has set the aggregate position limit to 12000 shares for this week.,182,2026-02-02 00:04:46.704204,SPNG,25.89,25.89,26.02,1045300.0,2786.0,1449900.0,
1.0,1.0,1.0,,Welcome to the RITC 2026 Alogithmic Market Making Case - practice server,,182,2026-02-02 00:04:46.704204,SMMR,24.55,24.55,24.57,931100.0,,1403600.0,3554.0
,,,,,,182,2026-02-02 00:04:46.704204,ATMN,24.78,24.62,24.74,988400.0,3088.0,1040600.0,1052.0
,,,,,,182,2026-02-02 00:04:46.704204,WNTR,25.45,25.27,25.32,891300.0,,1265600.0,12837.0
2.0,1.0,1.0,,Aggregate Position Limit,Your CRO has set the aggregate position limit to 12000 shares for this week.,183,2026-02-02 00:04:47.719838,SPNG,26.24,25.89,26.15,1045300.0,2786.0,1682900.0,
1.0,1.0,1.0,,Welcome to the RITC 2026 Alogithmic Market Making Case - practice server,,183,2026-02-02 00:04:47.719838,SMMR,24.57,24.61,24.62,1069000.0,,1667200.0,3554.0
,,,,,,183,2026-02-02 00:04:47.719838,ATMN,24.51,24.41,24.51,902000.0,2036.0,1168900.0,1052.0
,,,,,,183,2026-02-02 00:04:47.719838,WNTR,25.67,25.52,25.67,1121100.0,,1148600.0,12837.0
2.0,1.0,1.0,,Aggregate Position Limit,Your CRO has set the aggregate position limit to 12000 shares for this week.,184,2026-02-02 00:04:48.732732,SPNG,25.89,25.62,25.89,1089600.0,2786.0,1920300.0,
1.0,1.0,1.0,,Welcome to the RITC 2026 Alogithmic Market Making Case - practice server,,184,2026-02-02 00:04:48.732732,SMMR,24.53,24.53,24.62,965200.0,,1666600.0,3554.0
,,,,,,184,2026-02-02 00:04:48.732732,ATMN,24.75,24.47,24.48,1162400.0,2036.0,1134400.0,
,,,,,,184,2026-02-02 00:04:48.732732,WNTR,25.52,25.27,25.47,1101400.0,,1397900.0,12837.0
2.0,1.0,1.0,,Aggregate Position Limit,Your CRO has set the aggregate position limit to 12000 shares for this week.,185,2026-02-02 00:04:49.749456,SPNG,26.15,25.62,26.15,1357400.0,2786.0,1899700.0,
1.0,1.0,1.0,,Welcome to the RITC 2026 Alogithmic Market Making Case - practice server,,185,2026-02-02 00:04:49.749456,SMMR,24.53,24.17,24.45,1221000.0,,1696000.0,3554.0
,,,,,,185,2026-02-02 00:04:49.749456,ATMN,25.31,24.47,25.31,1162400.0,2036.0,1160700.0,
,,,,,,185,2026-02-02 00:04:49.749456,WNTR,25.55,25.59,25.67,1336400.0,,1254500.0,12837.0
2.0,1.0,1.0,,Aggregate Position Limit,Your CRO has set the aggregate position limit to 12000 shares for this week.,186,2026-02-02 00:04:50.770032,SPNG,25.62,26.08,26.15,1369700.0,2786.0,2112400.0,
1.0,1.0,1.0,,Welcome to the RITC 2026 Alogithmic Market Making Case - practice server,,186,2026-02-02 00:04:50.770032,SMMR,24.53,24.44,24.45,1568000.0,,1696000.0,3554.0
,,,,,,186,2026-02-02 00:04:50.770032,ATMN,24.41,24.41,25.06,1041000.0,2036.0,1369000.0,
,,,,,,186,2026-02-02 00:04:50.770032,WNTR,25.67,25.45,25.67,1222700.0,,1118300.0,12837.0
2.0,1.0,1.0,,Aggregate Position Limit,Your CRO has set the aggregate position limit to 12000 shares for this week.,187,2026-02-02 00:04:51.799591,SPNG,25.62,26.08,26.1,1369700.0,2786.0,2184400.0,
1.0,1.0,1.0,,Welcome to the RITC 2026 Alogithmic Market Making Case - practice server,,187,2026-02-02 00:04:51.799591,SMMR,24.44,24.44,24.45,1685300.0,,1716200.0,3554.0
,,,,,,187,2026-02-02 00:04:51.799591,ATMN,24.41,24.41,24.83,1154200.0,2036.0,1551000.0,
,,,,,,187,2026-02-02 00:04:51.799591,WNTR,25.45,25.45,25.65,1222700.0,,1247000.0,12837.0
2.0,1.0,1.0,,Aggregate Position Limit,Your CRO has set the aggregate position limit to 12000 shares for this week.,188,2026-02-02 00:04:52.830019,SPNG,26.08,26.08,26.1,1369700.0,2786.0,2198900.0,
1.0,1.0,1.0,,Welcome to the RITC 2026 Alogithmic Market Making Case - practice server,,188,2026-02-02 00:04:52.830019,SMMR,24.6,24.39,24.6,1680200.0,,1688000.0,3554.0
,,,,,,188,2026-02-02 00:04:52.830019,ATMN,25.06,24.33,25.06,1174700.0,2036.0,1369000.0,
,,,,,,188,2026-02-02 00:04:52.830019,WNTR,25.58,25.45,25.58,1329400.0,,1375000.0,12837.0
2.0,1.0,1.0,,Aggregate Position Limit,Your CRO has set the aggregate position limit to 12000 shares for this week.,189,2026-02-02 00:04:53.851906,SPNG,26.08,25.62,25.89,1351600.0,2786.0,2239900.0,
1.0,1.0,1.0,,Welcome to the RITC 2026 Alogithmic Market Making Case - practice server,,189,2026-02-02 00:04:53.851906,SMMR,24.62,24.54,24.62,2027500.0,,1666600.0,3554.0
,,,,,,189,2026-02-02 00:04:53.851906,ATMN,24.26,24.26,25.06,1062100.0,2036.0,1573200.0,
,,,,,,189,2026-02-02 00:04:53.851906,WNTR,25.58,25.53,25.58,1679000.0,,1375000.0,12837.0
2.0,1.0,1.0,,Aggregate Position Limit,Your CRO has set the aggregate position limit to 12000 shares for this week.,190,2026-02-02 00:04:54.879981,SPNG,25.75,25.85,26.1,1610500.0,2786.0,2234500.0,
1.0,1.0,1.0,,Welcome to the RITC 2026 Alogithmic Market Making Case - practice server,,190,2026-02-02 00:04:54.879981,SMMR,24.62,24.65,24.76,2159300.0,,1684500.0,3554.0
,,,,,,190,2026-02-02 00:04:54.879981,ATMN,24.94,25.03,25.06,1180000.0,2036.0,1779400.0,
,,,,,,190,2026-02-02 00:04:54.879981,WNTR,25.53,25.53,25.65,1679000.0,,1336800.0,12837.0
2.0,1.0,1.0,,Aggregate Position Limit,Your CRO has set the aggregate position limit to 12000 shares for this week.,191,2026-02-02 00:04:55.889788,SPNG,25.75,25.88,26.1,1730400.0,2786.0,2263500.0,
1.0,1.0,1.0,,Welcome to the RITC 2026 Alogithmic Market Making Case - practice server,,191,2026-02-02 00:04:55.889788,SMMR,24.68,24.74,24.76,2142700.0,,1684500.0,3554.0
,,,,,,191,2026-02-02 00:04:55.889788,ATMN,25.03,24.26,24.83,1183900.0,2036.0,1973100.0,
,,,,,,191,2026-02-02 00:04:55.889788,WNTR,25.72,25.53,25.54,1679000.0,,1309600.0,11785.0
2.0,1.0,1.0,,Aggregate Position Limit,Your CRO has set the aggregate position limit to 12000 shares for this week.,192,2026-02-02 00:04:56.914360,SPNG,26.24,25.88,26.24,1870200.0,2786.0,2249500.0,
1.0,1.0,1.0,,Welcome to the RITC 2026 Alogithmic Market Making Case - practice server,,192,2026-02-02 00:04:56.914360,SMMR,24.54,24.54,24.76,2027500.0,,1666200.0,3554.0
,,,,,,192,2026-02-02 00:04:56.914360,ATMN,25.03,24.7,24.83,1283600.0,2036.0,1998400.0,
,,,,,,192,2026-02-02 00:04:56.914360,WNTR,25.72,25.53,25.54,1910200.0,,1414400.0,11785.0
2.0,1.0,1.0,,Aggregate Position Limit,Your CRO has set the aggregate position limit to 12000 shares for this week.,193,2026-02-02 00:04:57.953270,SPNG,25.62,25.62,26.24,1632000.0,2786.0,2295200.0,
