news_id,period,tick,ticker,headline,body,tick,timestamp,ticker,last_price,bid_price,ask_price,BUY_ANON,SELL_ANON,SELL_COLA-6,BUY_COLA-6
2.0,1.0,1.0,,Aggregate Position Limit,Your CRO has set the aggregate position limit to 9000 shares for this week.,2,2026-02-01 04:05:18.964930,SPNG,24.93,24.93,25.02,2180800.0,1927300.0,0,0
1.0,1.0,1.0,,Welcome to the RITC 2026 Alogithmic Market Making Case - practice server,,2,2026-02-01 04:05:18.964930,SMMR,24.99,25.03,25.04,2112400.0,1827700.0,0,0
,,,,,,2,2026-02-01 04:05:18.964930,ATMN,25.01,24.91,25.01,2182700.0,2086400.0,0,0
,,,,,,2,2026-02-01 04:05:18.964930,WNTR,24.83,24.85,24.99,2079200.0,2153100.0,0,0
2.0,1.0,1.0,,Aggregate Position Limit,Your CRO has set the aggregate position limit to 9000 shares for this week.,3,2026-02-01 04:05:19.995877,SPNG,24.83,24.83,25.03,2170600.0,1826800.0,0,0
1.0,1.0,1.0,,Welcome to the RITC 2026 Alogithmic Market Making Case - practice server,,3,2026-02-01 04:05:19.995877,SMMR,25.04,24.97,25.04,2126000.0,1923600.0,0,0
,,,,,,3,2026-02-01 04:05:19.995877,ATMN,24.99,24.99,25.0,2185200.0,2067000.0,0,0
,,,,,,3,2026-02-01 04:05:19.995877,WNTR,24.83,24.88,24.92,2130800.0,2125500.0,0,0
2.0,1.0,1.0,,Aggregate Position Limit,Your CRO has set the aggregate position limit to 9000 shares for this week.,4,2026-02-01 04:05:21.033238,SPNG,24.82,24.82,25.19,2149000.0,1837600.0,0,0
1.0,1.0,1.0,,Welcome to the RITC 2026 Alogithmic Market Making Case - practice server,,4,2026-02-01 04:05:21.033238,SMMR,24.96,24.96,25.04,2118900.0,2135300.0,0,0
,,,,,,4,2026-02-01 04:05:21.033238,ATMN,25.22,24.99,25.03,2185200.0,2068900.0,0,0
,,,,,,4,2026-02-01 04:05:21.033238,WNTR,24.88,24.88,25.01,2147700.0,2122300.0,0,0
2.0,1.0,1.0,,Aggregate Position Limit,Your CRO has set the aggregate position limit to 9000 shares for this week.,5,2026-02-01 04:05:22.066881,SPNG,24.82,24.82,25.19,2141900.0,1927000.0,0,0
1.0,1.0,1.0,,Welcome to the RITC 2026 Alogithmic Market Making Case - practice server,,5,2026-02-01 04:05:22.066881,SMMR,25.09,24.96,25.09,2119700.0,2037800.0,0,0
,,,,,,5,2026-02-01 04:05:22.066881,ATMN,24.91,24.91,25.04,2188700.0,2067000.0,0,0
,,,,,,5,2026-02-01 04:05:22.066881,WNTR,25.01,24.88,25.01,2160600.0,2093400.0,0,0
2.0,1.0,1.0,,Aggregate Position Limit,Your CRO has set the aggregate position limit to 9000 shares for this week.,6,2026-02-01 04:05:23.105380,SPNG,24.8,25.16,25.19,2114300.0,1927000.0,0,0
1.0,1.0,1.0,,Welcome to the RITC 2026 Alogithmic Market Making Case - practice server,,6,2026-02-01 04:05:23.105380,SMMR,25.09,24.96,25.09,2092200.0,2137900.0,0,0
,,,,,,6,2026-02-01 04:05:23.105380,ATMN,25.04,24.91,25.04,2188700.0,2145100.0,0,0
,,,,,,6,2026-02-01 04:05:23.105380,WNTR,25.0,25.0,25.01,2135800.0,2134900.0,0,0
2.0,1.0,1.0,,Aggregate Position Limit,Your CRO has set the aggregate position limit to 9000 shares for this week.,7,2026-02-01 04:05:24.137460,SPNG,25.19,24.8,25.19,2140500.0,2037700.0,0,0
1.0,1.0,1.0,,Welcome to the RITC 2026 Alogithmic Market Making Case - practice server,,7,2026-02-01 04:05:24.137460,SMMR,25.0,25.0,25.08,2102400.0,2137800.0,0,0
,,,,,,7,2026-02-01 04:05:24.137460,ATMN,24.9,24.9,25.05,2196800.0,2122300.0,0,0
,,,,,,7,2026-02-01 04:05:24.137460,WNTR,25.04,24.88,25.04,2160600.0,2149400.0,0,0
2.0,1.0,1.0,,Aggregate Position Limit,Your CRO has set the aggregate position limit to 9000 shares for this week.,8,2026-02-01 04:05:25.203159,SPNG,25.28,24.8,25.28,2126800.0,1919800.0,0,0
1.0,1.0,1.0,,Welcome to the RITC 2026 Alogithmic Market Making Case - practice server,,8,2026-02-01 04:05:25.203159,SMMR,25.0,25.0,25.02,2088200.0,2138700.0,0,0
,,,,,,8,2026-02-01 04:05:25.203159,ATMN,24.84,24.84,25.05,2167000.0,2140400.0,0,0
,,,,,,8,2026-02-01 04:05:25.203159,WNTR,24.85,24.85,25.01,2132100.0,2132100.0,0,0
2.0,1.0,1.0,,Aggregate Position Limit,Your CRO has set the aggregate position limit to 9000 shares for this week.,9,2026-02-01 04:05:26.240948,SPNG,24.78,24.78,25.29,2130700.0,1795600.0,0,0
1.0,1.0,1.0,,Welcome to the RITC 2026 Alogithmic Market Making Case - practice server,,9,2026-02-01 04:05:26.240948,SMMR,25.08,24.91,25.08,2121800.0,2137800.0,0,0
,,,,,,9,2026-02-01 04:05:26.240948,ATMN,24.84,24.84,24.85,2155500.0,2146600.0,0,0
,,,,,,9,2026-02-01 04:05:26.240948,WNTR,24.83,24.83,24.95,2150400.0,2136100.0,0,0
2.0,1.0,1.0,,Aggregate Position Limit,Your CRO has set the aggregate position limit to 9000 shares for this week.,10,2026-02-01 04:05:27.271564,SPNG,25.32,24.68,25.32,2146100.0,1570200.0,0,0
1.0,1.0,1.0,,Welcome to the RITC 2026 Alogithmic Market Making Case - practice server,,10,2026-02-01 04:05:27.271564,SMMR,25.1,24.91,25.1,2117800.0,2135800.0,0,0
,,,,,,10,2026-02-01 04:05:27.271564,ATMN,24.74,24.74,25.13,2160400.0,2125700.0,0,0
,,,,,,10,2026-02-01 04:05:27.271564,WNTR,24.79,24.79,24.95,2140300.0,2136100.0,0,0
2.0,1.0,1.0,,Aggregate Position Limit,Your CRO has set the aggregate position limit to 9000 shares for this week.,11,2026-02-01 04:05:28.320149,SPNG,24.67,24.67,25.65,2125200.0,1451400.0,0,0
1.0,1.0,1.0,,Welcome to the RITC 2026 Alogithmic Market Making Case - practice server,,11,2026-02-01 04:05:28.320149,SMMR,25.1,24.91,24.97,2090300.0,2075000.0,0,0
,,,,,,11,2026-02-01 04:05:28.320149,ATMN,24.74,25.06,25.12,2153200.0,2134300.0,0,0
,,,,,,11,2026-02-01 04:05:28.320149,WNTR,24.72,24.89,24.95,2142200.0,2136100.0,0,0
2.0,1.0,1.0,,Aggregate Position Limit,Your CRO has set the aggregate position limit to 9000 shares for this week.,12,2026-02-01 04:05:29.359048,SPNG,24.67,24.67,25.65,2138100.0,1624000.0,0,0
1.0,1.0,1.0,,Welcome to the RITC 2026 Alogithmic Market Making Case - practice server,,12,2026-02-01 04:05:29.359048,SMMR,24.97,24.98,25.04,2155900.0,2097700.0,0,0
,,,,,,12,2026-02-01 04:05:29.359048,ATMN,24.73,24.73,25.12,2181300.0,2134300.0,0,0
,,,,,,12,2026-02-01 04:05:29.359048,WNTR,24.95,24.89,24.95,2149900.0,2161900.0,0,0
2.0,1.0,1.0,,Aggregate Position Limit,Your CRO has set the aggregate position limit to 9000 shares for this week.,13,2026-02-01 04:05:30.399596,SPNG,25.74,24.67,25.74,2138100.0,1627700.0,0,0
1.0,1.0,1.0,,Welcome to the RITC 2026 Alogithmic Market Making Case - practice server,,13,2026-02-01 04:05:30.399596,SMMR,24.97,24.99,25.04,2155600.0,2118200.0,0,0
,,,,,,13,2026-02-01 04:05:30.399596,ATMN,25.15,24.73,25.03,2187400.0,2144500.0,0,0
,,,,,,13,2026-02-01 04:05:30.399596,WNTR,24.95,25.0,25.01,2164900.0,2144500.0,0,0
2.0,1.0,1.0,,Aggregate Position Limit,Your CRO has set the aggregate position limit to 9000 shares for this week.,15,2026-02-01 04:05:31.433487,SPNG,25.86,24.67,25.25,2138100.0,1736800.0,0,0
1.0,1.0,1.0,,Welcome to the RITC 2026 Alogithmic Market Making Case - practice server,,15,2026-02-01 04:05:31.433487,SMMR,25.0,24.99,25.0,2155600.0,2140500.0,0,0
,,,,,,15,2026-02-01 04:05:31.433487,ATMN,24.75,24.73,24.75,2190500.0,2166000.0,0,0
,,,,,,15,2026-02-01 04:05:31.433487,WNTR,24.77,24.77,24.82,2136500.0,2169200.0,0,0
2.0,1.0,1.0,,Aggregate Position Limit,Your CRO has set the aggregate position limit to 9000 shares for this week.,16,2026-02-01 04:05:32.469644,SPNG,24.67,24.67,25.54,2130600.0,1631500.0,0,0
1.0,1.0,1.0,,Welcome to the RITC 2026 Alogithmic Market Making Case - practice server,,16,2026-02-01 04:05:32.469644,SMMR,25.07,24.99,25.07,2155600.0,2147300.0,0,0
,,,,,,16,2026-02-01 04:05:32.469644,ATMN,24.97,24.73,24.91,2190500.0,2155500.0,0,0
,,,,,,16,2026-02-01 04:05:32.469644,WNTR,24.75,24.75,24.82,2127900.0,2169200.0,0,0
2.0,1.0,1.0,,Aggregate Position Limit,Your CRO has set the aggregate position limit to 9000 shares for this week.,17,2026-02-01 04:05:33.495173,SPNG,24.66,24.66,25.86,2169200.0,1538800.0,0,0
1.0,1.0,1.0,,Welcome to the RITC 2026 Alogithmic Market Making Case - practice server,,17,2026-02-01 04:05:33.495173,SMMR,25.12,24.99,25.12,2155600.0,2129100.0,0,0
,,,,,,17,2026-02-01 04:05:33.495173,ATMN,24.97,24.83,24.91,2175400.0,2182800.0,0,0
,,,,,,17,2026-02-01 04:05:33.495173,WNTR,24.82,24.79,24.82,2128800.0,2169200.0,0,0
2.0,1.0,1.0,,Aggregate Position Limit,Your CRO has set the aggregate position limit to 9000 shares for this week.,18,2026-02-01 04:05:34.515033,SPNG,25.14,25.14,25.34,2173900.0,1756600.0,0,0
1.0,1.0,1.0,,Welcome to the RITC 2026 Alogithmic Market Making Case - practice server,,18,2026-02-01 04:05:34.515033,SMMR,25.12,24.99,25.01,2155600.0,2122000.0,0,0
,,,,,,18,2026-02-01 04:05:34.515033,ATMN,24.83,24.83,24.91,2210500.0,2182800.0,0,0
,,,,,,18,2026-02-01 04:05:34.515033,WNTR,25.01,24.88,25.01,2172500.0,2144500.0,0,0
2.0,1.0,1.0,,Aggregate Position Limit,Your CRO has set the aggregate position limit to 9000 shares for this week.,19,2026-02-01 04:05:35.553120,SPNG,25.14,25.14,25.34,2155900.0,1756600.0,0,0
1.0,1.0,1.0,,Welcome to the RITC 2026 Alogithmic Market Making Case - practice server,,19,2026-02-01 04:05:35.553120,SMMR,25.14,24.99,25.14,2155600.0,2107200.0,0,0
,,,,,,19,2026-02-01 04:05:35.553120,ATMN,24.91,24.94,24.96,2207900.0,2169500.0,0,0
,,,,,,19,2026-02-01 04:05:35.553120,WNTR,24.88,24.88,25.01,2172500.0,2144500.0,0,0
2.0,1.0,1.0,,Aggregate Position Limit,Your CRO has set the aggregate position limit to 9000 shares for this week.,20,2026-02-01 04:05:36.573954,SPNG,25.34,25.14,25.34,2151700.0,1756600.0,0,0
1.0,1.0,1.0,,Welcome to the RITC 2026 Alogithmic Market Making Case - practice server,,20,2026-02-01 04:05:36.573954,SMMR,24.93,24.93,25.14,2164400.0,2129300.0,0,0
,,,,,,20,2026-02-01 04:05:36.573954,ATMN,24.7,24.7,24.96,2215500.0,2169500.0,0,0
,,,,,,20,2026-02-01 04:05:36.573954,WNTR,24.88,24.88,25.01,2172500.0,2142300.0,0,0
2.0,1.0,1.0,,Aggregate Position Limit,Your CRO has set the aggregate position limit to 9000 shares for this week.,21,2026-02-01 04:05:37.611533,SPNG,24.84,24.84,25.34,2165200.0,1756600.0,0,0
1.0,1.0,1.0,,Welcome to the RITC 2026 Alogithmic Market Making Case - practice server,,21,2026-02-01 04:05:37.611533,SMMR,24.89,24.89,25.14,2167000.0,2147200.0,0,0
,,,,,,21,2026-02-01 04:05:37.611533,ATMN,24.7,24.79,24.96,2207300.0,2169500.0,0,0
,,,,,,21,2026-02-01 04:05:37.611533,WNTR,25.01,24.79,25.01,2162700.0,2115500.0,0,0
2.0,1.0,1.0,,Aggregate Position Limit,Your CRO has set the aggregate position limit to 9000 shares for this week.,22,2026-02-01 04:05:38.635771,SPNG,26.02,24.84,26.02,2165200.0,1422300.0,0,0
1.0,1.0,1.0,,Welcome to the RITC 2026 Alogithmic Market Making Case - practice server,,22,2026-02-01 04:05:38.635771,SMMR,24.95,24.95,24.98,2201400.0,2134300.0,0,0
,,,,,,22,2026-02-01 04:05:38.635771,ATMN,25.03,24.81,25.03,2201500.0,2171200.0,0,0
,,,,,,22,2026-02-01 04:05:38.635771,WNTR,24.78,24.78,25.01,2156700.0,2115500.0,0,0
2.0,1.0,1.0,,Aggregate Position Limit,Your CRO has set the aggregate position limit to 9000 shares for this week.,23,2026-02-01 04:05:39.660643,SPNG,24.73,24.73,25.99,2196200.0,1768200.0,0,0
1.0,1.0,1.0,,Welcome to the RITC 2026 Alogithmic Market Making Case - practice server,,23,2026-02-01 04:05:39.660643,SMMR,24.9,24.98,25.15,2180900.0,2144700.0,0,0
,,,,,,23,2026-02-01 04:05:39.660643,ATMN,25.15,25.1,25.15,2192000.0,2141500.0,0,0
,,,,,,23,2026-02-01 04:05:39.660643,WNTR,24.78,24.83,24.85,2182000.0,2096900.0,0,0
2.0,1.0,1.0,,Aggregate Position Limit,Your CRO has set the aggregate position limit to 9000 shares for this week.,24,2026-02-01 04:05:40.697680,SPNG,25.37,24.66,25.21,2187700.0,1973800.0,0,0
1.0,1.0,1.0,,Welcome to the RITC 2026 Alogithmic Market Making Case - practice server,,24,2026-02-01 04:05:40.697680,SMMR,24.93,24.97,25.15,2189200.0,2153300.0,0,0
,,,,,,24,2026-02-01 04:05:40.697680,ATMN,25.29,25.29,25.31,2210300.0,2158500.0,0,0
,,,,,,24,2026-02-01 04:05:40.697680,WNTR,24.83,24.78,24.79,2156700.0,2093100.0,0,0
2.0,1.0,1.0,,Aggregate Position Limit,Your CRO has set the aggregate position limit to 9000 shares for this week.,25,2026-02-01 04:05:41.733419,SPNG,25.21,25.38,25.86,2195400.0,1992400.0,0,0
1.0,1.0,1.0,,Welcome to the RITC 2026 Alogithmic Market Making Case - practice server,,25,2026-02-01 04:05:41.733419,SMMR,25.15,25.06,25.15,2127700.0,2146600.0,0,0
,,,,,,25,2026-02-01 04:05:41.733419,ATMN,24.81,24.81,25.31,2201500.0,2161700.0,0,0
,,,,,,25,2026-02-01 04:05:41.733419,WNTR,24.95,24.89,24.95,2181100.0,2097500.0,0,0
2.0,1.0,1.0,,Aggregate Position Limit,Your CRO has set the aggregate position limit to 9000 shares for this week.,26,2026-02-01 04:05:42.770482,SPNG,24.82,24.82,25.12,2164100.0,2105200.0,0,0
1.0,1.0,1.0,,Welcome to the RITC 2026 Alogithmic Market Making Case - practice server,,26,2026-02-01 04:05:42.770482,SMMR,25.16,25.06,25.16,2127700.0,2171600.0,0,0
,,,,,,26,2026-02-01 04:05:42.770482,ATMN,24.86,24.81,24.86,2201500.0,2169000.0,0,0
,,,,,,26,2026-02-01 04:05:42.770482,WNTR,25.02,24.89,25.02,2181100.0,2121300.0,0,0
2.0,1.0,1.0,,Aggregate Position Limit,Your CRO has set the aggregate position limit to 9000 shares for this week.,27,2026-02-01 04:05:43.784615,SPNG,25.12,25.16,25.37,2165600.0,2109700.0,0,0
1.0,1.0,1.0,,Welcome to the RITC 2026 Alogithmic Market Making Case - practice server,,27,2026-02-01 04:05:43.784615,SMMR,25.16,25.06,25.08,2127700.0,2177800.0,0,0
,,,,,,27,2026-02-01 04:05:43.784615,ATMN,24.86,24.92,25.1,2195600.0,2139800.0,0,0
,,,,,,27,2026-02-01 04:05:43.784615,WNTR,25.02,24.89,25.02,2146300.0,2087700.0,0,0
2.0,1.0,1.0,,Aggregate Position Limit,Your CRO has set the aggregate position limit to 9000 shares for this week.,28,2026-02-01 04:05:44.817768,SPNG,25.37,24.76,25.37,2166400.0,2127400.0,0,0
1.0,1.0,1.0,,Welcome to the RITC 2026 Alogithmic Market Making Case - practice server,,28,2026-02-01 04:05:44.817768,SMMR,25.08,24.96,25.08,2194800.0,2151100.0,0,0
,,,,,,28,2026-02-01 04:05:44.817768,ATMN,25.21,24.93,25.06,2219500.0,2160000.0,0,0
,,,,,,28,2026-02-01 04:05:44.817768,WNTR,25.02,24.97,25.02,2141400.0,2063100.0,0,0
2.0,1.0,1.0,,Aggregate Position Limit,Your CRO has set the aggregate position limit to 9000 shares for this week.,29,2026-02-01 04:05:45.848109,SPNG,25.37,25.21,25.37,2154000.0,2120100.0,0,0
1.0,1.0,1.0,,Welcome to the RITC 2026 Alogithmic Market Making Case - practice server,,29,2026-02-01 04:05:45.848109,SMMR,25.12,25.0,25.12,2184500.0,2162300.0,0,0
,,,,,,29,2026-02-01 04:05:45.848109,ATMN,25.34,24.95,25.34,2219800.0,2123000.0,0,0
,,,,,,29,2026-02-01 04:05:45.848109,WNTR,25.02,24.97,25.02,2141400.0,2049200.0,0,0
2.0,1.0,1.0,,Aggregate Position Limit,Your CRO has set the aggregate position limit to 9000 shares for this week.,30,2026-02-01 04:05:46.889298,SPNG,24.76,24.76,25.37,2157100.0,2126800.0,0,0
1.0,1.0,1.0,,Welcome to the RITC 2026 Alogithmic Market Making Case - practice server,,30,2026-02-01 04:05:46.889298,SMMR,25.0,25.0,25.12,2174200.0,2162300.0,0,0
,,,,,,30,2026-02-01 04:05:46.889298,ATMN,25.34,25.09,25.11,2183600.0,2129100.0,0,0
,,,,,,30,2026-02-01 04:05:46.889298,WNTR,25.02,24.97,25.02,2153600.0,2078500.0,0,0
2.0,1.0,1.0,,Aggregate Position Limit,Your CRO has set the aggregate position limit to 9000 shares for this week.,31,2026-02-01 04:05:47.929482,SPNG,24.76,25.09,25.31,2126400.0,2097900.0,0,0
1.0,1.0,1.0,,Welcome to the RITC 2026 Alogithmic Market Making Case - practice server,,31,2026-02-01 04:05:47.929482,SMMR,25.0,25.02,25.12,2153500.0,2156700.0,0,0
,,,,,,31,2026-02-01 04:05:47.929482,ATMN,25.11,25.07,25.11,2217900.0,2131400.0,0,0
,,,,,,31,2026-02-01 04:05:47.929482,WNTR,25.03,24.97,25.03,2139900.0,2077700.0,0,0
2.0,1.0,1.0,,Aggregate Position Limit,Your CRO has set the aggregate position limit to 9000 shares for this week.,32,2026-02-01 04:05:48.991328,SPNG,25.31,24.9,25.31,2146100.0,2097900.0,0,0
1.0,1.0,1.0,,Welcome to the RITC 2026 Alogithmic Market Making Case - practice server,,32,2026-02-01 04:05:48.991328,SMMR,25.16,25.1,25.16,2132000.0,2141600.0,0,0
,,,,,,32,2026-02-01 04:05:48.991328,ATMN,25.07,25.07,25.34,2217900.0,2095300.0,0,0
,,,,,,32,2026-02-01 04:05:48.991328,WNTR,24.97,24.97,25.01,2152300.0,2086900.0,0,0
2.0,1.0,1.0,,Aggregate Position Limit,Your CRO has set the aggregate position limit to 9000 shares for this week.,33,2026-02-01 04:05:50.028496,SPNG,24.76,24.66,24.7,2162300.0,2128200.0,0,0
1.0,1.0,1.0,,Welcome to the RITC 2026 Alogithmic Market Making Case - practice server,,33,2026-02-01 04:05:50.028496,SMMR,25.1,25.14,25.16,2098500.0,2152100.0,0,0
,,,,,,33,2026-02-01 04:05:50.028496,ATMN,25.07,25.07,25.23,2217900.0,2072200.0,0,0
,,,,,,33,2026-02-01 04:05:50.028496,WNTR,25.03,24.97,25.03,2152300.0,2102900.0,0,0
2.0,1.0,1.0,,Aggregate Position Limit,Your CRO has set the aggregate position limit to 9000 shares for this week.,34,2026-02-01 04:05:51.064210,SPNG,24.7,25.27,25.45,2134100.0,2131600.0,0,0
1.0,1.0,1.0,,Welcome to the RITC 2026 Alogithmic Market Making Case - practice server,,34,2026-02-01 04:05:51.064210,SMMR,25.14,25.1,25.12,2128000.0,2105500.0,0,0
,,,,,,34,2026-02-01 04:05:51.064210,ATMN,25.0,25.0,25.23,2228300.0,2074100.0,0,0
,,,,,,34,2026-02-01 04:05:51.064210,WNTR,25.04,24.97,25.04,2154300.0,2078400.0,0,0
2.0,1.0,1.0,,Aggregate Position Limit,Your CRO has set the aggregate position limit to 9000 shares for this week.,35,2026-02-01 04:05:52.134224,SPNG,24.67,24.96,25.45,2190400.0,2135000.0,0,0
1.0,1.0,1.0,,Welcome to the RITC 2026 Alogithmic Market Making Case - practice server,,35,2026-02-01 04:05:52.134224,SMMR,25.08,25.08,25.12,2150300.0,2127900.0,0,0
,,,,,,35,2026-02-01 04:05:52.134224,ATMN,25.04,25.04,25.34,2228300.0,2093400.0,0,0
,,,,,,35,2026-02-01 04:05:52.134224,WNTR,25.04,24.97,25.04,2154300.0,2072900.0,0,0
2.0,1.0,1.0,,Aggregate Position Limit,Your CRO has set the aggregate position limit to 9000 shares for this week.,36,2026-02-01 04:05:53.161664,SPNG,25.2,25.35,25.45,2170500.0,2155700.0,0,0
1.0,1.0,1.0,,Welcome to the RITC 2026 Alogithmic Market Making Case - practice server,,36,2026-02-01 04:05:53.161664,SMMR,25.08,25.08,25.12,2150300.0,2102600.0,0,0
,,,,,,36,2026-02-01 04:05:53.161664,ATMN,24.99,24.99,25.34,2194400.0,2093400.0,0,0
,,,,,,36,2026-02-01 04:05:53.161664,WNTR,25.04,25.0,25.04,2186700.0,2077500.0,0,0
2.0,1.0,1.0,,Aggregate Position Limit,Your CRO has set the aggregate position limit to 9000 shares for this week.,37,2026-02-01 04:05:54.210015,SPNG,25.46,24.96,25.46,2190400.0,2177400.0,0,0
1.0,1.0,1.0,,Welcome to the RITC 2026 Alogithmic Market Making Case - practice server,,37,2026-02-01 04:05:54.210015,SMMR,25.08,25.08,25.12,2150300.0,2079600.0,0,0
,,,,,,37,2026-02-01 04:05:54.210015,ATMN,24.93,24.93,25.24,2239600.0,2098700.0,0,0
,,,,,,37,2026-02-01 04:05:54.210015,WNTR,25.04,25.01,25.04,2193400.0,2071900.0,0,0
2.0,1.0,1.0,,Aggregate Position Limit,Your CRO has set the aggregate position limit to 9000 shares for this week.,38,2026-02-01 04:05:55.246483,SPNG,24.96,24.96,25.46,2190400.0,2166200.0,0,0
1.0,1.0,1.0,,Welcome to the RITC 2026 Alogithmic Market Making Case - practice server,,38,2026-02-01 04:05:55.246483,SMMR,25.08,25.08,25.12,2150300.0,2075500.0,0,0
,,,,,,38,2026-02-01 04:05:55.246483,ATMN,25.24,24.98,25.24,2228300.0,2153400.0,0,0
,,,,,,38,2026-02-01 04:05:55.246483,WNTR,25.01,25.01,25.05,2201300.0,2093500.0,0,0
2.0,1.0,1.0,,Aggregate Position Limit,Your CRO has set the aggregate position limit to 9000 shares for this week.,39,2026-02-01 04:05:56.293934,SPNG,25.51,24.66,25.51,2161500.0,2148300.0,0,0
1.0,1.0,1.0,,Welcome to the RITC 2026 Alogithmic Market Making Case - practice server,,39,2026-02-01 04:05:56.293934,SMMR,25.12,25.07,25.12,2154300.0,2088400.0,0,0
,,,,,,39,2026-02-01 04:05:56.293934,ATMN,25.27,25.25,25.27,2218000.0,2152900.0,0,0
,,,,,,39,2026-02-01 04:05:56.293934,WNTR,25.06,25.01,25.06,2186900.0,2055100.0,0,0
2.0,1.0,1.0,,Aggregate Position Limit,Your CRO has set the aggregate position limit to 9000 shares for this week.,40,2026-02-01 04:05:57.338411,SPNG,24.63,25.3,25.51,2221700.0,2136300.0,0,0
1.0,1.0,1.0,,Welcome to the RITC 2026 Alogithmic Market Making Case - practice server,,40,2026-02-01 04:05:57.338411,SMMR,25.02,25.02,25.12,2153500.0,2107000.0,0,0
,,,,,,40,2026-02-01 04:05:57.338411,ATMN,25.25,25.23,25.25,2187400.0,2156500.0,0,0
,,,,,,40,2026-02-01 04:05:57.338411,WNTR,25.0,25.0,25.06,2219200.0,2055100.0,0,0
2.0,1.0,1.0,,Aggregate Position Limit,Your CRO has set the aggregate position limit to 9000 shares for this week.,41,2026-02-01 04:05:58.363875,SPNG,24.68,24.95,25.37,2209400.0,2128900.0,0,0
1.0,1.0,1.0,,Welcome to the RITC 2026 Alogithmic Market Making Case - practice server,,41,2026-02-01 04:05:58.363875,SMMR,25.0,25.0,25.11,2144700.0,2129100.0,0,0
,,,,,,41,2026-02-01 04:05:58.363875,ATMN,24.98,24.98,25.25,2228300.0,2156500.0,0,0
,,,,,,41,2026-02-01 04:05:58.363875,WNTR,25.08,25.03,25.08,2210500.0,2094900.0,0,0
2.0,1.0,1.0,,Aggregate Position Limit,Your CRO has set the aggregate position limit to 9000 shares for this week.,42,2026-02-01 04:05:59.400080,SPNG,24.68,24.95,25.22,2209400.0,2142500.0,0,0
1.0,1.0,1.0,,Welcome to the RITC 2026 Alogithmic Market Making Case - practice server,,42,2026-02-01 04:05:59.400080,SMMR,24.94,24.94,25.11,2137200.0,2129100.0,0,0
,,,,,,42,2026-02-01 04:05:59.400080,ATMN,25.28,24.98,25.25,2226900.0,2137700.0,0,0
,,,,,,42,2026-02-01 04:05:59.400080,WNTR,25.08,25.03,25.05,2182700.0,2118400.0,0,0
2.0,1.0,1.0,,Aggregate Position Limit,Your CRO has set the aggregate position limit to 9000 shares for this week.,43,2026-02-01 04:06:00.437487,SPNG,25.37,25.01,25.37,2187200.0,2147200.0,0,0
1.0,1.0,1.0,,Welcome to the RITC 2026 Alogithmic Market Making Case - practice server,,43,2026-02-01 04:06:00.437487,SMMR,25.12,24.9,25.0,2137800.0,2134500.0,0,0
,,,,,,43,2026-02-01 04:06:00.437487,ATMN,24.92,24.92,25.16,2238900.0,2161300.0,0,0
,,,,,,43,2026-02-01 04:06:00.437487,WNTR,25.08,25.03,25.08,2182700.0,2089500.0,0,0
2.0,1.0,1.0,,Aggregate Position Limit,Your CRO has set the aggregate position limit to 9000 shares for this week.,44,2026-02-01 04:06:01.472611,SPNG,24.68,24.68,25.37,2188100.0,2162500.0,0,0
1.0,1.0,1.0,,Welcome to the RITC 2026 Alogithmic Market Making Case - practice server,,44,2026-02-01 04:06:01.472611,SMMR,25.12,24.98,25.0,2135500.0,2121400.0,0,0
,,,,,,44,2026-02-01 04:06:01.472611,ATMN,25.25,25.03,25.25,2204000.0,2137700.0,0,0
,,,,,,44,2026-02-01 04:06:01.472611,WNTR,25.08,25.03,25.08,2182700.0,2074500.0,0,0
2.0,1.0,1.0,,Aggregate Position Limit,Your CRO has set the aggregate position limit to 9000 shares for this week.,45,2026-02-01 04:06:02.506931,SPNG,24.68,25.17,25.37,2185800.0,2162500.0,0,0
1.0,1.0,1.0,,Welcome to the RITC 2026 Alogithmic Market Making Case - practice server,,45,2026-02-01 04:06:02.506931,SMMR,24.98,24.98,25.0,2135500.0,2099000.0,0,0
,,,,,,45,2026-02-01 04:06:02.506931,ATMN,25.31,24.92,25.31,2221500.0,2166600.0,0,0
,,,,,,45,2026-02-01 04:06:02.506931,WNTR,25.17,25.16,25.17,2158800.0,2084700.0,0,0
2.0,1.0,1.0,,Aggregate Position Limit,Your CRO has set the aggregate position limit to 9000 shares for this week.,46,2026-02-01 04:06:03.524168,SPNG,25.17,24.68,25.15,2188100.0,2197900.0,0,0
1.0,1.0,1.0,,Welcome to the RITC 2026 Alogithmic Market Making Case - practice server,,46,2026-02-01 04:06:03.524168,SMMR,25.0,24.9,25.0,2125500.0,2099000.0,0,0
,,,,,,46,2026-02-01 04:06:03.524168,ATMN,24.92,24.81,24.9,2203700.0,2159000.0,0,0
,,,,,,46,2026-02-01 04:06:03.524168,WNTR,25.08,25.08,25.17,2159400.0,2075000.0,0,0
2.0,1.0,1.0,,Aggregate Position Limit,Your CRO has set the aggregate position limit to 9000 shares for this week.,47,2026-02-01 04:06:04.544479,SPNG,25.26,25.0,25.26,2210500.0,2183400.0,0,0
1.0,1.0,1.0,,Welcome to the RITC 2026 Alogithmic Market Making Case - practice server,,47,2026-02-01 04:06:04.544479,SMMR,25.06,24.89,25.06,2113200.0,2103000.0,0,0
,,,,,,47,2026-02-01 04:06:04.544479,ATMN,25.31,24.81,25.31,2177700.0,2166600.0,0,0
,,,,,,47,2026-02-01 04:06:04.544479,WNTR,25.08,25.08,25.11,2159400.0,2077200.0,0,0
2.0,1.0,1.0,,Aggregate Position Limit,Your CRO has set the aggregate position limit to 9000 shares for this week.,48,2026-02-01 04:06:05.577256,SPNG,24.86,24.86,25.26,2224100.0,2177500.0,0,0
1.0,1.0,1.0,,Welcome to the RITC 2026 Alogithmic Market Making Case - practice server,,48,2026-02-01 04:06:05.577256,SMMR,25.06,24.99,25.0,2115300.0,2101200.0,0,0
,,,,,,48,2026-02-01 04:06:05.577256,ATMN,25.31,25.14,25.31,2158900.0,2131600.0,0,0
,,,,,,48,2026-02-01 04:06:05.577256,WNTR,25.01,25.01,25.09,2225300.0,2086800.0,0,0
2.0,1.0,1.0,,Aggregate Position Limit,Your CRO has set the aggregate position limit to 9000 shares for this week.,49,2026-02-01 04:06:06.610708,SPNG,24.59,25.11,25.3,2216000.0,2165200.0,0,0
1.0,1.0,1.0,,Welcome to the RITC 2026 Alogithmic Market Making Case - practice server,,49,2026-02-01 04:06:06.610708,SMMR,25.06,24.99,25.06,2115300.0,2103000.0,0,0
,,,,,,49,2026-02-01 04:06:06.610708,ATMN,25.31,25.23,25.31,2157900.0,2131600.0,0,0
,,,,,,49,2026-02-01 04:06:06.610708,WNTR,25.09,25.01,25.09,2206800.0,2092000.0,0,0
2.0,1.0,1.0,,Aggregate Position Limit,Your CRO has set the aggregate position limit to 9000 shares for this week.,50,2026-02-01 04:06:07.639549,SPNG,24.59,24.95,25.3,2213200.0,2171800.0,0,0
1.0,1.0,1.0,,Welcome to the RITC 2026 Alogithmic Market Making Case - practice server,,50,2026-02-01 04:06:07.639549,SMMR,25.12,24.99,25.12,2101300.0,2095500.0,0,0
,,,,,,50,2026-02-01 04:06:07.639549,ATMN,25.23,25.23,25.24,2157900.0,2112100.0,0,0
,,,,,,50,2026-02-01 04:06:07.639549,WNTR,24.99,24.99,25.09,2191400.0,2093500.0,0,0
2.0,1.0,1.0,,Aggregate Position Limit,Your CRO has set the aggregate position limit to 9000 shares for this week.,52,2026-02-01 04:06:08.682799,SPNG,24.95,24.59,24.95,2206300.0,2167500.0,0,0
1.0,1.0,1.0,,Welcome to the RITC 2026 Alogithmic Market Making Case - practice server,,52,2026-02-01 04:06:08.682799,SMMR,24.89,24.89,25.12,2125100.0,2090000.0,0,0
,,,,,,52,2026-02-01 04:06:08.682799,ATMN,25.14,25.14,25.31,2151700.0,2123500.0,0,0
,,,,,,52,2026-02-01 04:06:08.682799,WNTR,25.11,25.0,25.11,2173800.0,2070400.0,0,0
2.0,1.0,1.0,,Aggregate Position Limit,Your CRO has set the aggregate position limit to 9000 shares for this week.,53,2026-02-01 04:06:09.756407,SPNG,25.37,25.02,25.37,2264200.0,2182700.0,0,0
1.0,1.0,1.0,,Welcome to the RITC 2026 Alogithmic Market Making Case - practice server,,53,2026-02-01 04:06:09.756407,SMMR,24.89,25.1,25.12,2121200.0,2049300.0,0,0
,,,,,,53,2026-02-01 04:06:09.756407,ATMN,25.14,24.88,25.14,2185100.0,2105800.0,0,0
,,,,,,53,2026-02-01 04:06:09.756407,WNTR,24.99,24.99,25.11,2193400.0,2070400.0,0,0
2.0,1.0,1.0,,Aggregate Position Limit,Your CRO has set the aggregate position limit to 9000 shares for this week.,54,2026-02-01 04:06:10.783156,SPNG,25.02,25.02,25.29,2264200.0,2160400.0,0,0
1.0,1.0,1.0,,Welcome to the RITC 2026 Alogithmic Market Making Case - practice server,,54,2026-02-01 04:06:10.783156,SMMR,25.15,25.02,25.15,2118500.0,2075100.0,0,0
,,,,,,54,2026-02-01 04:06:10.783156,ATMN,25.35,25.09,25.35,2189500.0,2120100.0,0,0
,,,,,,54,2026-02-01 04:06:10.783156,WNTR,24.99,25.03,25.11,2156600.0,2084500.0,0,0
2.0,1.0,1.0,,Aggregate Position Limit,Your CRO has set the aggregate position limit to 9000 shares for this week.,55,2026-02-01 04:06:11.811345,SPNG,25.02,24.77,25.01,2237700.0,2145300.0,0,0
1.0,1.0,1.0,,Welcome to the RITC 2026 Alogithmic Market Making Case - practice server,,55,2026-02-01 04:06:11.811345,SMMR,24.88,24.88,25.13,2127000.0,2064500.0,0,0
,,,,,,55,2026-02-01 04:06:11.811345,ATMN,24.92,24.92,24.93,2152500.0,2142100.0,0,0
,,,,,,55,2026-02-01 04:06:11.811345,WNTR,25.15,25.03,25.14,2156600.0,2048300.0,0,0
2.0,1.0,1.0,,Aggregate Position Limit,Your CRO has set the aggregate position limit to 9000 shares for this week.,56,2026-02-01 04:06:12.848745,SPNG,25.29,25.04,25.29,2234800.0,2160400.0,0,0
1.0,1.0,1.0,,Welcome to the RITC 2026 Alogithmic Market Making Case - practice server,,56,2026-02-01 04:06:12.848745,SMMR,24.88,25.06,25.13,2137300.0,2064500.0,0,0
,,,,,,56,2026-02-01 04:06:12.848745,ATMN,24.93,25.13,25.33,2203600.0,2147800.0,0,0
,,,,,,56,2026-02-01 04:06:12.848745,WNTR,24.99,24.99,25.14,2191300.0,2059500.0,0,0
2.0,1.0,1.0,,Aggregate Position Limit,Your CRO has set the aggregate position limit to 9000 shares for this week.,57,2026-02-01 04:06:13.877722,SPNG,25.37,25.44,25.51,2223300.0,2176900.0,0,0
1.0,1.0,1.0,,Welcome to the RITC 2026 Alogithmic Market Making Case - practice server,,57,2026-02-01 04:06:13.877722,SMMR,24.88,25.06,25.12,2137300.0,2069200.0,0,0
,,,,,,57,2026-02-01 04:06:13.877722,ATMN,25.33,25.13,25.21,2203600.0,2155000.0,0,0
,,,,,,57,2026-02-01 04:06:13.877722,WNTR,24.99,25.03,25.06,2182100.0,2037800.0,0,0
2.0,1.0,1.0,,Aggregate Position Limit,Your CRO has set the aggregate position limit to 9000 shares for this week.,58,2026-02-01 04:06:14.917889,SPNG,25.51,25.0,25.51,2265300.0,2176900.0,0,0
1.0,1.0,1.0,,Welcome to the RITC 2026 Alogithmic Market Making Case - practice server,,58,2026-02-01 04:06:14.917889,SMMR,25.06,24.88,25.06,2127000.0,2110200.0,0,0
,,,,,,58,2026-02-01 04:06:14.917889,ATMN,25.33,25.13,25.21,2195900.0,2143200.0,0,0
,,,,,,58,2026-02-01 04:06:14.917889,WNTR,25.03,25.03,25.14,2182100.0,2027900.0,0,0
2.0,1.0,1.0,,Aggregate Position Limit,Your CRO has set the aggregate position limit to 9000 shares for this week.,59,2026-02-01 04:06:15.954269,SPNG,24.8,24.8,25.51,2216700.0,2156200.0,0,0
1.0,1.0,1.0,,Welcome to the RITC 2026 Alogithmic Market Making Case - practice server,,59,2026-02-01 04:06:15.954269,SMMR,25.06,25.1,25.12,2143900.0,2071800.0,0,0
,,,,,,59,2026-02-01 04:06:15.954269,ATMN,25.33,25.13,25.21,2195900.0,2132200.0,0,0
,,,,,,59,2026-02-01 04:06:15.954269,WNTR,25.17,25.06,25.12,2205300.0,2064100.0,0,0
2.0,1.0,1.0,,Aggregate Position Limit,Your CRO has set the aggregate position limit to 9000 shares for this week.,60,2026-02-01 04:06:16.986208,SPNG,25.31,24.38,24.77,943100.0,753600.0,0,0
1.0,1.0,1.0,,Welcome to the RITC 2026 Alogithmic Market Making Case - practice server,,60,2026-02-01 04:06:16.986208,SMMR,25.1,25.5,25.54,896100.0,787600.0,0,0
,,,,,,60,2026-02-01 04:06:16.986208,ATMN,25.33,23.75,24.98,1026900.0,859900.0,0,0
,,,,,,60,2026-02-01 04:06:16.986208,WNTR,25.17,24.45,24.68,870600.0,903300.0,0,0
2.0,1.0,1.0,,Aggregate Position Limit,Your CRO has set the aggregate position limit to 9000 shares for this week.,61,2026-02-01 04:06:17.998384,SPNG,24.19,24.19,24.37,986800.0,995000.0,0,0
1.0,1.0,1.0,,Welcome to the RITC 2026 Alogithmic Market Making Case - practice server,,61,2026-02-01 04:06:17.998384,SMMR,25.25,25.32,25.54,1004100.0,787600.0,0,0
,,,,,,61,2026-02-01 04:06:17.998384,ATMN,23.75,23.75,24.48,1048000.0,1048800.0,0,0
,,,,,,61,2026-02-01 04:06:17.998384,WNTR,24.4,24.4,24.63,931900.0,1107300.0,0,0
2.0,1.0,1.0,,Aggregate Position Limit,Your CRO has set the aggregate position limit to 9000 shares for this week.,62,2026-02-01 04:06:19.022817,SPNG,24.37,24.19,24.37,1193800.0,1117900.0,0,0
1.0,1.0,1.0,,Welcome to the RITC 2026 Alogithmic Market Making Case - practice server,,62,2026-02-01 04:06:19.022817,SMMR,25.54,25.73,25.93,1217800.0,791300.0,0,0
,,,,,,62,2026-02-01 04:06:19.022817,ATMN,23.87,23.75,23.87,1048000.0,1306100.0,0,0
,,,,,,62,2026-02-01 04:06:19.022817,WNTR,24.4,24.48,24.54,1038100.0,1319300.0,0,0
2.0,1.0,1.0,,Aggregate Position Limit,Your CRO has set the aggregate position limit to 9000 shares for this week.,63,2026-02-01 04:06:20.039227,SPNG,24.59,24.19,24.59,1445900.0,990000.0,0,0
1.0,1.0,1.0,,Welcome to the RITC 2026 Alogithmic Market Making Case - practice server,,63,2026-02-01 04:06:20.039227,SMMR,25.73,25.43,25.71,1102300.0,1086500.0,0,0
,,,,,,63,2026-02-01 04:06:20.039227,ATMN,24.22,23.75,24.22,1048000.0,1528300.0,0,0
,,,,,,63,2026-02-01 04:06:20.039227,WNTR,24.38,24.38,24.54,982500.0,1438700.0,0,0
2.0,1.0,1.0,,Aggregate Position Limit,Your CRO has set the aggregate position limit to 9000 shares for this week.,64,2026-02-01 04:06:21.077122,SPNG,24.59,24.31,24.59,1768200.0,1063400.0,0,0
1.0,1.0,1.0,,Welcome to the RITC 2026 Alogithmic Market Making Case - practice server,,64,2026-02-01 04:06:21.077122,SMMR,25.43,25.43,25.49,1102300.0,1329400.0,0,0
,,,,,,64,2026-02-01 04:06:21.077122,ATMN,23.68,23.78,23.94,1054200.0,1890600.0,0,0
,,,,,,64,2026-02-01 04:06:21.077122,WNTR,24.38,24.38,24.54,982500.0,1867000.0,0,0
2.0,1.0,1.0,,Aggregate Position Limit,Your CRO has set the aggregate position limit to 9000 shares for this week.,65,2026-02-01 04:06:22.098208,SPNG,24.77,24.31,24.77,1895200.0,1010000.0,0,0
1.0,1.0,1.0,,Welcome to the RITC 2026 Alogithmic Market Making Case - practice server,,65,2026-02-01 04:06:22.098208,SMMR,25.43,25.43,25.49,1102300.0,1638300.0,0,0
,,,,,,65,2026-02-01 04:06:22.098208,ATMN,23.78,23.78,23.94,1054200.0,2093900.0,0,0
,,,,,,65,2026-02-01 04:06:22.098208,WNTR,23.92,23.88,23.92,996200.0,1993800.0,0,0
2.0,1.0,1.0,,Aggregate Position Limit,Your CRO has set the aggregate position limit to 9000 shares for this week.,66,2026-02-01 04:06:23.128283,SPNG,24.19,24.19,24.6,1800400.0,1323400.0,0,0
1.0,1.0,1.0,,Welcome to the RITC 2026 Alogithmic Market Making Case - practice server,,66,2026-02-01 04:06:23.128283,SMMR,25.43,25.43,25.49,1102300.0,2002300.0,0,0
,,,,,,66,2026-02-01 04:06:23.128283,ATMN,23.78,23.78,23.86,1054200.0,2214100.0,0,0
,,,,,,66,2026-02-01 04:06:23.128283,WNTR,24.5,23.96,24.5,1222100.0,1983300.0,0,0
2.0,1.0,1.0,,Aggregate Position Limit,Your CRO has set the aggregate position limit to 9000 shares for this week.,67,2026-02-01 04:06:24.163033,SPNG,24.46,24.46,24.6,1929500.0,1424900.0,0,0
1.0,1.0,1.0,,Welcome to the RITC 2026 Alogithmic Market Making Case - practice server,,67,2026-02-01 04:06:24.163033,SMMR,25.49,25.43,25.49,1216000.0,1995200.0,0,0
,,,,,,67,2026-02-01 04:06:24.163033,ATMN,23.94,23.78,23.94,1150300.0,2202100.0,0,0
,,,,,,67,2026-02-01 04:06:24.163033,WNTR,24.5,24.25,24.31,1452500.0,2180700.0,0,0
2.0,1.0,1.0,,Aggregate Position Limit,Your CRO has set the aggregate position limit to 9000 shares for this week.,68,2026-02-01 04:06:25.182829,SPNG,24.46,24.19,24.23,1918200.0,1767900.0,0,0
1.0,1.0,1.0,,Welcome to the RITC 2026 Alogithmic Market Making Case - practice server,,68,2026-02-01 04:06:25.182829,SMMR,25.49,25.45,25.49,1316000.0,1963400.0,0,0
,,,,,,68,2026-02-01 04:06:25.182829,ATMN,23.52,23.52,23.94,1063900.0,2258200.0,0,0
,,,,,,68,2026-02-01 04:06:25.182829,WNTR,24.25,24.25,24.29,1452500.0,2213700.0,0,0
2.0,1.0,1.0,,Aggregate Position Limit,Your CRO has set the aggregate position limit to 9000 shares for this week.,69,2026-02-01 04:06:26.222586,SPNG,24.23,24.38,24.6,2162800.0,1641200.0,0,0
1.0,1.0,1.0,,Welcome to the RITC 2026 Alogithmic Market Making Case - practice server,,69,2026-02-01 04:06:26.222586,SMMR,25.41,25.41,25.49,1237800.0,1973600.0,0,0
,,,,,,69,2026-02-01 04:06:26.222586,ATMN,22.95,23.61,23.94,1333600.0,2258200.0,0,0
,,,,,,69,2026-02-01 04:06:26.222586,WNTR,24.13,24.13,24.29,1539700.0,2229100.0,0,0
2.0,1.0,1.0,,Aggregate Position Limit,Your CRO has set the aggregate position limit to 9000 shares for this week.,70,2026-02-01 04:06:27.245503,SPNG,24.23,24.38,24.49,2162800.0,1964700.0,0,0
1.0,1.0,1.0,,Welcome to the RITC 2026 Alogithmic Market Making Case - practice server,,70,2026-02-01 04:06:27.245503,SMMR,25.41,25.39,25.41,1117800.0,2029000.0,0,0
,,,,,,70,2026-02-01 04:06:27.245503,ATMN,23.63,23.63,23.94,1449200.0,2258200.0,0,0
,,,,,,70,2026-02-01 04:06:27.245503,WNTR,24.13,24.26,24.29,1641900.0,2261900.0,0,0
2.0,1.0,1.0,,Aggregate Position Limit,Your CRO has set the aggregate position limit to 9000 shares for this week.,71,2026-02-01 04:06:28.276567,SPNG,24.49,24.38,24.49,2162800.0,1999400.0,0,0
1.0,1.0,1.0,,Welcome to the RITC 2026 Alogithmic Market Making Case - practice server,,71,2026-02-01 04:06:28.276567,SMMR,25.5,25.39,25.5,1117800.0,1979800.0,0,0
,,,,,,71,2026-02-01 04:06:28.276567,ATMN,23.61,23.61,23.74,1457300.0,2289900.0,0,0
,,,,,,71,2026-02-01 04:06:28.276567,WNTR,24.06,24.06,24.29,1452000.0,2252400.0,0,0
2.0,1.0,1.0,,Aggregate Position Limit,Your CRO has set the aggregate position limit to 9000 shares for this week.,72,2026-02-01 04:06:29.312549,SPNG,24.6,24.55,24.6,2048500.0,2003500.0,0,0
1.0,1.0,1.0,,Welcome to the RITC 2026 Alogithmic Market Making Case - practice server,,72,2026-02-01 04:06:29.312549,SMMR,25.39,25.39,25.5,1228000.0,1986300.0,0,0
,,,,,,72,2026-02-01 04:06:29.312549,ATMN,23.92,23.61,23.92,1582400.0,2285600.0,0,0
,,,,,,72,2026-02-01 04:06:29.312549,WNTR,24.29,24.06,24.25,1452000.0,2206000.0,0,0
2.0,1.0,1.0,,Aggregate Position Limit,Your CRO has set the aggregate position limit to 9000 shares for this week.,73,2026-02-01 04:06:30.354952,SPNG,24.57,24.14,24.57,1930300.0,2033500.0,0,0
1.0,1.0,1.0,,Welcome to the RITC 2026 Alogithmic Market Making Case - practice server,,73,2026-02-01 04:06:30.354952,SMMR,25.53,25.39,25.53,1228000.0,1985500.0,0,0
,,,,,,73,2026-02-01 04:06:30.354952,ATMN,23.78,23.61,23.78,1687100.0,2292900.0,0,0
,,,,,,73,2026-02-01 04:06:30.354952,WNTR,24.29,24.06,24.14,1694800.0,2202500.0,0,0
2.0,1.0,1.0,,Aggregate Position Limit,Your CRO has set the aggregate position limit to 9000 shares for this week.,74,2026-02-01 04:06:31.388079,SPNG,24.67,24.14,24.67,1930300.0,1993000.0,0,0
1.0,1.0,1.0,,Welcome to the RITC 2026 Alogithmic Market Making Case - practice server,,74,2026-02-01 04:06:31.388079,SMMR,25.47,25.39,25.44,1228000.0,2001700.0,0,0
,,,,,,74,2026-02-01 04:06:31.388079,ATMN,23.61,23.61,23.92,1942100.0,2285600.0,0,0
,,,,,,74,2026-02-01 04:06:31.388079,WNTR,24.29,24.11,24.14,1821800.0,2173700.0,0,0
2.0,1.0,1.0,,Aggregate Position Limit,Your CRO has set the aggregate position limit to 9000 shares for this week.,75,2026-02-01 04:06:32.410833,SPNG,24.06,24.44,24.67,1915100.0,1993000.0,0,0
1.0,1.0,1.0,,Welcome to the RITC 2026 Alogithmic Market Making Case - practice server,,75,2026-02-01 04:06:32.410833,SMMR,25.32,25.32,25.53,1026900.0,2023000.0,0,0
,,,,,,75,2026-02-01 04:06:32.410833,ATMN,23.97,23.35,23.97,1711100.0,2270100.0,0,0
,,,,,,75,2026-02-01 04:06:32.410833,WNTR,24.06,23.96,23.98,1778100.0,2210500.0,0,0
2.0,1.0,1.0,,Aggregate Position Limit,Your CRO has set the aggregate position limit to 9000 shares for this week.,76,2026-02-01 04:06:33.489178,SPNG,24.06,24.06,24.39,1812500.0,2031200.0,0,0
1.0,1.0,1.0,,Welcome to the RITC 2026 Alogithmic Market Making Case - practice server,,76,2026-02-01 04:06:33.489178,SMMR,25.32,25.42,25.53,1121600.0,2014100.0,0,0
,,,,,,76,2026-02-01 04:06:33.489178,ATMN,23.98,23.71,23.78,1910300.0,2297200.0,0,0
,,,,,,76,2026-02-01 04:06:33.489178,WNTR,24.25,24.09,24.25,1898300.0,2196200.0,0,0
2.0,1.0,1.0,,Aggregate Position Limit,Your CRO has set the aggregate position limit to 9000 shares for this week.,77,2026-02-01 04:06:34.519230,SPNG,24.39,24.43,24.67,2011600.0,1987300.0,0,0
1.0,1.0,1.0,,Welcome to the RITC 2026 Alogithmic Market Making Case - practice server,,77,2026-02-01 04:06:34.519230,SMMR,25.42,25.42,25.53,1220000.0,2021600.0,0,0
,,,,,,77,2026-02-01 04:06:34.519230,ATMN,23.98,23.71,23.98,2155800.0,2271700.0,0,0
,,,,,,77,2026-02-01 04:06:34.519230,WNTR,24.25,24.16,24.2,2144300.0,2174800.0,0,0
2.0,1.0,1.0,,Aggregate Position Limit,Your CRO has set the aggregate position limit to 9000 shares for this week.,78,2026-02-01 04:06:35.558229,SPNG,24.38,24.38,24.67,2031500.0,1987300.0,0,0
1.0,1.0,1.0,,Welcome to the RITC 2026 Alogithmic Market Making Case - practice server,,78,2026-02-01 04:06:35.558229,SMMR,25.44,25.44,25.53,1324500.0,2034000.0,0,0
,,,,,,78,2026-02-01 04:06:35.558229,ATMN,23.94,23.82,23.94,2281900.0,2295800.0,0,0
,,,,,,78,2026-02-01 04:06:35.558229,WNTR,24.2,24.16,24.2,2251900.0,2208500.0,0,0
2.0,1.0,1.0,,Aggregate Position Limit,Your CRO has set the aggregate position limit to 9000 shares for this week.,79,2026-02-01 04:06:36.623144,SPNG,24.53,24.3,24.53,1906600.0,2019600.0,0,0
1.0,1.0,1.0,,Welcome to the RITC 2026 Alogithmic Market Making Case - practice server,,79,2026-02-01 04:06:36.623144,SMMR,25.53,25.44,25.53,1213200.0,2016100.0,0,0
,,,,,,79,2026-02-01 04:06:36.623144,ATMN,23.94,23.82,23.94,2430700.0,2301000.0,0,0
,,,,,,79,2026-02-01 04:06:36.623144,WNTR,24.05,24.32,24.35,2104800.0,2196600.0,0,0
2.0,1.0,1.0,,Aggregate Position Limit,Your CRO has set the aggregate position limit to 9000 shares for this week.,80,2026-02-01 04:06:37.658564,SPNG,24.38,24.34,24.38,2033500.0,2082500.0,0,0
1.0,1.0,1.0,,Welcome to the RITC 2026 Alogithmic Market Making Case - practice server,,80,2026-02-01 04:06:37.658564,SMMR,25.53,25.5,25.53,1324200.0,2033600.0,0,0
,,,,,,80,2026-02-01 04:06:37.658564,ATMN,23.82,23.71,23.73,2413600.0,2287200.0,0,0
,,,,,,80,2026-02-01 04:06:37.658564,WNTR,23.96,23.96,24.28,1909200.0,2204400.0,0,0
2.0,1.0,1.0,,Aggregate Position Limit,Your CRO has set the aggregate position limit to 9000 shares for this week.,81,2026-02-01 04:06:38.698912,SPNG,24.34,24.34,24.38,2187300.0,2130600.0,0,0
1.0,1.0,1.0,,Welcome to the RITC 2026 Alogithmic Market Making Case - practice server,,81,2026-02-01 04:06:38.698912,SMMR,25.5,25.5,25.53,1412500.0,2025500.0,0,0
,,,,,,81,2026-02-01 04:06:38.698912,ATMN,23.73,23.73,24.03,2404400.0,2257600.0,0,0
,,,,,,81,2026-02-01 04:06:38.698912,WNTR,23.93,23.93,24.28,1805400.0,2204400.0,0,0
2.0,1.0,1.0,,Aggregate Position Limit,Your CRO has set the aggregate position limit to 9000 shares for this week.,82,2026-02-01 04:06:39.732632,SPNG,24.3,24.15,24.16,2085500.0,2120000.0,0,0
1.0,1.0,1.0,,Welcome to the RITC 2026 Alogithmic Market Making Case - practice server,,82,2026-02-01 04:06:39.732632,SMMR,25.44,25.44,25.53,1213200.0,2053000.0,0,0
,,,,,,82,2026-02-01 04:06:39.732632,ATMN,24.03,23.71,24.03,2413600.0,2264500.0,0,0
,,,,,,82,2026-02-01 04:06:39.732632,WNTR,23.93,24.01,24.17,2017600.0,2198300.0,0,0
2.0,1.0,1.0,,Aggregate Position Limit,Your CRO has set the aggregate position limit to 9000 shares for this week.,83,2026-02-01 04:06:40.762939,SPNG,24.16,24.27,24.8,2175000.0,2111700.0,0,0
1.0,1.0,1.0,,Welcome to the RITC 2026 Alogithmic Market Making Case - practice server,,83,2026-02-01 04:06:40.762939,SMMR,25.53,25.52,25.53,1449500.0,2043100.0,0,0
,,,,,,83,2026-02-01 04:06:40.762939,ATMN,24.04,23.73,24.04,2345300.0,2243600.0,0,0
,,,,,,83,2026-02-01 04:06:40.762939,WNTR,23.95,23.98,24.17,2238300.0,2198300.0,0,0
2.0,1.0,1.0,,Aggregate Position Limit,Your CRO has set the aggregate position limit to 9000 shares for this week.,84,2026-02-01 04:06:41.791461,SPNG,24.16,24.27,24.54,2277400.0,2200400.0,0,0
1.0,1.0,1.0,,Welcome to the RITC 2026 Alogithmic Market Making Case - practice server,,84,2026-02-01 04:06:41.791461,SMMR,25.44,25.32,25.33,1248700.0,2021800.0,0,0
,,,,,,84,2026-02-01 04:06:41.791461,ATMN,24.04,23.92,24.01,2316700.0,2284500.0,0,0
,,,,,,84,2026-02-01 04:06:41.791461,WNTR,24.17,23.93,24.17,2238800.0,2183700.0,0,0
2.0,1.0,1.0,,Aggregate Position Limit,Your CRO has set the aggregate position limit to 9000 shares for this week.,85,2026-02-01 04:06:42.823247,SPNG,24.15,24.15,24.54,2085500.0,2173100.0,0,0
1.0,1.0,1.0,,Welcome to the RITC 2026 Alogithmic Market Making Case - practice server,,85,2026-02-01 04:06:42.823247,SMMR,25.33,25.52,25.53,1484100.0,2003500.0,0,0
,,,,,,85,2026-02-01 04:06:42.823247,ATMN,23.73,23.71,23.72,2404400.0,2314000.0,0,0
,,,,,,85,2026-02-01 04:06:42.823247,WNTR,24.17,24.17,24.28,2346000.0,2203100.0,0,0
2.0,1.0,1.0,,Aggregate Position Limit,Your CRO has set the aggregate position limit to 9000 shares for this week.,86,2026-02-01 04:06:43.848637,SPNG,24.54,24.15,24.54,2431400.0,2173100.0,0,0
1.0,1.0,1.0,,Welcome to the RITC 2026 Alogithmic Market Making Case - practice server,,86,2026-02-01 04:06:43.848637,SMMR,25.39,25.39,25.53,1356100.0,1988900.0,0,0
,,,,,,86,2026-02-01 04:06:43.848637,ATMN,24.01,23.71,24.01,2370600.0,2268200.0,0,0
,,,,,,86,2026-02-01 04:06:43.848637,WNTR,24.17,23.93,24.13,2370300.0,2210600.0,0,0
2.0,1.0,1.0,,Aggregate Position Limit,Your CRO has set the aggregate position limit to 9000 shares for this week.,88,2026-02-01 04:06:44.897142,SPNG,24.01,24.59,24.64,2303300.0,2167000.0,0,0
1.0,1.0,1.0,,Welcome to the RITC 2026 Alogithmic Market Making Case - practice server,,88,2026-02-01 04:06:44.897142,SMMR,25.54,25.42,25.54,1665300.0,1990700.0,0,0
,,,,,,88,2026-02-01 04:06:44.897142,ATMN,24.01,23.71,23.79,2370600.0,2238200.0,0,0
,,,,,,88,2026-02-01 04:06:44.897142,WNTR,24.13,24.03,24.13,2254700.0,2210600.0,0,0
2.0,1.0,1.0,,Aggregate Position Limit,Your CRO has set the aggregate position limit to 9000 shares for this week.,89,2026-02-01 04:06:45.938697,SPNG,24.59,24.59,24.64,2303300.0,2213700.0,0,0
1.0,1.0,1.0,,Welcome to the RITC 2026 Alogithmic Market Making Case - practice server,,89,2026-02-01 04:06:45.938697,SMMR,25.39,25.39,25.54,1647500.0,1990700.0,0,0
,,,,,,89,2026-02-01 04:06:45.938697,ATMN,24.01,23.71,23.79,2370600.0,2292200.0,0,0
,,,,,,89,2026-02-01 04:06:45.938697,WNTR,23.93,24.0,24.13,2248600.0,2210600.0,0,0
2.0,1.0,1.0,,Aggregate Position Limit,Your CRO has set the aggregate position limit to 9000 shares for this week.,90,2026-02-01 04:06:46.973685,SPNG,24.0,24.48,24.64,2170700.0,2213700.0,0,0
1.0,1.0,1.0,,Welcome to the RITC 2026 Alogithmic Market Making Case - practice server,,90,2026-02-01 04:06:46.973685,SMMR,25.39,25.39,25.54,1870000.0,2001300.0,0,0
,,,,,,90,2026-02-01 04:06:46.973685,ATMN,23.7,23.7,23.79,2440800.0,2267500.0,0,0
,,,,,,90,2026-02-01 04:06:46.973685,WNTR,24.36,24.18,24.36,2254300.0,2190000.0,0,0
2.0,1.0,1.0,,Aggregate Position Limit,Your CRO has set the aggregate position limit to 9000 shares for this week.,91,2026-02-01 04:06:48.001368,SPNG,24.48,24.48,24.64,2170700.0,2194000.0,0,0
1.0,1.0,1.0,,Welcome to the RITC 2026 Alogithmic Market Making Case - practice server,,91,2026-02-01 04:06:48.001368,SMMR,25.39,25.39,25.54,1972600.0,2035700.0,0,0
,,,,,,91,2026-02-01 04:06:48.001368,ATMN,23.52,23.52,23.79,2407800.0,2293700.0,0,0
,,,,,,91,2026-02-01 04:06:48.001368,WNTR,24.18,24.18,24.36,2254300.0,2177800.0,0,0
2.0,1.0,1.0,,Aggregate Position Limit,Your CRO has set the aggregate position limit to 9000 shares for this week.,92,2026-02-01 04:06:49.034655,SPNG,24.48,24.0,24.18,2060900.0,2234800.0,0,0
1.0,1.0,1.0,,Welcome to the RITC 2026 Alogithmic Market Making Case - practice server,,92,2026-02-01 04:06:49.034655,SMMR,25.39,25.36,25.38,1982100.0,2027900.0,0,0
,,,,,,92,2026-02-01 04:06:49.034655,ATMN,23.79,23.81,23.89,2449400.0,2252300.0,0,0
,,,,,,92,2026-02-01 04:06:49.034655,WNTR,24.18,24.18,24.2,2254300.0,2192600.0,0,0
2.0,1.0,1.0,,Aggregate Position Limit,Your CRO has set the aggregate position limit to 9000 shares for this week.,93,2026-02-01 04:06:50.094951,SPNG,24.18,24.01,24.18,2306700.0,2234800.0,0,0
1.0,1.0,1.0,,Welcome to the RITC 2026 Alogithmic Market Making Case - practice server,,93,2026-02-01 04:06:50.094951,SMMR,25.54,25.45,25.54,2064800.0,2031000.0,0,0
,,,,,,93,2026-02-01 04:06:50.094951,ATMN,23.89,23.91,23.95,2401600.0,2250600.0,0,0
,,,,,,93,2026-02-01 04:06:50.094951,WNTR,24.36,24.36,24.39,2253300.0,2187200.0,0,0
2.0,1.0,1.0,,Aggregate Position Limit,Your CRO has set the aggregate position limit to 9000 shares for this week.,94,2026-02-01 04:06:51.131904,SPNG,24.31,24.01,24.06,2306700.0,2245400.0,0,0
1.0,1.0,1.0,,Welcome to the RITC 2026 Alogithmic Market Making Case - practice server,,94,2026-02-01 04:06:51.131904,SMMR,25.48,25.48,25.55,2114100.0,2023800.0,0,0
,,,,,,94,2026-02-01 04:06:51.131904,ATMN,23.95,23.55,23.95,2405400.0,2250600.0,0,0
,,,,,,94,2026-02-01 04:06:51.131904,WNTR,24.11,24.11,24.37,2240300.0,2206900.0,0,0
2.0,1.0,1.0,,Aggregate Position Limit,Your CRO has set the aggregate position limit to 9000 shares for this week.,95,2026-02-01 04:06:52.172573,SPNG,24.01,24.01,24.5,2433000.0,2208500.0,0,0
1.0,1.0,1.0,,Welcome to the RITC 2026 Alogithmic Market Making Case - practice server,,95,2026-02-01 04:06:52.172573,SMMR,25.45,25.46,25.55,2160300.0,2057300.0,0,0
,,,,,,95,2026-02-01 04:06:52.172573,ATMN,23.95,23.59,23.95,2401700.0,2250600.0,0,0
,,,,,,95,2026-02-01 04:06:52.172573,WNTR,24.36,24.36,24.37,2247500.0,2206900.0,0,0
2.0,1.0,1.0,,Aggregate Position Limit,Your CRO has set the aggregate position limit to 9000 shares for this week.,96,2026-02-01 04:06:53.212625,SPNG,24.01,24.34,24.5,2657900.0,2232200.0,0,0
1.0,1.0,1.0,,Welcome to the RITC 2026 Alogithmic Market Making Case - practice server,,96,2026-02-01 04:06:53.212625,SMMR,25.55,25.46,25.55,2160300.0,2057300.0,0,0
,,,,,,96,2026-02-01 04:06:53.212625,ATMN,23.95,23.79,23.95,2346200.0,2258700.0,0,0
,,,,,,96,2026-02-01 04:06:53.212625,WNTR,24.37,23.93,24.37,2269500.0,2206900.0,0,0
2.0,1.0,1.0,,Aggregate Position Limit,Your CRO has set the aggregate position limit to 9000 shares for this week.,97,2026-02-01 04:06:54.251334,SPNG,24.47,24.01,24.14,2647700.0,2221500.0,0,0
1.0,1.0,1.0,,Welcome to the RITC 2026 Alogithmic Market Making Case - practice server,,97,2026-02-01 04:06:54.251334,SMMR,25.55,25.46,25.47,2116300.0,2008100.0,0,0
,,,,,,97,2026-02-01 04:06:54.251334,ATMN,23.79,23.79,23.95,2346200.0,2212300.0,0,0
,,,,,,97,2026-02-01 04:06:54.251334,WNTR,23.91,23.91,24.37,2278100.0,2206900.0,0,0
2.0,1.0,1.0,,Aggregate Position Limit,Your CRO has set the aggregate position limit to 9000 shares for this week.,98,2026-02-01 04:06:55.279242,SPNG,24.14,24.41,24.5,2454600.0,2232200.0,0,0
1.0,1.0,1.0,,Welcome to the RITC 2026 Alogithmic Market Making Case - practice server,,98,2026-02-01 04:06:55.279242,SMMR,25.46,25.46,25.47,2119600.0,2008100.0,0,0
,,,,,,98,2026-02-01 04:06:55.279242,ATMN,23.55,23.55,24.03,2382900.0,2232400.0,0,0
,,,,,,98,2026-02-01 04:06:55.279242,WNTR,24.34,23.91,24.1,2278100.0,2228200.0,0,0
2.0,1.0,1.0,,Aggregate Position Limit,Your CRO has set the aggregate position limit to 9000 shares for this week.,99,2026-02-01 04:06:56.327448,SPNG,24.14,24.41,24.49,2454600.0,2198900.0,0,0
1.0,1.0,1.0,,Welcome to the RITC 2026 Alogithmic Market Making Case - practice server,,99,2026-02-01 04:06:56.327448,SMMR,25.54,25.36,25.54,2159000.0,2014500.0,0,0
,,,,,,99,2026-02-01 04:06:56.327448,ATMN,23.92,23.55,23.92,2345500.0,2220500.0,0,0
,,,,,,99,2026-02-01 04:06:56.327448,WNTR,24.15,24.15,24.26,2275600.0,2222900.0,0,0
2.0,1.0,1.0,,Aggregate Position Limit,Your CRO has set the aggregate position limit to 9000 shares for this week.,100,2026-02-01 04:06:57.345712,SPNG,23.98,23.98,24.49,2695100.0,2198900.0,0,0
1.0,1.0,1.0,,Welcome to the RITC 2026 Alogithmic Market Making Case - practice server,,100,2026-02-01 04:06:57.345712,SMMR,25.55,25.36,25.55,2159400.0,2072300.0,0,0
,,,,,,100,2026-02-01 04:06:57.345712,ATMN,24.07,23.52,24.07,2377700.0,2227700.0,0,0
,,,,,,100,2026-02-01 04:06:57.345712,WNTR,24.26,24.15,24.26,2223100.0,2200700.0,0,0
2.0,1.0,1.0,,Aggregate Position Limit,Your CRO has set the aggregate position limit to 9000 shares for this week.,101,2026-02-01 04:06:58.367435,SPNG,24.5,24.3,24.5,2604900.0,2236200.0,0,0
1.0,1.0,1.0,,Welcome to the RITC 2026 Alogithmic Market Making Case - practice server,,101,2026-02-01 04:06:58.367435,SMMR,25.57,25.36,25.57,2159400.0,2071900.0,0,0
,,,,,,101,2026-02-01 04:06:58.367435,ATMN,24.1,23.52,23.62,2350500.0,2217500.0,0,0
,,,,,,101,2026-02-01 04:06:58.367435,WNTR,24.38,24.25,24.27,2243900.0,2163500.0,0,0
2.0,1.0,1.0,,Aggregate Position Limit,Your CRO has set the aggregate position limit to 9000 shares for this week.,102,2026-02-01 04:06:59.385779,SPNG,24.3,23.98,24.18,2695100.0,2270900.0,0,0
1.0,1.0,1.0,,Welcome to the RITC 2026 Alogithmic Market Making Case - practice server,,102,2026-02-01 04:06:59.385779,SMMR,25.57,25.42,25.57,2177500.0,2081500.0,0,0
,,,,,,102,2026-02-01 04:06:59.385779,ATMN,23.62,23.52,23.62,2339400.0,2217500.0,0,0
,,,,,,102,2026-02-01 04:06:59.385779,WNTR,24.27,24.36,24.38,2225000.0,2195500.0,0,0
2.0,1.0,1.0,,Aggregate Position Limit,Your CRO has set the aggregate position limit to 9000 shares for this week.,103,2026-02-01 04:07:00.417395,SPNG,24.42,23.98,24.42,2538400.0,2262500.0,0,0
1.0,1.0,1.0,,Welcome to the RITC 2026 Alogithmic Market Making Case - practice server,,103,2026-02-01 04:07:00.417395,SMMR,25.36,25.36,25.46,2159400.0,2067500.0,0,0
,,,,,,103,2026-02-01 04:07:00.417395,ATMN,23.62,23.63,24.0,2317900.0,2207500.0,0,0
,,,,,,103,2026-02-01 04:07:00.417395,WNTR,24.39,23.9,24.39,2287900.0,2226700.0,0,0
2.0,1.0,1.0,,Aggregate Position Limit,Your CRO has set the aggregate position limit to 9000 shares for this week.,104,2026-02-01 04:07:01.439098,SPNG,24.5,24.29,24.5,2449800.0,2236200.0,0,0
1.0,1.0,1.0,,Welcome to the RITC 2026 Alogithmic Market Making Case - practice server,,104,2026-02-01 04:07:01.439098,SMMR,25.35,25.35,25.57,2132900.0,2081500.0,0,0
,,,,,,104,2026-02-01 04:07:01.439098,ATMN,23.63,23.52,23.6,2311700.0,2223000.0,0,0
,,,,,,104,2026-02-01 04:07:01.439098,WNTR,24.39,24.15,24.24,2264800.0,2231700.0,0,0
2.0,1.0,1.0,,Aggregate Position Limit,Your CRO has set the aggregate position limit to 9000 shares for this week.,105,2026-02-01 04:07:02.466144,SPNG,24.29,24.29,24.63,2449800.0,2207900.0,0,0
1.0,1.0,1.0,,Welcome to the RITC 2026 Alogithmic Market Making Case - practice server,,105,2026-02-01 04:07:02.466144,SMMR,25.58,25.4,25.58,2121800.0,2072700.0,0,0
,,,,,,105,2026-02-01 04:07:02.466144,ATMN,23.63,23.52,23.6,2279000.0,2223000.0,0,0
,,,,,,105,2026-02-01 04:07:02.466144,WNTR,24.15,24.15,24.39,2264800.0,2238600.0,0,0
2.0,1.0,1.0,,Aggregate Position Limit,Your CRO has set the aggregate position limit to 9000 shares for this week.,106,2026-02-01 04:07:03.488837,SPNG,24.64,23.97,24.64,2511000.0,2219300.0,0,0
1.0,1.0,1.0,,Welcome to the RITC 2026 Alogithmic Market Making Case - practice server,,106,2026-02-01 04:07:03.488837,SMMR,25.32,25.32,25.58,2152800.0,2072700.0,0,0
,,,,,,106,2026-02-01 04:07:03.488837,ATMN,24.0,23.52,23.96,2279000.0,2201500.0,0,0
,,,,,,106,2026-02-01 04:07:03.488837,WNTR,24.02,23.9,24.02,2287900.0,2232600.0,0,0
2.0,1.0,1.0,,Aggregate Position Limit,Your CRO has set the aggregate position limit to 9000 shares for this week.,107,2026-02-01 04:07:04.508421,SPNG,24.64,23.97,24.64,2538700.0,2219300.0,0,0
1.0,1.0,1.0,,Welcome to the RITC 2026 Alogithmic Market Making Case - practice server,,107,2026-02-01 04:07:04.508421,SMMR,25.32,25.52,25.58,2141400.0,2100900.0,0,0
,,,,,,107,2026-02-01 04:07:04.508421,ATMN,23.48,23.48,23.96,2275400.0,2215200.0,0,0
,,,,,,107,2026-02-01 04:07:04.508421,WNTR,24.31,23.94,24.2,2257300.0,2229800.0,0,0
2.0,1.0,1.0,,Aggregate Position Limit,Your CRO has set the aggregate position limit to 9000 shares for this week.,108,2026-02-01 04:07:05.542081,SPNG,23.97,23.97,24.56,2558600.0,2215600.0,0,0
1.0,1.0,1.0,,Welcome to the RITC 2026 Alogithmic Market Making Case - practice server,,108,2026-02-01 04:07:05.542081,SMMR,25.32,25.52,25.58,2146300.0,2075600.0,0,0
,,,,,,108,2026-02-01 04:07:05.542081,ATMN,23.49,23.6,23.96,2293900.0,2215200.0,0,0
,,,,,,108,2026-02-01 04:07:05.542081,WNTR,24.31,24.14,24.2,2180100.0,2192700.0,0,0
2.0,1.0,1.0,,Aggregate Position Limit,Your CRO has set the aggregate position limit to 9000 shares for this week.,109,2026-02-01 04:07:06.572799,SPNG,24.64,23.98,24.64,2533900.0,2196700.0,0,0
1.0,1.0,1.0,,Welcome to the RITC 2026 Alogithmic Market Making Case - practice server,,109,2026-02-01 04:07:06.572799,SMMR,25.62,25.52,25.62,2117900.0,2085600.0,0,0
,,,,,,109,2026-02-01 04:07:06.572799,ATMN,23.68,23.68,24.0,2282300.0,2178800.0,0,0
,,,,,,109,2026-02-01 04:07:06.572799,WNTR,24.23,24.38,24.39,2147000.0,2238600.0,0,0
2.0,1.0,1.0,,Aggregate Position Limit,Your CRO has set the aggregate position limit to 9000 shares for this week.,110,2026-02-01 04:07:07.608689,SPNG,24.64,24.2,24.64,2491000.0,2191700.0,0,0
1.0,1.0,1.0,,Welcome to the RITC 2026 Alogithmic Market Making Case - practice server,,110,2026-02-01 04:07:07.608689,SMMR,25.33,25.33,25.62,2130000.0,2090900.0,0,0
,,,,,,110,2026-02-01 04:07:07.608689,ATMN,23.71,23.68,23.71,2292200.0,2212400.0,0,0
,,,,,,110,2026-02-01 04:07:07.608689,WNTR,24.19,24.28,24.36,2159700.0,2224200.0,0,0
2.0,1.0,1.0,,Aggregate Position Limit,Your CRO has set the aggregate position limit to 9000 shares for this week.,111,2026-02-01 04:07:08.658068,SPNG,24.64,24.2,24.26,2491000.0,2175800.0,0,0
1.0,1.0,1.0,,Welcome to the RITC 2026 Alogithmic Market Making Case - practice server,,111,2026-02-01 04:07:08.658068,SMMR,25.58,25.58,25.62,2079000.0,2090900.0,0,0
,,,,,,111,2026-02-01 04:07:08.658068,ATMN,23.6,23.6,24.03,2293900.0,2207000.0,0,0
,,,,,,111,2026-02-01 04:07:08.658068,WNTR,24.1,24.1,24.23,2194300.0,2207200.0,0,0
2.0,1.0,1.0,,Aggregate Position Limit,Your CRO has set the aggregate position limit to 9000 shares for this week.,112,2026-02-01 04:07:09.700096,SPNG,24.26,24.38,24.64,2400800.0,2191700.0,0,0
1.0,1.0,1.0,,Welcome to the RITC 2026 Alogithmic Market Making Case - practice server,,112,2026-02-01 04:07:09.700096,SMMR,25.54,25.33,25.35,2120300.0,2122700.0,0,0
,,,,,,112,2026-02-01 04:07:09.700096,ATMN,23.41,23.41,23.67,2298000.0,2235600.0,0,0
,,,,,,112,2026-02-01 04:07:09.700096,WNTR,24.1,24.13,24.23,2216500.0,2207200.0,0,0
2.0,1.0,1.0,,Aggregate Position Limit,Your CRO has set the aggregate position limit to 9000 shares for this week.,113,2026-02-01 04:07:10.731274,SPNG,24.64,24.38,24.64,2400800.0,2174200.0,0,0
1.0,1.0,1.0,,Welcome to the RITC 2026 Alogithmic Market Making Case - practice server,,113,2026-02-01 04:07:10.731274,SMMR,25.33,25.33,25.59,2120300.0,2114800.0,0,0
,,,,,,113,2026-02-01 04:07:10.731274,ATMN,23.67,23.91,24.03,2306500.0,2237400.0,0,0
,,,,,,113,2026-02-01 04:07:10.731274,WNTR,24.24,24.13,24.24,2195700.0,2208300.0,0,0
2.0,1.0,1.0,,Aggregate Position Limit,Your CRO has set the aggregate position limit to 9000 shares for this week.,114,2026-02-01 04:07:11.773509,SPNG,24.2,24.2,24.64,2434300.0,2194100.0,0,0
1.0,1.0,1.0,,Welcome to the RITC 2026 Alogithmic Market Making Case - practice server,,114,2026-02-01 04:07:11.773509,SMMR,25.53,25.33,25.45,2120300.0,2086200.0,0,0
,,,,,,114,2026-02-01 04:07:11.773509,ATMN,23.91,23.41,23.62,2298600.0,2237000.0,0,0
,,,,,,114,2026-02-01 04:07:11.773509,WNTR,24.24,24.13,24.23,2204200.0,2216700.0,0,0
2.0,1.0,1.0,,Aggregate Position Limit,Your CRO has set the aggregate position limit to 9000 shares for this week.,115,2026-02-01 04:07:12.819948,SPNG,23.98,23.98,24.49,2460200.0,2219700.0,0,0
1.0,1.0,1.0,,Welcome to the RITC 2026 Alogithmic Market Making Case - practice server,,115,2026-02-01 04:07:12.819948,SMMR,25.45,25.58,25.59,2101200.0,2114800.0,0,0
,,,,,,115,2026-02-01 04:07:12.819948,ATMN,23.41,23.55,24.03,2321800.0,2237600.0,0,0
,,,,,,115,2026-02-01 04:07:12.819948,WNTR,24.08,24.02,24.04,2199900.0,2249000.0,0,0
2.0,1.0,1.0,,Aggregate Position Limit,Your CRO has set the aggregate position limit to 9000 shares for this week.,116,2026-02-01 04:07:13.856202,SPNG,24.49,24.16,24.49,2401400.0,2219700.0,0,0
1.0,1.0,1.0,,Welcome to the RITC 2026 Alogithmic Market Making Case - practice server,,116,2026-02-01 04:07:13.856202,SMMR,25.59,25.32,25.59,2141800.0,2114800.0,0,0
,,,,,,116,2026-02-01 04:07:13.856202,ATMN,23.41,23.55,23.78,2321800.0,2204200.0,0,0
,,,,,,116,2026-02-01 04:07:13.856202,WNTR,24.02,24.02,24.23,2199900.0,2229600.0,0,0
2.0,1.0,1.0,,Aggregate Position Limit,Your CRO has set the aggregate position limit to 9000 shares for this week.,117,2026-02-01 04:07:14.881235,SPNG,24.2,24.6,24.64,2383700.0,2181600.0,0,0
1.0,1.0,1.0,,Welcome to the RITC 2026 Alogithmic Market Making Case - practice server,,117,2026-02-01 04:07:14.881235,SMMR,25.48,25.32,25.38,2141800.0,2083100.0,0,0
,,,,,,117,2026-02-01 04:07:14.881235,ATMN,23.78,23.82,23.84,2352700.0,2167700.0,0,0
,,,,,,117,2026-02-01 04:07:14.881235,WNTR,24.24,24.32,24.35,2195000.0,2220000.0,0,0
2.0,1.0,1.0,,Aggregate Position Limit,Your CRO has set the aggregate position limit to 9000 shares for this week.,118,2026-02-01 04:07:15.918447,SPNG,24.16,23.98,24.08,2452600.0,2216600.0,0,0
1.0,1.0,1.0,,Welcome to the RITC 2026 Alogithmic Market Making Case - practice server,,118,2026-02-01 04:07:15.918447,SMMR,25.38,25.44,25.59,2092400.0,2114800.0,0,0
,,,,,,118,2026-02-01 04:07:15.918447,ATMN,23.41,23.41,23.84,2320400.0,2161000.0,0,0
,,,,,,118,2026-02-01 04:07:15.918447,WNTR,24.32,24.02,24.11,2207300.0,2275800.0,0,0
2.0,1.0,1.0,,Aggregate Position Limit,Your CRO has set the aggregate position limit to 9000 shares for this week.,119,2026-02-01 04:07:16.947447,SPNG,24.66,23.98,24.66,2452600.0,2171900.0,0,0
1.0,1.0,1.0,,Welcome to the RITC 2026 Alogithmic Market Making Case - practice server,,119,2026-02-01 04:07:16.947447,SMMR,25.32,25.32,25.59,2095000.0,2114800.0,0,0
,,,,,,119,2026-02-01 04:07:16.947447,ATMN,23.84,23.62,23.84,2304600.0,2161000.0,0,0
,,,,,,119,2026-02-01 04:07:16.947447,WNTR,24.11,24.02,24.11,2198800.0,2275800.0,0,0
2.0,1.0,1.0,,Aggregate Position Limit,Your CRO has set the aggregate position limit to 9000 shares for this week.,120,2026-02-01 04:07:17.970062,SPNG,24.88,24.88,25.56,1040800.0,850900.0,0,0
1.0,1.0,1.0,,Welcome to the RITC 2026 Alogithmic Market Making Case - practice server,,120,2026-02-01 04:07:17.970062,SMMR,26.25,26.25,26.41,841700.0,752700.0,0,0
,,,,,,120,2026-02-01 04:07:17.970062,ATMN,23.41,24.75,25.22,939600.0,956200.0,0,0
,,,,,,120,2026-02-01 04:07:17.970062,WNTR,26.64,25.39,25.85,986500.0,776900.0,0,0
2.0,1.0,1.0,,Aggregate Position Limit,Your CRO has set the aggregate position limit to 9000 shares for this week.,121,2026-02-01 04:07:18.995399,SPNG,24.88,24.4,24.76,1064800.0,1180000.0,0,0
1.0,1.0,1.0,,Welcome to the RITC 2026 Alogithmic Market Making Case - practice server,,121,2026-02-01 04:07:18.995399,SMMR,26.25,25.67,26.25,983400.0,955200.0,0,0
,,,,,,121,2026-02-01 04:07:18.995399,ATMN,24.75,24.75,24.79,943100.0,1267100.0,0,0
,,,,,,121,2026-02-01 04:07:18.995399,WNTR,25.85,25.77,25.85,1286300.0,776900.0,0,0
2.0,1.0,1.0,,Aggregate Position Limit,Your CRO has set the aggregate position limit to 9000 shares for this week.,122,2026-02-01 04:07:20.049885,SPNG,24.4,24.4,24.55,1179200.0,1182000.0,0,0
1.0,1.0,1.0,,Welcome to the RITC 2026 Alogithmic Market Making Case - practice server,,122,2026-02-01 04:07:20.049885,SMMR,26.13,25.98,26.08,1191000.0,1073900.0,0,0
,,,,,,122,2026-02-01 04:07:20.049885,ATMN,24.75,24.75,24.77,1156400.0,1382200.0,0,0
,,,,,,122,2026-02-01 04:07:20.049885,WNTR,26.76,26.56,26.73,1476000.0,827700.0,0,0
2.0,1.0,1.0,,Aggregate Position Limit,Your CRO has set the aggregate position limit to 9000 shares for this week.,123,2026-02-01 04:07:21.079996,SPNG,24.4,24.4,24.55,1517200.0,1182000.0,0,0
1.0,1.0,1.0,,Welcome to the RITC 2026 Alogithmic Market Making Case - practice server,,123,2026-02-01 04:07:21.079996,SMMR,26.41,26.01,26.22,1285100.0,1045400.0,0,0
,,,,,,123,2026-02-01 04:07:21.079996,ATMN,24.83,24.75,24.83,1263700.0,1268300.0,0,0
,,,,,,123,2026-02-01 04:07:21.079996,WNTR,26.78,26.56,26.75,1585700.0,845500.0,0,0
2.0,1.0,1.0,,Aggregate Position Limit,Your CRO has set the aggregate position limit to 9000 shares for this week.,125,2026-02-01 04:07:22.129660,SPNG,24.55,24.4,24.55,1925600.0,1182000.0,0,0
1.0,1.0,1.0,,Welcome to the RITC 2026 Alogithmic Market Making Case - practice server,,125,2026-02-01 04:07:22.129660,SMMR,26.26,26.17,26.22,1396400.0,1149300.0,0,0
,,,,,,125,2026-02-01 04:07:22.129660,ATMN,24.83,24.86,24.91,1394500.0,1523100.0,0,0
,,,,,,125,2026-02-01 04:07:22.129660,WNTR,25.77,26.46,26.75,1610000.0,1026700.0,0,0
2.0,1.0,1.0,,Aggregate Position Limit,Your CRO has set the aggregate position limit to 9000 shares for this week.,126,2026-02-01 04:07:23.208703,SPNG,25.28,24.4,24.77,2039500.0,1177700.0,0,0
1.0,1.0,1.0,,Welcome to the RITC 2026 Alogithmic Market Making Case - practice server,,126,2026-02-01 04:07:23.208703,SMMR,26.21,26.17,26.21,1515900.0,1263900.0,0,0
,,,,,,126,2026-02-01 04:07:23.208703,ATMN,24.73,24.64,24.72,1062900.0,1840500.0,0,0
,,,,,,126,2026-02-01 04:07:23.208703,WNTR,26.82,26.82,26.85,1885500.0,824400.0,0,0
2.0,1.0,1.0,,Aggregate Position Limit,Your CRO has set the aggregate position limit to 9000 shares for this week.,127,2026-02-01 04:07:24.246094,SPNG,25.28,24.7,24.77,2341300.0,1177700.0,0,0
1.0,1.0,1.0,,Welcome to the RITC 2026 Alogithmic Market Making Case - practice server,,127,2026-02-01 04:07:24.246094,SMMR,26.21,26.17,26.21,1795200.0,1263900.0,0,0
,,,,,,127,2026-02-01 04:07:24.246094,ATMN,24.91,24.47,24.91,955600.0,1819700.0,0,0
,,,,,,127,2026-02-01 04:07:24.246094,WNTR,26.66,26.66,26.85,1804000.0,824400.0,0,0
2.0,1.0,1.0,,Aggregate Position Limit,Your CRO has set the aggregate position limit to 9000 shares for this week.,128,2026-02-01 04:07:25.278074,SPNG,24.77,24.75,24.77,2258700.0,1177700.0,0,0
1.0,1.0,1.0,,Welcome to the RITC 2026 Alogithmic Market Making Case - practice server,,128,2026-02-01 04:07:25.278074,SMMR,26.22,26.17,26.22,1795200.0,1149300.0,0,0
,,,,,,128,2026-02-01 04:07:25.278074,ATMN,24.47,24.23,24.41,1179400.0,1935600.0,0,0
,,,,,,128,2026-02-01 04:07:25.278074,WNTR,26.6,26.71,26.85,1894400.0,932600.0,0,0
2.0,1.0,1.0,,Aggregate Position Limit,Your CRO has set the aggregate position limit to 9000 shares for this week.,129,2026-02-01 04:07:26.334120,SPNG,25.28,25.28,25.54,2231400.0,1089100.0,0,0
1.0,1.0,1.0,,Welcome to the RITC 2026 Alogithmic Market Making Case - practice server,,129,2026-02-01 04:07:26.334120,SMMR,26.26,26.17,26.2,2011100.0,1124600.0,0,0
,,,,,,129,2026-02-01 04:07:26.334120,ATMN,24.41,24.61,24.91,1588300.0,1819700.0,0,0
,,,,,,129,2026-02-01 04:07:26.334120,WNTR,26.71,26.71,26.85,1975100.0,1152300.0,0,0
2.0,1.0,1.0,,Aggregate Position Limit,Your CRO has set the aggregate position limit to 9000 shares for this week.,130,2026-02-01 04:07:27.369538,SPNG,24.75,24.75,25.38,2255200.0,1392900.0,0,0
1.0,1.0,1.0,,Welcome to the RITC 2026 Alogithmic Market Making Case - practice server,,130,2026-02-01 04:07:27.369538,SMMR,26.17,26.17,26.2,2116500.0,1200800.0,0,0
,,,,,,130,2026-02-01 04:07:27.369538,ATMN,24.64,24.64,24.91,1597100.0,1819700.0,0,0
,,,,,,130,2026-02-01 04:07:27.369538,WNTR,26.73,26.77,26.85,2063800.0,1152300.0,0,0
2.0,1.0,1.0,,Aggregate Position Limit,Your CRO has set the aggregate position limit to 9000 shares for this week.,131,2026-02-01 04:07:28.411742,SPNG,24.67,24.67,24.68,2301700.0,1629600.0,0,0
1.0,1.0,1.0,,Welcome to the RITC 2026 Alogithmic Market Making Case - practice server,,131,2026-02-01 04:07:28.411742,SMMR,26.26,26.17,26.26,2146600.0,1227600.0,0,0
,,,,,,131,2026-02-01 04:07:28.411742,ATMN,24.64,24.23,24.64,1485500.0,2178800.0,0,0
,,,,,,131,2026-02-01 04:07:28.411742,WNTR,26.71,26.67,26.71,1983500.0,1350400.0,0,0
2.0,1.0,1.0,,Aggregate Position Limit,Your CRO has set the aggregate position limit to 9000 shares for this week.,132,2026-02-01 04:07:29.447808,SPNG,24.68,24.67,24.68,2281700.0,1629600.0,0,0
1.0,1.0,1.0,,Welcome to the RITC 2026 Alogithmic Market Making Case - practice server,,132,2026-02-01 04:07:29.447808,SMMR,26.08,26.25,26.26,2140100.0,1345200.0,0,0
,,,,,,132,2026-02-01 04:07:29.447808,ATMN,24.64,24.43,24.64,1708500.0,2157100.0,0,0
,,,,,,132,2026-02-01 04:07:29.447808,WNTR,26.71,26.67,26.71,1983500.0,1454200.0,0,0
2.0,1.0,1.0,,Aggregate Position Limit,Your CRO has set the aggregate position limit to 9000 shares for this week.,133,2026-02-01 04:07:30.484221,SPNG,24.67,24.81,24.92,2238200.0,1602100.0,0,0
1.0,1.0,1.0,,Welcome to the RITC 2026 Alogithmic Market Making Case - practice server,,133,2026-02-01 04:07:30.484221,SMMR,26.25,26.17,26.25,2116400.0,1426600.0,0,0
,,,,,,133,2026-02-01 04:07:30.484221,ATMN,24.75,24.75,24.86,1931000.0,2164800.0,0,0
,,,,,,133,2026-02-01 04:07:30.484221,WNTR,26.6,26.46,26.57,1878400.0,1773300.0,0,0
2.0,1.0,1.0,,Aggregate Position Limit,Your CRO has set the aggregate position limit to 9000 shares for this week.,134,2026-02-01 04:07:31.511622,SPNG,24.67,24.81,24.86,2219100.0,1814100.0,0,0
1.0,1.0,1.0,,Welcome to the RITC 2026 Alogithmic Market Making Case - practice server,,134,2026-02-01 04:07:31.511622,SMMR,26.36,26.17,26.36,2078600.0,1227900.0,0,0
,,,,,,134,2026-02-01 04:07:31.511622,ATMN,24.75,24.5,24.6,1920500.0,2180300.0,0,0
,,,,,,134,2026-02-01 04:07:31.511622,WNTR,26.53,26.53,26.57,2071300.0,1773300.0,0,0
2.0,1.0,1.0,,Aggregate Position Limit,Your CRO has set the aggregate position limit to 9000 shares for this week.,135,2026-02-01 04:07:32.541130,SPNG,24.67,24.82,24.92,2223800.0,1721900.0,0,0
1.0,1.0,1.0,,Welcome to the RITC 2026 Alogithmic Market Making Case - practice server,,135,2026-02-01 04:07:32.541130,SMMR,26.15,26.15,26.36,2092900.0,1333600.0,0,0
,,,,,,135,2026-02-01 04:07:32.541130,ATMN,24.75,24.52,24.6,2137700.0,2181000.0,0,0
,,,,,,135,2026-02-01 04:07:32.541130,WNTR,26.53,26.54,26.57,2061000.0,1773300.0,0,0
2.0,1.0,1.0,,Aggregate Position Limit,Your CRO has set the aggregate position limit to 9000 shares for this week.,136,2026-02-01 04:07:33.574329,SPNG,24.67,24.82,24.92,2223800.0,1952600.0,0,0
1.0,1.0,1.0,,Welcome to the RITC 2026 Alogithmic Market Making Case - practice server,,136,2026-02-01 04:07:33.574329,SMMR,26.32,26.32,26.36,2104000.0,1505400.0,0,0
,,,,,,136,2026-02-01 04:07:33.574329,ATMN,24.51,24.53,24.6,2169800.0,2181000.0,0,0
,,,,,,136,2026-02-01 04:07:33.574329,WNTR,26.65,26.65,26.75,2046900.0,1659500.0,0,0
2.0,1.0,1.0,,Aggregate Position Limit,Your CRO has set the aggregate position limit to 9000 shares for this week.,137,2026-02-01 04:07:34.605386,SPNG,24.98,24.67,24.98,2248000.0,1733400.0,0,0
1.0,1.0,1.0,,Welcome to the RITC 2026 Alogithmic Market Making Case - practice server,,137,2026-02-01 04:07:34.605386,SMMR,26.28,26.07,26.28,2145900.0,1624400.0,0,0
,,,,,,137,2026-02-01 04:07:34.605386,ATMN,24.51,24.53,24.6,2298900.0,2181000.0,0,0
,,,,,,137,2026-02-01 04:07:34.605386,WNTR,26.54,26.67,26.75,2051600.0,1762200.0,0,0
2.0,1.0,1.0,,Aggregate Position Limit,Your CRO has set the aggregate position limit to 9000 shares for this week.,138,2026-02-01 04:07:35.636601,SPNG,24.98,24.79,24.98,2253600.0,1857800.0,0,0
1.0,1.0,1.0,,Welcome to the RITC 2026 Alogithmic Market Making Case - practice server,,138,2026-02-01 04:07:35.636601,SMMR,26.29,26.07,26.17,2145900.0,1624800.0,0,0
,,,,,,138,2026-02-01 04:07:35.636601,ATMN,24.85,24.53,24.84,2273500.0,2163800.0,0,0
,,,,,,138,2026-02-01 04:07:35.636601,WNTR,26.54,26.67,26.69,1981500.0,1948900.0,0,0
2.0,1.0,1.0,,Aggregate Position Limit,Your CRO has set the aggregate position limit to 9000 shares for this week.,139,2026-02-01 04:07:36.666844,SPNG,24.98,24.82,24.98,2217400.0,1857800.0,0,0
1.0,1.0,1.0,,Welcome to the RITC 2026 Alogithmic Market Making Case - practice server,,139,2026-02-01 04:07:36.666844,SMMR,26.09,26.11,26.36,2114500.0,1505400.0,0,0
,,,,,,139,2026-02-01 04:07:36.666844,ATMN,24.53,24.53,24.84,2273500.0,2178600.0,0,0
,,,,,,139,2026-02-01 04:07:36.666844,WNTR,26.69,26.67,26.69,1981500.0,1986600.0,0,0
2.0,1.0,1.0,,Aggregate Position Limit,Your CRO has set the aggregate position limit to 9000 shares for this week.,140,2026-02-01 04:07:37.700127,SPNG,25.02,24.79,25.02,2225400.0,1746800.0,0,0
1.0,1.0,1.0,,Welcome to the RITC 2026 Alogithmic Market Making Case - practice server,,140,2026-02-01 04:07:37.700127,SMMR,26.41,26.15,26.41,2103600.0,1300900.0,0,0
,,,,,,140,2026-02-01 04:07:37.700127,ATMN,24.51,24.51,24.75,2280300.0,2154900.0,0,0
,,,,,,140,2026-02-01 04:07:37.700127,WNTR,26.75,26.79,26.81,1969800.0,1956200.0,0,0
2.0,1.0,1.0,,Aggregate Position Limit,Your CRO has set the aggregate position limit to 9000 shares for this week.,141,2026-02-01 04:07:38.733861,SPNG,25.02,24.79,25.02,2251400.0,1746800.0,0,0
1.0,1.0,1.0,,Welcome to the RITC 2026 Alogithmic Market Making Case - practice server,,141,2026-02-01 04:07:38.733861,SMMR,26.07,26.07,26.23,2145900.0,1501000.0,0,0
,,,,,,141,2026-02-01 04:07:38.733861,ATMN,24.51,24.66,24.75,2257900.0,2125000.0,0,0
,,,,,,141,2026-02-01 04:07:38.733861,WNTR,26.61,26.61,26.74,1953400.0,1958500.0,0,0
2.0,1.0,1.0,,Aggregate Position Limit,Your CRO has set the aggregate position limit to 9000 shares for this week.,142,2026-02-01 04:07:39.758866,SPNG,24.79,24.79,25.15,2251400.0,1720200.0,0,0
1.0,1.0,1.0,,Welcome to the RITC 2026 Alogithmic Market Making Case - practice server,,142,2026-02-01 04:07:39.758866,SMMR,26.07,26.22,26.23,2094800.0,1611200.0,0,0
,,,,,,142,2026-02-01 04:07:39.758866,ATMN,24.66,24.66,24.74,2257900.0,2132400.0,0,0
,,,,,,142,2026-02-01 04:07:39.758866,WNTR,26.61,26.61,26.74,1952800.0,1977300.0,0,0
2.0,1.0,1.0,,Aggregate Position Limit,Your CRO has set the aggregate position limit to 9000 shares for this week.,143,2026-02-01 04:07:40.795955,SPNG,25.38,24.64,24.97,2220000.0,1831000.0,0,0
1.0,1.0,1.0,,Welcome to the RITC 2026 Alogithmic Market Making Case - practice server,,143,2026-02-01 04:07:40.795955,SMMR,26.11,26.11,26.23,2122600.0,1790300.0,0,0
,,,,,,143,2026-02-01 04:07:40.795955,ATMN,24.84,24.84,24.85,2262500.0,2144000.0,0,0
,,,,,,143,2026-02-01 04:07:40.795955,WNTR,26.77,26.61,26.71,1952800.0,1990500.0,0,0
2.0,1.0,1.0,,Aggregate Position Limit,Your CRO has set the aggregate position limit to 9000 shares for this week.,144,2026-02-01 04:07:41.823093,SPNG,25.38,24.91,24.97,2272000.0,1831000.0,0,0
1.0,1.0,1.0,,Welcome to the RITC 2026 Alogithmic Market Making Case - practice server,,144,2026-02-01 04:07:41.823093,SMMR,26.32,26.31,26.32,2089900.0,1793700.0,0,0
,,,,,,144,2026-02-01 04:07:41.823093,ATMN,24.66,24.66,24.85,2257900.0,2160200.0,0,0
,,,,,,144,2026-02-01 04:07:41.823093,WNTR,26.54,26.67,26.71,2000500.0,1990500.0,0,0
2.0,1.0,1.0,,Aggregate Position Limit,Your CRO has set the aggregate position limit to 9000 shares for this week.,145,2026-02-01 04:07:42.853623,SPNG,25.38,24.88,25.38,2224700.0,1732100.0,0,0
1.0,1.0,1.0,,Welcome to the RITC 2026 Alogithmic Market Making Case - practice server,,145,2026-02-01 04:07:42.853623,SMMR,26.07,26.07,26.32,2145900.0,1793700.0,0,0
,,,,,,145,2026-02-01 04:07:42.853623,ATMN,24.89,24.51,24.89,2281700.0,2173600.0,0,0
,,,,,,145,2026-02-01 04:07:42.853623,WNTR,26.51,26.51,26.66,2053100.0,2025800.0,0,0
2.0,1.0,1.0,,Aggregate Position Limit,Your CRO has set the aggregate position limit to 9000 shares for this week.,146,2026-02-01 04:07:43.879786,SPNG,24.64,24.64,25.38,2263400.0,1938500.0,0,0
1.0,1.0,1.0,,Welcome to the RITC 2026 Alogithmic Market Making Case - practice server,,146,2026-02-01 04:07:43.879786,SMMR,26.07,26.1,26.12,2113200.0,1898200.0,0,0
,,,,,,146,2026-02-01 04:07:43.879786,ATMN,24.5,24.72,24.89,2257000.0,2173600.0,0,0
,,,,,,146,2026-02-01 04:07:43.879786,WNTR,26.46,26.58,26.66,2004400.0,2043900.0,0,0
2.0,1.0,1.0,,Aggregate Position Limit,Your CRO has set the aggregate position limit to 9000 shares for this week.,147,2026-02-01 04:07:44.910018,SPNG,24.63,25.15,25.38,2242800.0,1999800.0,0,0
1.0,1.0,1.0,,Welcome to the RITC 2026 Alogithmic Market Making Case - practice server,,147,2026-02-01 04:07:44.910018,SMMR,26.32,26.1,26.32,2113200.0,1793700.0,0,0
,,,,,,147,2026-02-01 04:07:44.910018,ATMN,24.89,24.64,24.89,2271600.0,2173600.0,0,0
,,,,,,147,2026-02-01 04:07:44.910018,WNTR,26.71,26.46,26.71,2046300.0,2027000.0,0,0
2.0,1.0,1.0,,Aggregate Position Limit,Your CRO has set the aggregate position limit to 9000 shares for this week.,148,2026-02-01 04:07:46.009213,SPNG,25.15,24.73,25.0,2282400.0,2054500.0,0,0
1.0,1.0,1.0,,Welcome to the RITC 2026 Alogithmic Market Making Case - practice server,,148,2026-02-01 04:07:46.009213,SMMR,26.42,26.17,26.42,2123000.0,1588000.0,0,0
,,,,,,148,2026-02-01 04:07:46.009213,ATMN,24.91,24.64,24.91,2268600.0,2193600.0,0,0
,,,,,,148,2026-02-01 04:07:46.009213,WNTR,26.44,26.44,26.71,2098800.0,2027000.0,0,0
2.0,1.0,1.0,,Aggregate Position Limit,Your CRO has set the aggregate position limit to 9000 shares for this week.,149,2026-02-01 04:07:47.050119,SPNG,24.73,24.73,25.38,2282400.0,2080900.0,0,0
1.0,1.0,1.0,,Welcome to the RITC 2026 Alogithmic Market Making Case - practice server,,149,2026-02-01 04:07:47.050119,SMMR,26.42,26.17,26.24,2080600.0,1697600.0,0,0
,,,,,,149,2026-02-01 04:07:47.050119,ATMN,24.92,24.75,24.92,2289900.0,2197100.0,0,0
,,,,,,149,2026-02-01 04:07:47.050119,WNTR,26.37,26.37,26.71,2111600.0,2008000.0,0,0
2.0,1.0,1.0,,Aggregate Position Limit,Your CRO has set the aggregate position limit to 9000 shares for this week.,150,2026-02-01 04:07:48.073101,SPNG,25.38,24.63,25.38,2274500.0,2080900.0,0,0
1.0,1.0,1.0,,Welcome to the RITC 2026 Alogithmic Market Making Case - practice server,,150,2026-02-01 04:07:48.073101,SMMR,26.17,26.18,26.24,2044200.0,1697600.0,0,0
,,,,,,150,2026-02-01 04:07:48.073101,ATMN,24.92,24.83,24.91,2294600.0,2166100.0,0,0
,,,,,,150,2026-02-01 04:07:48.073101,WNTR,26.37,26.6,26.63,2087600.0,2030300.0,0,0
2.0,1.0,1.0,,Aggregate Position Limit,Your CRO has set the aggregate position limit to 9000 shares for this week.,151,2026-02-01 04:07:49.101689,SPNG,25.38,24.63,25.01,2274500.0,2148500.0,0,0
1.0,1.0,1.0,,Welcome to the RITC 2026 Alogithmic Market Making Case - practice server,,151,2026-02-01 04:07:49.101689,SMMR,26.45,26.18,26.4,2044200.0,1571700.0,0,0
,,,,,,151,2026-02-01 04:07:49.101689,ATMN,24.91,24.83,24.91,2294600.0,2166100.0,0,0
,,,,,,151,2026-02-01 04:07:49.101689,WNTR,26.71,26.6,26.71,2111400.0,2008000.0,0,0
2.0,1.0,1.0,,Aggregate Position Limit,Your CRO has set the aggregate position limit to 9000 shares for this week.,152,2026-02-01 04:07:50.125490,SPNG,25.38,24.87,25.01,2274500.0,2175600.0,0,0
1.0,1.0,1.0,,Welcome to the RITC 2026 Alogithmic Market Making Case - practice server,,152,2026-02-01 04:07:50.125490,SMMR,26.3,26.18,26.3,2044200.0,1674700.0,0,0
,,,,,,152,2026-02-01 04:07:50.125490,ATMN,24.83,24.83,24.91,2294600.0,2186700.0,0,0
,,,,,,152,2026-02-01 04:07:50.125490,WNTR,26.68,26.57,26.68,2101000.0,2027000.0,0,0
2.0,1.0,1.0,,Aggregate Position Limit,Your CRO has set the aggregate position limit to 9000 shares for this week.,153,2026-02-01 04:07:51.161004,SPNG,24.87,24.87,25.01,2266300.0,2207800.0,0,0
1.0,1.0,1.0,,Welcome to the RITC 2026 Alogithmic Market Making Case - practice server,,153,2026-02-01 04:07:51.161004,SMMR,26.18,26.18,26.3,2044200.0,1899300.0,0,0
,,,,,,153,2026-02-01 04:07:51.161004,ATMN,24.75,24.51,24.72,2280700.0,2212900.0,0,0
,,,,,,153,2026-02-01 04:07:51.161004,WNTR,26.57,26.5,26.51,2116400.0,1977300.0,0,0
2.0,1.0,1.0,,Aggregate Position Limit,Your CRO has set the aggregate position limit to 9000 shares for this week.,154,2026-02-01 04:07:52.197455,SPNG,24.65,24.63,24.65,2245100.0,2243800.0,0,0
1.0,1.0,1.0,,Welcome to the RITC 2026 Alogithmic Market Making Case - practice server,,154,2026-02-01 04:07:52.197455,SMMR,26.13,26.13,26.3,2052700.0,1914000.0,0,0
,,,,,,154,2026-02-01 04:07:52.197455,ATMN,24.51,24.51,24.92,2258700.0,2127000.0,0,0
,,,,,,154,2026-02-01 04:07:52.197455,WNTR,26.73,26.62,26.73,2096700.0,1995400.0,0,0
2.0,1.0,1.0,,Aggregate Position Limit,Your CRO has set the aggregate position limit to 9000 shares for this week.,155,2026-02-01 04:07:53.225303,SPNG,25.01,24.63,25.01,2238300.0,2207800.0,0,0
1.0,1.0,1.0,,Welcome to the RITC 2026 Alogithmic Market Making Case - practice server,,155,2026-02-01 04:07:53.225303,SMMR,26.12,26.12,26.3,2062200.0,1941500.0,0,0
,,,,,,155,2026-02-01 04:07:53.225303,ATMN,24.66,24.51,24.66,2233800.0,2164200.0,0,0
,,,,,,155,2026-02-01 04:07:53.225303,WNTR,26.46,26.46,26.7,2108100.0,2002000.0,0,0
2.0,1.0,1.0,,Aggregate Position Limit,Your CRO has set the aggregate position limit to 9000 shares for this week.,156,2026-02-01 04:07:54.248444,SPNG,25.01,24.97,25.01,2203700.0,2207800.0,0,0
1.0,1.0,1.0,,Welcome to the RITC 2026 Alogithmic Market Making Case - practice server,,156,2026-02-01 04:07:54.248444,SMMR,26.12,26.12,26.14,2062200.0,1974500.0,0,0
,,,,,,156,2026-02-01 04:07:54.248444,ATMN,24.66,24.65,24.66,2248600.0,2164200.0,0,0
,,,,,,156,2026-02-01 04:07:54.248444,WNTR,26.46,26.6,26.7,2117900.0,1985200.0,0,0
2.0,1.0,1.0,,Aggregate Position Limit,Your CRO has set the aggregate position limit to 9000 shares for this week.,157,2026-02-01 04:07:55.278208,SPNG,24.61,24.61,25.01,2210300.0,2204900.0,0,0
1.0,1.0,1.0,,Welcome to the RITC 2026 Alogithmic Market Making Case - practice server,,157,2026-02-01 04:07:55.278208,SMMR,26.12,26.12,26.14,2047900.0,1974500.0,0,0
,,,,,,157,2026-02-01 04:07:55.278208,ATMN,24.65,24.51,24.52,2244000.0,2169000.0,0,0
,,,,,,157,2026-02-01 04:07:55.278208,WNTR,26.6,26.56,26.7,2108100.0,1958100.0,0,0
2.0,1.0,1.0,,Aggregate Position Limit,Your CRO has set the aggregate position limit to 9000 shares for this week.,158,2026-02-01 04:07:56.324085,SPNG,24.61,24.91,25.01,2202600.0,2155300.0,0,0
1.0,1.0,1.0,,Welcome to the RITC 2026 Alogithmic Market Making Case - practice server,,158,2026-02-01 04:07:56.324085,SMMR,26.14,26.12,26.14,2049600.0,2013400.0,0,0
,,,,,,158,2026-02-01 04:07:56.324085,ATMN,24.96,24.79,24.85,2218800.0,2174100.0,0,0
,,,,,,158,2026-02-01 04:07:56.324085,WNTR,26.55,26.52,26.54,2119200.0,1965500.0,0,0
2.0,1.0,1.0,,Aggregate Position Limit,Your CRO has set the aggregate position limit to 9000 shares for this week.,159,2026-02-01 04:07:57.372882,SPNG,25.04,24.91,25.04,2202600.0,2153500.0,0,0
1.0,1.0,1.0,,Welcome to the RITC 2026 Alogithmic Market Making Case - practice server,,159,2026-02-01 04:07:57.372882,SMMR,26.12,26.12,26.25,2046300.0,1980100.0,0,0
,,,,,,159,2026-02-01 04:07:57.372882,ATMN,24.68,24.72,24.85,2215400.0,2174100.0,0,0
,,,,,,159,2026-02-01 04:07:57.372882,WNTR,26.52,26.52,26.56,2119200.0,1968400.0,0,0
2.0,1.0,1.0,,Aggregate Position Limit,Your CRO has set the aggregate position limit to 9000 shares for this week.,161,2026-02-01 04:07:58.416973,SPNG,24.71,24.71,25.04,2172500.0,2117500.0,0,0
1.0,1.0,1.0,,Welcome to the RITC 2026 Alogithmic Market Making Case - practice server,,161,2026-02-01 04:07:58.416973,SMMR,26.09,26.07,26.09,2073800.0,1997200.0,0,0
,,,,,,161,2026-02-01 04:07:58.416973,ATMN,24.68,24.83,24.85,2194400.0,2174100.0,0,0
,,,,,,161,2026-02-01 04:07:58.416973,WNTR,26.43,26.47,26.56,2113200.0,1968400.0,0,0
2.0,1.0,1.0,,Aggregate Position Limit,Your CRO has set the aggregate position limit to 9000 shares for this week.,162,2026-02-01 04:07:59.449097,SPNG,24.71,24.66,24.71,2197500.0,2107100.0,0,0
1.0,1.0,1.0,,Welcome to the RITC 2026 Alogithmic Market Making Case - practice server,,162,2026-02-01 04:07:59.449097,SMMR,26.27,26.07,26.17,2051900.0,1955700.0,0,0
,,,,,,162,2026-02-01 04:07:59.449097,ATMN,24.83,24.72,24.81,2204500.0,2147700.0,0,0
,,,,,,162,2026-02-01 04:07:59.449097,WNTR,26.56,26.57,26.7,2121100.0,1966800.0,0,0
2.0,1.0,1.0,,Aggregate Position Limit,Your CRO has set the aggregate position limit to 9000 shares for this week.,163,2026-02-01 04:08:00.472701,SPNG,24.65,24.61,24.65,2210300.0,2118000.0,0,0
1.0,1.0,1.0,,Welcome to the RITC 2026 Alogithmic Market Making Case - practice server,,163,2026-02-01 04:08:00.472701,SMMR,26.12,26.12,26.17,2067900.0,1957800.0,0,0
,,,,,,163,2026-02-01 04:08:00.472701,ATMN,24.7,24.7,24.93,2214500.0,2174900.0,0,0
,,,,,,163,2026-02-01 04:08:00.472701,WNTR,26.56,26.57,26.66,2121100.0,1961200.0,0,0
2.0,1.0,1.0,,Aggregate Position Limit,Your CRO has set the aggregate position limit to 9000 shares for this week.,164,2026-02-01 04:08:01.497715,SPNG,24.65,24.95,24.97,2217000.0,2120200.0,0,0
1.0,1.0,1.0,,Welcome to the RITC 2026 Alogithmic Market Making Case - practice server,,164,2026-02-01 04:08:01.497715,SMMR,26.21,26.12,26.21,2067900.0,1952800.0,0,0
,,,,,,164,2026-02-01 04:08:01.497715,ATMN,24.67,24.67,24.79,2227600.0,2170800.0,0,0
,,,,,,164,2026-02-01 04:08:01.497715,WNTR,26.53,26.6,26.66,2115200.0,1973400.0,0,0
2.0,1.0,1.0,,Aggregate Position Limit,Your CRO has set the aggregate position limit to 9000 shares for this week.,165,2026-02-01 04:08:02.540737,SPNG,24.65,24.95,24.97,2217000.0,2120600.0,0,0
1.0,1.0,1.0,,Welcome to the RITC 2026 Alogithmic Market Making Case - practice server,,165,2026-02-01 04:08:02.540737,SMMR,26.21,26.12,26.21,2067900.0,1951900.0,0,0
,,,,,,165,2026-02-01 04:08:02.540737,ATMN,24.54,24.58,24.75,2259100.0,2199600.0,0,0
,,,,,,165,2026-02-01 04:08:02.540737,WNTR,26.37,26.52,26.66,2085700.0,1973400.0,0,0
2.0,1.0,1.0,,Aggregate Position Limit,Your CRO has set the aggregate position limit to 9000 shares for this week.,166,2026-02-01 04:08:03.587490,SPNG,24.95,24.61,24.93,2229100.0,2139900.0,0,0
1.0,1.0,1.0,,Welcome to the RITC 2026 Alogithmic Market Making Case - practice server,,166,2026-02-01 04:08:03.587490,SMMR,26.07,26.09,26.21,2037500.0,1934700.0,0,0
,,,,,,166,2026-02-01 04:08:03.587490,ATMN,24.79,24.58,24.79,2259600.0,2175200.0,0,0
,,,,,,166,2026-02-01 04:08:03.587490,WNTR,26.66,26.52,26.66,2063100.0,1973400.0,0,0
2.0,1.0,1.0,,Aggregate Position Limit,Your CRO has set the aggregate position limit to 9000 shares for this week.,167,2026-02-01 04:08:04.636961,SPNG,24.97,24.61,24.97,2207000.0,2120600.0,0,0
1.0,1.0,1.0,,Welcome to the RITC 2026 Alogithmic Market Making Case - practice server,,167,2026-02-01 04:08:04.636961,SMMR,26.05,26.05,26.21,2051500.0,1957000.0,0,0
,,,,,,167,2026-02-01 04:08:04.636961,ATMN,24.54,24.54,24.79,2218300.0,2175200.0,0,0
,,,,,,167,2026-02-01 04:08:04.636961,WNTR,26.7,26.52,26.6,2035800.0,1938900.0,0,0
2.0,1.0,1.0,,Aggregate Position Limit,Your CRO has set the aggregate position limit to 9000 shares for this week.,168,2026-02-01 04:08:05.667520,SPNG,24.97,24.61,24.97,2207000.0,2112400.0,0,0
1.0,1.0,1.0,,Welcome to the RITC 2026 Alogithmic Market Making Case - practice server,,168,2026-02-01 04:08:05.667520,SMMR,26.18,26.04,26.18,2044600.0,1968000.0,0,0
,,,,,,168,2026-02-01 04:08:05.667520,ATMN,24.69,24.69,24.79,2193400.0,2175400.0,0,0
,,,,,,168,2026-02-01 04:08:05.667520,WNTR,26.7,26.52,26.68,2035800.0,1951000.0,0,0
2.0,1.0,1.0,,Aggregate Position Limit,Your CRO has set the aggregate position limit to 9000 shares for this week.,169,2026-02-01 04:08:06.696309,SPNG,25.0,24.54,25.0,2210100.0,2124600.0,0,0
1.0,1.0,1.0,,Welcome to the RITC 2026 Alogithmic Market Making Case - practice server,,169,2026-02-01 04:08:06.696309,SMMR,26.04,26.04,26.06,2044600.0,1948500.0,0,0
,,,,,,169,2026-02-01 04:08:06.696309,ATMN,24.5,24.5,24.78,2205100.0,2189300.0,0,0
,,,,,,169,2026-02-01 04:08:06.696309,WNTR,26.34,26.34,26.68,2069500.0,1951000.0,0,0
2.0,1.0,1.0,,Aggregate Position Limit,Your CRO has set the aggregate position limit to 9000 shares for this week.,170,2026-02-01 04:08:07.727405,SPNG,25.11,24.54,25.11,2210100.0,2156900.0,0,0
1.0,1.0,1.0,,Welcome to the RITC 2026 Alogithmic Market Making Case - practice server,,170,2026-02-01 04:08:07.727405,SMMR,26.13,26.04,26.13,2055500.0,1937800.0,0,0
,,,,,,170,2026-02-01 04:08:07.727405,ATMN,24.5,24.5,24.78,2205100.0,2208700.0,0,0
,,,,,,170,2026-02-01 04:08:07.727405,WNTR,26.34,26.34,26.56,2095800.0,1951800.0,0,0
2.0,1.0,1.0,,Aggregate Position Limit,Your CRO has set the aggregate position limit to 9000 shares for this week.,171,2026-02-01 04:08:08.753411,SPNG,25.11,24.55,25.11,2216200.0,2117500.0,0,0
1.0,1.0,1.0,,Welcome to the RITC 2026 Alogithmic Market Making Case - practice server,,171,2026-02-01 04:08:08.753411,SMMR,26.19,26.04,26.19,2053000.0,1965400.0,0,0
,,,,,,171,2026-02-01 04:08:08.753411,ATMN,24.78,24.47,24.78,2225500.0,2240000.0,0,0
,,,,,,171,2026-02-01 04:08:08.753411,WNTR,26.44,26.34,26.4,2072100.0,1954700.0,0,0
2.0,1.0,1.0,,Aggregate Position Limit,Your CRO has set the aggregate position limit to 9000 shares for this week.,172,2026-02-01 04:08:09.782308,SPNG,25.11,24.55,25.11,2205000.0,2131100.0,0,0
1.0,1.0,1.0,,Welcome to the RITC 2026 Alogithmic Market Making Case - practice server,,172,2026-02-01 04:08:09.782308,SMMR,26.11,26.11,26.19,2044800.0,1965900.0,0,0
,,,,,,172,2026-02-01 04:08:09.782308,ATMN,24.78,24.47,24.56,2244500.0,2251800.0,0,0
,,,,,,172,2026-02-01 04:08:09.782308,WNTR,26.63,26.34,26.59,2049800.0,1981900.0,0,0
2.0,1.0,1.0,,Aggregate Position Limit,Your CRO has set the aggregate position limit to 9000 shares for this week.,173,2026-02-01 04:08:10.800555,SPNG,25.11,24.59,24.63,2228400.0,2109800.0,0,0
1.0,1.0,1.0,,Welcome to the RITC 2026 Alogithmic Market Making Case - practice server,,173,2026-02-01 04:08:10.800555,SMMR,26.11,26.04,26.05,2038100.0,1946100.0,0,0
,,,,,,173,2026-02-01 04:08:10.800555,ATMN,24.79,24.69,24.79,2232900.0,2209000.0,0,0
,,,,,,173,2026-02-01 04:08:10.800555,WNTR,26.34,26.34,26.59,2075600.0,1981900.0,0,0
2.0,1.0,1.0,,Aggregate Position Limit,Your CRO has set the aggregate position limit to 9000 shares for this week.,174,2026-02-01 04:08:11.817223,SPNG,24.63,24.85,25.11,2266000.0,2131100.0,0,0
1.0,1.0,1.0,,Welcome to the RITC 2026 Alogithmic Market Making Case - practice server,,174,2026-02-01 04:08:11.817223,SMMR,26.05,26.14,26.19,2001800.0,1965900.0,0,0
,,,,,,174,2026-02-01 04:08:11.817223,ATMN,24.69,24.43,24.44,2223600.0,2231800.0,0,0
,,,,,,174,2026-02-01 04:08:11.817223,WNTR,26.52,26.52,26.59,2027600.0,1981900.0,0,0
2.0,1.0,1.0,,Aggregate Position Limit,Your CRO has set the aggregate position limit to 9000 shares for this week.,175,2026-02-01 04:08:12.882039,SPNG,24.55,24.55,24.96,2252900.0,2124800.0,0,0
1.0,1.0,1.0,,Welcome to the RITC 2026 Alogithmic Market Making Case - practice server,,175,2026-02-01 04:08:12.882039,SMMR,26.14,26.14,26.19,2001800.0,1950400.0,0,0
,,,,,,175,2026-02-01 04:08:12.882039,ATMN,24.44,24.56,24.79,2190900.0,2212900.0,0,0
,,,,,,175,2026-02-01 04:08:12.882039,WNTR,26.59,26.61,26.62,1993300.0,1943600.0,0,0
2.0,1.0,1.0,,Aggregate Position Limit,Your CRO has set the aggregate position limit to 9000 shares for this week.,176,2026-02-01 04:08:13.916458,SPNG,24.97,24.91,24.97,2258500.0,2116900.0,0,0
1.0,1.0,1.0,,Welcome to the RITC 2026 Alogithmic Market Making Case - practice server,,176,2026-02-01 04:08:13.916458,SMMR,26.05,26.05,26.17,2053500.0,1925600.0,0,0
,,,,,,176,2026-02-01 04:08:13.916458,ATMN,24.5,24.43,24.46,2226700.0,2213700.0,0,0
,,,,,,176,2026-02-01 04:08:13.916458,WNTR,26.58,26.52,26.54,2027600.0,1943200.0,0,0
2.0,1.0,1.0,,Aggregate Position Limit,Your CRO has set the aggregate position limit to 9000 shares for this week.,177,2026-02-01 04:08:14.947129,SPNG,24.55,24.55,24.97,2258300.0,2137700.0,0,0
1.0,1.0,1.0,,Welcome to the RITC 2026 Alogithmic Market Making Case - practice server,,177,2026-02-01 04:08:14.947129,SMMR,26.19,26.14,26.19,2054600.0,1950400.0,0,0
,,,,,,177,2026-02-01 04:08:14.947129,ATMN,24.79,24.5,24.79,2210900.0,2182000.0,0,0
,,,,,,177,2026-02-01 04:08:14.947129,WNTR,26.52,26.48,26.49,2005900.0,1988800.0,0,0
2.0,1.0,1.0,,Aggregate Position Limit,Your CRO has set the aggregate position limit to 9000 shares for this week.,178,2026-02-01 04:08:15.978772,SPNG,24.54,24.82,24.97,2229500.0,2137700.0,0,0
1.0,1.0,1.0,,Welcome to the RITC 2026 Alogithmic Market Making Case - practice server,,178,2026-02-01 04:08:15.978772,SMMR,26.19,26.14,26.19,2054600.0,1982400.0,0,0
,,,,,,178,2026-02-01 04:08:15.978772,ATMN,24.43,24.43,24.68,2248800.0,2179300.0,0,0
,,,,,,178,2026-02-01 04:08:15.978772,WNTR,26.35,26.37,26.49,2022900.0,1987500.0,0,0
2.0,1.0,1.0,,Aggregate Position Limit,Your CRO has set the aggregate position limit to 9000 shares for this week.,179,2026-02-01 04:08:16.996858,SPNG,24.54,24.82,24.97,2229500.0,2157100.0,0,0
1.0,1.0,1.0,,Welcome to the RITC 2026 Alogithmic Market Making Case - practice server,,179,2026-02-01 04:08:16.996858,SMMR,26.19,26.14,26.15,2048700.0,1969600.0,0,0
,,,,,,179,2026-02-01 04:08:16.996858,ATMN,24.43,24.5,24.59,2240800.0,2185800.0,0,0
,,,,,,179,2026-02-01 04:08:16.996858,WNTR,26.34,26.34,26.49,2014300.0,1966300.0,0,0
2.0,1.0,1.0,,Aggregate Position Limit,Your CRO has set the aggregate position limit to 9000 shares for this week.,180,2026-02-01 04:08:18.024741,SPNG,25.63,24.87,25.48,964300.0,797400.0,0,0
1.0,1.0,1.0,,Welcome to the RITC 2026 Alogithmic Market Making Case - practice server,,180,2026-02-01 04:08:18.024741,SMMR,26.19,24.97,25.29,900200.0,875000.0,0,0
,,,,,,180,2026-02-01 04:08:18.024741,ATMN,24.68,25.75,26.66,857400.0,752400.0,0,0
,,,,,,180,2026-02-01 04:08:18.024741,WNTR,26.34,25.28,25.57,887700.0,947500.0,0,0
2.0,1.0,1.0,,Aggregate Position Limit,Your CRO has set the aggregate position limit to 9000 shares for this week.,181,2026-02-01 04:08:19.053568,SPNG,25.63,25.12,25.48,1295600.0,797400.0,0,0
1.0,1.0,1.0,,Welcome to the RITC 2026 Alogithmic Market Making Case - practice server,,181,2026-02-01 04:08:19.053568,SMMR,26.19,24.97,25.01,900200.0,1179300.0,0,0
,,,,,,181,2026-02-01 04:08:19.053568,ATMN,24.68,25.75,25.76,1066800.0,980300.0,0,0
,,,,,,181,2026-02-01 04:08:19.053568,WNTR,24.88,24.96,25.35,891800.0,1150000.0,0,0
2.0,1.0,1.0,,Aggregate Position Limit,Your CRO has set the aggregate position limit to 9000 shares for this week.,182,2026-02-01 04:08:20.086581,SPNG,25.7,25.54,25.7,1632100.0,785400.0,0,0
1.0,1.0,1.0,,Welcome to the RITC 2026 Alogithmic Market Making Case - practice server,,182,2026-02-01 04:08:20.086581,SMMR,24.97,24.97,24.98,900200.0,1381100.0,0,0
,,,,,,182,2026-02-01 04:08:20.086581,ATMN,25.75,25.75,25.76,1064000.0,980300.0,0,0
,,,,,,182,2026-02-01 04:08:20.086581,WNTR,24.88,24.96,25.14,891800.0,1528300.0,0,0
2.0,1.0,1.0,,Aggregate Position Limit,Your CRO has set the aggregate position limit to 9000 shares for this week.,183,2026-02-01 04:08:21.131865,SPNG,25.54,25.83,25.85,1897800.0,751300.0,0,0
1.0,1.0,1.0,,Welcome to the RITC 2026 Alogithmic Market Making Case - practice server,,183,2026-02-01 04:08:21.131865,SMMR,24.75,24.75,24.89,919800.0,1700300.0,0,0
,,,,,,183,2026-02-01 04:08:21.131865,ATMN,25.66,25.66,25.76,1292100.0,980300.0,0,0
,,,,,,183,2026-02-01 04:08:21.131865,WNTR,24.88,24.96,25.07,891800.0,1836700.0,0,0
2.0,1.0,1.0,,Aggregate Position Limit,Your CRO has set the aggregate position limit to 9000 shares for this week.,184,2026-02-01 04:08:22.165484,SPNG,25.83,25.54,25.82,1772200.0,1052700.0,0,0
1.0,1.0,1.0,,Welcome to the RITC 2026 Alogithmic Market Making Case - practice server,,184,2026-02-01 04:08:22.165484,SMMR,24.75,24.75,24.87,1024300.0,1933000.0,0,0
,,,,,,184,2026-02-01 04:08:22.165484,ATMN,26.02,25.73,26.02,1317300.0,868300.0,0,0
,,,,,,184,2026-02-01 04:08:22.165484,WNTR,24.88,24.88,24.99,887300.0,2040600.0,0,0
2.0,1.0,1.0,,Aggregate Position Limit,Your CRO has set the aggregate position limit to 9000 shares for this week.,185,2026-02-01 04:08:23.197830,SPNG,25.87,25.54,25.75,1772200.0,1082800.0,0,0
1.0,1.0,1.0,,Welcome to the RITC 2026 Alogithmic Market Making Case - practice server,,185,2026-02-01 04:08:23.197830,SMMR,24.73,24.73,24.75,917100.0,2013700.0,0,0
,,,,,,185,2026-02-01 04:08:23.197830,ATMN,25.73,25.73,25.96,1438900.0,1087500.0,0,0
,,,,,,185,2026-02-01 04:08:23.197830,WNTR,24.99,25.03,25.07,1009300.0,2034400.0,0,0
2.0,1.0,1.0,,Aggregate Position Limit,Your CRO has set the aggregate position limit to 9000 shares for this week.,186,2026-02-01 04:08:24.275731,SPNG,25.75,25.54,25.75,1901300.0,1174500.0,0,0
1.0,1.0,1.0,,Welcome to the RITC 2026 Alogithmic Market Making Case - practice server,,186,2026-02-01 04:08:24.275731,SMMR,24.73,24.27,24.72,936300.0,2047300.0,0,0
,,,,,,186,2026-02-01 04:08:24.275731,ATMN,26.02,26.1,26.17,1532500.0,865200.0,0,0
,,,,,,186,2026-02-01 04:08:24.275731,WNTR,24.88,24.88,25.07,907100.0,2002200.0,0,0
2.0,1.0,1.0,,Aggregate Position Limit,Your CRO has set the aggregate position limit to 9000 shares for this week.,187,2026-02-01 04:08:25.304878,SPNG,25.39,25.43,25.75,2097500.0,1174500.0,0,0
1.0,1.0,1.0,,Welcome to the RITC 2026 Alogithmic Market Making Case - practice server,,187,2026-02-01 04:08:25.304878,SMMR,24.78,24.78,24.87,1125100.0,2025900.0,0,0
,,,,,,187,2026-02-01 04:08:25.304878,ATMN,25.6,25.6,26.17,1200200.0,970000.0,0,0
,,,,,,187,2026-02-01 04:08:25.304878,WNTR,24.96,24.96,25.0,1017100.0,2010200.0,0,0
2.0,1.0,1.0,,Aggregate Position Limit,Your CRO has set the aggregate position limit to 9000 shares for this week.,188,2026-02-01 04:08:26.345939,SPNG,25.87,25.43,25.87,2352600.0,1049600.0,0,0
1.0,1.0,1.0,,Welcome to the RITC 2026 Alogithmic Market Making Case - practice server,,188,2026-02-01 04:08:26.345939,SMMR,24.78,24.53,24.76,1134800.0,2076700.0,0,0
,,,,,,188,2026-02-01 04:08:26.345939,ATMN,25.6,25.85,26.17,1308600.0,1200900.0,0,0
,,,,,,188,2026-02-01 04:08:26.345939,WNTR,24.96,24.98,25.0,1206400.0,2014000.0,0,0
2.0,1.0,1.0,,Aggregate Position Limit,Your CRO has set the aggregate position limit to 9000 shares for this week.,189,2026-02-01 04:08:27.381169,SPNG,25.78,25.43,25.78,2299900.0,1141000.0,0,0
1.0,1.0,1.0,,Welcome to the RITC 2026 Alogithmic Market Making Case - practice server,,189,2026-02-01 04:08:27.381169,SMMR,24.76,24.46,24.76,1174200.0,2093800.0,0,0
,,,,,,189,2026-02-01 04:08:27.381169,ATMN,25.85,25.62,25.81,1530000.0,1320300.0,0,0
,,,,,,189,2026-02-01 04:08:27.381169,WNTR,24.98,24.98,25.0,1302000.0,1999500.0,0,0
2.0,1.0,1.0,,Aggregate Position Limit,Your CRO has set the aggregate position limit to 9000 shares for this week.,190,2026-02-01 04:08:28.418192,SPNG,25.62,25.43,25.5,2299900.0,1477900.0,0,0
1.0,1.0,1.0,,Welcome to the RITC 2026 Alogithmic Market Making Case - practice server,,190,2026-02-01 04:08:28.418192,SMMR,24.79,24.76,24.79,1359400.0,2080300.0,0,0
,,,,,,190,2026-02-01 04:08:28.418192,ATMN,25.81,26.05,26.17,1825100.0,1200900.0,0,0
,,,,,,190,2026-02-01 04:08:28.418192,WNTR,25.04,24.98,25.04,1302000.0,2014700.0,0,0
2.0,1.0,1.0,,Aggregate Position Limit,Your CRO has set the aggregate position limit to 9000 shares for this week.,191,2026-02-01 04:08:29.444562,SPNG,25.68,25.43,25.56,2295900.0,1472100.0,0,0
1.0,1.0,1.0,,Welcome to the RITC 2026 Alogithmic Market Making Case - practice server,,191,2026-02-01 04:08:29.444562,SMMR,24.87,24.62,24.87,1378900.0,2054200.0,0,0
,,,,,,191,2026-02-01 04:08:29.444562,ATMN,25.81,26.05,26.07,1825100.0,1625100.0,0,0
,,,,,,191,2026-02-01 04:08:29.444562,WNTR,24.96,24.89,24.92,1178600.0,2071700.0,0,0
2.0,1.0,1.0,,Aggregate Position Limit,Your CRO has set the aggregate position limit to 9000 shares for this week.,192,2026-02-01 04:08:30.469820,SPNG,25.56,25.62,25.78,2209600.0,1466900.0,0,0
1.0,1.0,1.0,,Welcome to the RITC 2026 Alogithmic Market Making Case - practice server,,192,2026-02-01 04:08:30.469820,SMMR,24.89,24.62,24.89,1471600.0,2041600.0,0,0
,,,,,,192,2026-02-01 04:08:30.469820,ATMN,25.81,26.05,26.06,1825100.0,1940600.0,0,0
,,,,,,192,2026-02-01 04:08:30.469820,WNTR,24.88,24.88,24.96,1093300.0,2065000.0,0,0
2.0,1.0,1.0,,Aggregate Position Limit,Your CRO has set the aggregate position limit to 9000 shares for this week.,193,2026-02-01 04:08:31.495514,SPNG,25.87,25.62,25.87,2209600.0,1481100.0,0,0
1.0,1.0,1.0,,Welcome to the RITC 2026 Alogithmic Market Making Case - practice server,,193,2026-02-01 04:08:31.495514,SMMR,24.89,24.71,24.83,1680800.0,2054700.0,0,0
,,,,,,193,2026-02-01 04:08:31.495514,ATMN,25.77,25.77,25.89,1740000.0,2036400.0,0,0
,,,,,,193,2026-02-01 04:08:31.495514,WNTR,24.96,24.98,25.04,1392300.0,2055900.0,0,0
2.0,1.0,1.0,,Aggregate Position Limit,Your CRO has set the aggregate position limit to 9000 shares for this week.,194,2026-02-01 04:08:32.516146,SPNG,25.92,25.43,25.92,2197100.0,1373500.0,0,0
1.0,1.0,1.0,,Welcome to the RITC 2026 Alogithmic Market Making Case - practice server,,194,2026-02-01 04:08:32.516146,SMMR,24.62,24.62,24.82,1587700.0,2057300.0,0,0
,,,,,,194,2026-02-01 04:08:32.516146,ATMN,25.89,25.99,26.05,1955400.0,2057900.0,0,0
,,,,,,194,2026-02-01 04:08:32.516146,WNTR,24.88,24.88,25.04,1177700.0,2057000.0,0,0
2.0,1.0,1.0,,Aggregate Position Limit,Your CRO has set the aggregate position limit to 9000 shares for this week.,195,2026-02-01 04:08:33.533975,SPNG,25.92,25.43,25.59,2187800.0,1590900.0,0,0
1.0,1.0,1.0,,Welcome to the RITC 2026 Alogithmic Market Making Case - practice server,,195,2026-02-01 04:08:33.533975,SMMR,24.89,24.62,24.89,1699400.0,2041200.0,0,0
,,,,,,195,2026-02-01 04:08:33.533975,ATMN,26.05,25.62,26.05,1748700.0,2057900.0,0,0
,,,,,,195,2026-02-01 04:08:33.533975,WNTR,25.07,24.88,25.03,1300900.0,2058600.0,0,0
2.0,1.0,1.0,,Aggregate Position Limit,Your CRO has set the aggregate position limit to 9000 shares for this week.,196,2026-02-01 04:08:34.568068,SPNG,25.59,25.63,25.9,2167500.0,1593200.0,0,0
1.0,1.0,1.0,,Welcome to the RITC 2026 Alogithmic Market Making Case - practice server,,196,2026-02-01 04:08:34.568068,SMMR,24.91,24.87,24.91,1888800.0,2028400.0,0,0
,,,,,,196,2026-02-01 04:08:34.568068,ATMN,26.12,25.62,26.12,1866800.0,1831400.0,0,0
,,,,,,196,2026-02-01 04:08:34.568068,WNTR,24.85,24.99,25.03,1334000.0,2058600.0,0,0
2.0,1.0,1.0,,Aggregate Position Limit,Your CRO has set the aggregate position limit to 9000 shares for this week.,197,2026-02-01 04:08:35.619478,SPNG,25.9,25.8,25.9,2184000.0,1784100.0,0,0
1.0,1.0,1.0,,Welcome to the RITC 2026 Alogithmic Market Making Case - practice server,,197,2026-02-01 04:08:35.619478,SMMR,24.91,24.94,24.95,2090900.0,2053200.0,0,0
,,,,,,197,2026-02-01 04:08:35.619478,ATMN,25.91,25.82,25.91,2080700.0,1929500.0,0,0
,,,,,,197,2026-02-01 04:08:35.619478,WNTR,24.99,25.01,25.03,1432800.0,2022300.0,0,0
2.0,1.0,1.0,,Aggregate Position Limit,Your CRO has set the aggregate position limit to 9000 shares for this week.,198,2026-02-01 04:08:36.657876,SPNG,25.92,25.39,25.92,2214500.0,1680400.0,0,0
