news_id,period,tick,ticker,headline,body,tick,timestamp,ticker,last_price,bid_price,ask_price,BUY_ANON,SELL_ANON
2.0,1.0,1.0,,Aggregate Position Limit,Your CRO has set the aggregate position limit to 11000 shares for this week.,3,2026-02-01 07:06:32.480402,SPNG,24.73,24.73,25.01,2091100.0,2317200.0
1.0,1.0,1.0,,Welcome to the RITC 2026 Alogithmic Market Making Case - practice server,,3,2026-02-01 07:06:32.480402,SMMR,24.76,24.76,25.01,2081500.0,2400800.0
,,,,,,3,2026-02-01 07:06:32.480402,ATMN,24.73,24.73,25.18,2184000.0,1967100.0
,,,,,,3,2026-02-01 07:06:32.480402,WNTR,25.05,24.91,25.05,1321100.0,2265300.0
2.0,1.0,1.0,,Aggregate Position Limit,Your CRO has set the aggregate position limit to 11000 shares for this week.,4,2026-02-01 07:06:33.505081,SPNG,25.12,24.82,25.12,2209900.0,2317300.0
1.0,1.0,1.0,,Welcome to the RITC 2026 Alogithmic Market Making Case - practice server,,4,2026-02-01 07:06:33.505081,SMMR,25.12,24.97,25.12,2450100.0,2387700.0
,,,,,,4,2026-02-01 07:06:33.505081,ATMN,25.0,24.86,25.0,2196600.0,2056900.0
,,,,,,4,2026-02-01 07:06:33.505081,WNTR,25.06,24.91,25.06,1321100.0,2250900.0
2.0,1.0,1.0,,Aggregate Position Limit,Your CRO has set the aggregate position limit to 11000 shares for this week.,5,2026-02-01 07:06:34.536659,SPNG,24.73,24.73,25.12,2091100.0,2307100.0
1.0,1.0,1.0,,Welcome to the RITC 2026 Alogithmic Market Making Case - practice server,,5,2026-02-01 07:06:34.536659,SMMR,24.8,24.8,25.11,2441000.0,2377200.0
,,,,,,5,2026-02-01 07:06:34.536659,ATMN,24.86,24.86,24.95,2208500.0,2057900.0
,,,,,,5,2026-02-01 07:06:34.536659,WNTR,25.06,24.91,25.06,1412600.0,2254600.0
2.0,1.0,1.0,,Aggregate Position Limit,Your CRO has set the aggregate position limit to 11000 shares for this week.,6,2026-02-01 07:06:35.564633,SPNG,24.73,25.01,25.08,2214800.0,2258400.0
1.0,1.0,1.0,,Welcome to the RITC 2026 Alogithmic Market Making Case - practice server,,6,2026-02-01 07:06:35.564633,SMMR,24.97,24.8,24.95,2432700.0,2392100.0
,,,,,,6,2026-02-01 07:06:35.564633,ATMN,25.25,24.86,25.13,2207300.0,1962700.0
,,,,,,6,2026-02-01 07:06:35.564633,WNTR,25.06,24.91,24.97,1543300.0,2273300.0
2.0,1.0,1.0,,Aggregate Position Limit,Your CRO has set the aggregate position limit to 11000 shares for this week.,7,2026-02-01 07:06:36.591280,SPNG,25.24,25.01,25.24,2214800.0,2281700.0
1.0,1.0,1.0,,Welcome to the RITC 2026 Alogithmic Market Making Case - practice server,,7,2026-02-01 07:06:36.591280,SMMR,25.06,24.8,25.05,2440800.0,2368200.0
,,,,,,7,2026-02-01 07:06:36.591280,ATMN,25.13,25.06,25.13,2188400.0,1962700.0
,,,,,,7,2026-02-01 07:06:36.591280,WNTR,24.97,25.01,25.06,1543300.0,2271700.0
2.0,1.0,1.0,,Aggregate Position Limit,Your CRO has set the aggregate position limit to 11000 shares for this week.,8,2026-02-01 07:06:37.638845,SPNG,24.9,25.17,25.24,2266800.0,2281700.0
1.0,1.0,1.0,,Welcome to the RITC 2026 Alogithmic Market Making Case - practice server,,8,2026-02-01 07:06:37.638845,SMMR,25.01,24.8,25.0,2428300.0,2395900.0
,,,,,,8,2026-02-01 07:06:37.638845,ATMN,25.06,25.06,25.07,2188400.0,2050000.0
,,,,,,8,2026-02-01 07:06:37.638845,WNTR,24.96,24.91,24.94,1543300.0,2264700.0
2.0,1.0,1.0,,Aggregate Position Limit,Your CRO has set the aggregate position limit to 11000 shares for this week.,9,2026-02-01 07:06:38.671847,SPNG,24.6,24.6,25.24,1977400.0,2263400.0
1.0,1.0,1.0,,Welcome to the RITC 2026 Alogithmic Market Making Case - practice server,,9,2026-02-01 07:06:38.671847,SMMR,25.0,25.06,25.11,2429900.0,2372400.0
,,,,,,9,2026-02-01 07:06:38.671847,ATMN,25.13,24.68,25.13,2163100.0,2079800.0
,,,,,,9,2026-02-01 07:06:38.671847,WNTR,24.96,24.91,24.94,1750200.0,2285800.0
2.0,1.0,1.0,,Aggregate Position Limit,Your CRO has set the aggregate position limit to 11000 shares for this week.,10,2026-02-01 07:06:39.705889,SPNG,25.18,24.6,25.18,2074800.0,2238500.0
1.0,1.0,1.0,,Welcome to the RITC 2026 Alogithmic Market Making Case - practice server,,10,2026-02-01 07:06:39.705889,SMMR,25.06,25.1,25.11,2474200.0,2387600.0
,,,,,,10,2026-02-01 07:06:39.705889,ATMN,24.84,25.06,25.13,2180400.0,2079800.0
,,,,,,10,2026-02-01 07:06:39.705889,WNTR,24.96,24.91,24.94,1972200.0,2260500.0
2.0,1.0,1.0,,Aggregate Position Limit,Your CRO has set the aggregate position limit to 11000 shares for this week.,11,2026-02-01 07:06:40.731522,SPNG,25.18,25.2,25.24,2190200.0,2263400.0
1.0,1.0,1.0,,Welcome to the RITC 2026 Alogithmic Market Making Case - practice server,,11,2026-02-01 07:06:40.731522,SMMR,24.98,24.98,25.05,2451300.0,2398400.0
,,,,,,11,2026-02-01 07:06:40.731522,ATMN,24.95,24.95,25.25,2147500.0,2045000.0
,,,,,,11,2026-02-01 07:06:40.731522,WNTR,24.88,24.98,25.06,1901700.0,2250900.0
2.0,1.0,1.0,,Aggregate Position Limit,Your CRO has set the aggregate position limit to 11000 shares for this week.,12,2026-02-01 07:06:41.768951,SPNG,25.18,25.2,25.24,2190200.0,2222800.0
1.0,1.0,1.0,,Welcome to the RITC 2026 Alogithmic Market Making Case - practice server,,12,2026-02-01 07:06:41.768951,SMMR,25.07,24.99,25.07,2489600.0,2405100.0
,,,,,,12,2026-02-01 07:06:41.768951,ATMN,24.95,24.63,24.74,2178400.0,2081600.0
,,,,,,12,2026-02-01 07:06:41.768951,WNTR,24.88,24.98,24.99,2110800.0,2241200.0
2.0,1.0,1.0,,Aggregate Position Limit,Your CRO has set the aggregate position limit to 11000 shares for this week.,13,2026-02-01 07:06:42.792120,SPNG,25.2,24.6,25.09,2074800.0,2244500.0
1.0,1.0,1.0,,Welcome to the RITC 2026 Alogithmic Market Making Case - practice server,,13,2026-02-01 07:06:42.792120,SMMR,25.07,25.03,25.04,2491800.0,2406300.0
,,,,,,13,2026-02-01 07:06:42.792120,ATMN,24.63,24.63,25.25,2190400.0,2045000.0
,,,,,,13,2026-02-01 07:06:42.792120,WNTR,24.88,24.98,24.99,2224600.0,2222200.0
2.0,1.0,1.0,,Aggregate Position Limit,Your CRO has set the aggregate position limit to 11000 shares for this week.,14,2026-02-01 07:06:43.817897,SPNG,25.09,24.55,25.09,2069300.0,2244500.0
1.0,1.0,1.0,,Welcome to the RITC 2026 Alogithmic Market Making Case - practice server,,14,2026-02-01 07:06:43.817897,SMMR,25.07,25.03,25.07,2442100.0,2405100.0
,,,,,,14,2026-02-01 07:06:43.817897,ATMN,24.63,25.21,25.25,2187100.0,2047800.0
,,,,,,14,2026-02-01 07:06:43.817897,WNTR,24.98,24.98,24.99,2194600.0,2193500.0
2.0,1.0,1.0,,Aggregate Position Limit,Your CRO has set the aggregate position limit to 11000 shares for this week.,15,2026-02-01 07:06:44.844691,SPNG,24.54,24.54,25.29,2239400.0,2211700.0
1.0,1.0,1.0,,Welcome to the RITC 2026 Alogithmic Market Making Case - practice server,,15,2026-02-01 07:06:44.844691,SMMR,25.15,25.03,25.12,2442100.0,2396700.0
,,,,,,15,2026-02-01 07:06:44.844691,ATMN,25.21,24.63,24.74,2190400.0,2041700.0
,,,,,,15,2026-02-01 07:06:44.844691,WNTR,24.95,24.95,25.06,2198000.0,2223800.0
2.0,1.0,1.0,,Aggregate Position Limit,Your CRO has set the aggregate position limit to 11000 shares for this week.,16,2026-02-01 07:06:45.888287,SPNG,24.54,24.54,25.29,2239400.0,2221500.0
1.0,1.0,1.0,,Welcome to the RITC 2026 Alogithmic Market Making Case - practice server,,16,2026-02-01 07:06:45.888287,SMMR,25.12,25.03,25.12,2434300.0,2378500.0
,,,,,,16,2026-02-01 07:06:45.888287,ATMN,24.9,24.63,24.75,2186900.0,2052000.0
,,,,,,16,2026-02-01 07:06:45.888287,WNTR,25.08,24.95,25.08,2205400.0,2254800.0
2.0,1.0,1.0,,Aggregate Position Limit,Your CRO has set the aggregate position limit to 11000 shares for this week.,17,2026-02-01 07:06:46.919022,SPNG,24.76,24.76,25.24,2268700.0,2189800.0
1.0,1.0,1.0,,Welcome to the RITC 2026 Alogithmic Market Making Case - practice server,,17,2026-02-01 07:06:46.919022,SMMR,25.0,25.0,25.1,2461000.0,2344300.0
,,,,,,17,2026-02-01 07:06:46.919022,ATMN,24.75,24.94,25.25,2199400.0,2022200.0
,,,,,,17,2026-02-01 07:06:46.919022,WNTR,25.1,25.05,25.1,2143000.0,2266500.0
2.0,1.0,1.0,,Aggregate Position Limit,Your CRO has set the aggregate position limit to 11000 shares for this week.,18,2026-02-01 07:06:47.952008,SPNG,24.83,24.93,25.24,2225200.0,2189800.0
1.0,1.0,1.0,,Welcome to the RITC 2026 Alogithmic Market Making Case - practice server,,18,2026-02-01 07:06:47.952008,SMMR,25.1,24.99,25.1,2487000.0,2354700.0
,,,,,,18,2026-02-01 07:06:47.952008,ATMN,24.94,24.94,25.25,2222300.0,2022200.0
,,,,,,18,2026-02-01 07:06:47.952008,WNTR,25.11,25.05,25.08,2143000.0,2281000.0
2.0,1.0,1.0,,Aggregate Position Limit,Your CRO has set the aggregate position limit to 11000 shares for this week.,19,2026-02-01 07:06:48.988378,SPNG,24.54,24.54,25.24,2244100.0,2206800.0
1.0,1.0,1.0,,Welcome to the RITC 2026 Alogithmic Market Making Case - practice server,,19,2026-02-01 07:06:48.988378,SMMR,24.96,24.96,25.06,2483000.0,2359100.0
,,,,,,19,2026-02-01 07:06:48.988378,ATMN,24.74,25.15,25.25,2207800.0,2013000.0
,,,,,,19,2026-02-01 07:06:48.988378,WNTR,25.11,25.08,25.11,2142400.0,2268500.0
2.0,1.0,1.0,,Aggregate Position Limit,Your CRO has set the aggregate position limit to 11000 shares for this week.,20,2026-02-01 07:06:50.017859,SPNG,25.29,24.53,25.29,2219200.0,2216200.0
1.0,1.0,1.0,,Welcome to the RITC 2026 Alogithmic Market Making Case - practice server,,20,2026-02-01 07:06:50.017859,SMMR,24.87,24.87,24.89,2437600.0,2412500.0
,,,,,,20,2026-02-01 07:06:50.017859,ATMN,25.15,24.74,25.05,2202100.0,2068600.0
,,,,,,20,2026-02-01 07:06:50.017859,WNTR,25.05,25.05,25.11,2138100.0,2285700.0
2.0,1.0,1.0,,Aggregate Position Limit,Your CRO has set the aggregate position limit to 11000 shares for this week.,21,2026-02-01 07:06:51.042177,SPNG,25.33,25.18,25.33,2250100.0,2246400.0
1.0,1.0,1.0,,Welcome to the RITC 2026 Alogithmic Market Making Case - practice server,,21,2026-02-01 07:06:51.042177,SMMR,24.87,24.87,24.89,2433400.0,2412500.0
,,,,,,21,2026-02-01 07:06:51.042177,ATMN,25.05,25.24,25.25,2236800.0,2047400.0
,,,,,,21,2026-02-01 07:06:51.042177,WNTR,25.05,25.05,25.06,2126000.0,2312500.0
2.0,1.0,1.0,,Aggregate Position Limit,Your CRO has set the aggregate position limit to 11000 shares for this week.,22,2026-02-01 07:06:52.070387,SPNG,25.18,24.81,25.17,2268300.0,2221600.0
1.0,1.0,1.0,,Welcome to the RITC 2026 Alogithmic Market Making Case - practice server,,22,2026-02-01 07:06:52.070387,SMMR,24.85,24.85,24.89,2462000.0,2412500.0
,,,,,,22,2026-02-01 07:06:52.070387,ATMN,25.24,25.12,25.14,2236100.0,2052700.0
,,,,,,22,2026-02-01 07:06:52.070387,WNTR,24.96,24.96,25.05,2135900.0,2309300.0
2.0,1.0,1.0,,Aggregate Position Limit,Your CRO has set the aggregate position limit to 11000 shares for this week.,23,2026-02-01 07:06:53.095037,SPNG,25.48,24.97,25.48,2221100.0,2234200.0
1.0,1.0,1.0,,Welcome to the RITC 2026 Alogithmic Market Making Case - practice server,,23,2026-02-01 07:06:53.095037,SMMR,25.15,25.11,25.15,2451600.0,2405400.0
,,,,,,23,2026-02-01 07:06:53.095037,ATMN,24.74,24.98,25.14,2212700.0,2056200.0
,,,,,,23,2026-02-01 07:06:53.095037,WNTR,24.96,25.04,25.05,2132800.0,2295900.0
2.0,1.0,1.0,,Aggregate Position Limit,Your CRO has set the aggregate position limit to 11000 shares for this week.,24,2026-02-01 07:06:54.122059,SPNG,24.94,25.12,25.26,2246600.0,2206800.0
1.0,1.0,1.0,,Welcome to the RITC 2026 Alogithmic Market Making Case - practice server,,24,2026-02-01 07:06:54.122059,SMMR,25.11,24.85,24.9,2438600.0,2389800.0
,,,,,,24,2026-02-01 07:06:54.122059,ATMN,24.98,24.98,25.25,2187200.0,2082000.0
,,,,,,24,2026-02-01 07:06:54.122059,WNTR,25.06,24.98,25.06,2160900.0,2321300.0
2.0,1.0,1.0,,Aggregate Position Limit,Your CRO has set the aggregate position limit to 11000 shares for this week.,25,2026-02-01 07:06:55.147597,SPNG,24.81,24.81,25.26,2230100.0,2214900.0
1.0,1.0,1.0,,Welcome to the RITC 2026 Alogithmic Market Making Case - practice server,,25,2026-02-01 07:06:55.147597,SMMR,25.11,24.85,24.9,2465900.0,2389800.0
,,,,,,25,2026-02-01 07:06:55.147597,ATMN,25.06,24.99,25.06,2188800.0,2050300.0
,,,,,,25,2026-02-01 07:06:55.147597,WNTR,25.06,25.01,25.06,2119900.0,2321300.0
2.0,1.0,1.0,,Aggregate Position Limit,Your CRO has set the aggregate position limit to 11000 shares for this week.,26,2026-02-01 07:06:56.167084,SPNG,25.26,24.81,25.26,2243500.0,2214900.0
1.0,1.0,1.0,,Welcome to the RITC 2026 Alogithmic Market Making Case - practice server,,26,2026-02-01 07:06:56.167084,SMMR,24.9,24.97,25.14,2444600.0,2405700.0
,,,,,,26,2026-02-01 07:06:56.167084,ATMN,25.15,25.15,25.25,2205000.0,2076300.0
,,,,,,26,2026-02-01 07:06:56.167084,WNTR,24.98,24.98,25.06,2141900.0,2321300.0
2.0,1.0,1.0,,Aggregate Position Limit,Your CRO has set the aggregate position limit to 11000 shares for this week.,27,2026-02-01 07:06:57.197398,SPNG,24.77,24.77,25.07,2205600.0,2213000.0
1.0,1.0,1.0,,Welcome to the RITC 2026 Alogithmic Market Making Case - practice server,,27,2026-02-01 07:06:57.197398,SMMR,24.97,24.97,25.14,2444600.0,2382600.0
,,,,,,27,2026-02-01 07:06:57.197398,ATMN,25.29,24.74,25.29,2191100.0,2051900.0
,,,,,,27,2026-02-01 07:06:57.197398,WNTR,25.06,24.98,25.06,2141900.0,2282900.0
2.0,1.0,1.0,,Aggregate Position Limit,Your CRO has set the aggregate position limit to 11000 shares for this week.,28,2026-02-01 07:06:58.225059,SPNG,24.77,24.77,24.93,2213200.0,2226300.0
1.0,1.0,1.0,,Welcome to the RITC 2026 Alogithmic Market Making Case - practice server,,28,2026-02-01 07:06:58.225059,SMMR,25.14,24.97,25.14,2444600.0,2390400.0
,,,,,,28,2026-02-01 07:06:58.225059,ATMN,25.29,25.03,25.29,2215900.0,2034400.0
,,,,,,28,2026-02-01 07:06:58.225059,WNTR,25.06,25.03,25.06,2136400.0,2298300.0
2.0,1.0,1.0,,Aggregate Position Limit,Your CRO has set the aggregate position limit to 11000 shares for this week.,29,2026-02-01 07:06:59.260705,SPNG,24.77,24.83,24.93,2222500.0,2226300.0
1.0,1.0,1.0,,Welcome to the RITC 2026 Alogithmic Market Making Case - practice server,,29,2026-02-01 07:06:59.260705,SMMR,24.97,24.85,24.96,2475100.0,2445500.0
,,,,,,29,2026-02-01 07:06:59.260705,ATMN,25.03,25.03,25.28,2215900.0,2062400.0
,,,,,,29,2026-02-01 07:06:59.260705,WNTR,25.02,25.02,25.11,2132100.0,2262800.0
2.0,1.0,1.0,,Aggregate Position Limit,Your CRO has set the aggregate position limit to 11000 shares for this week.,30,2026-02-01 07:07:00.282343,SPNG,25.07,24.92,25.07,2212000.0,2200300.0
1.0,1.0,1.0,,Welcome to the RITC 2026 Alogithmic Market Making Case - practice server,,30,2026-02-01 07:07:00.282343,SMMR,25.02,24.85,24.93,2467900.0,2437700.0
,,,,,,30,2026-02-01 07:07:00.282343,ATMN,24.84,24.88,25.28,2192200.0,2062400.0
,,,,,,30,2026-02-01 07:07:00.282343,WNTR,24.98,24.98,25.08,2141900.0,2284700.0
2.0,1.0,1.0,,Aggregate Position Limit,Your CRO has set the aggregate position limit to 11000 shares for this week.,31,2026-02-01 07:07:01.349895,SPNG,25.43,24.92,25.43,2212000.0,2187500.0
1.0,1.0,1.0,,Welcome to the RITC 2026 Alogithmic Market Making Case - practice server,,31,2026-02-01 07:07:01.349895,SMMR,24.82,24.82,24.93,2477100.0,2437700.0
,,,,,,31,2026-02-01 07:07:01.349895,ATMN,24.84,24.84,25.29,2207200.0,2046100.0
,,,,,,31,2026-02-01 07:07:01.349895,WNTR,24.98,25.07,25.08,2185900.0,2284700.0
2.0,1.0,1.0,,Aggregate Position Limit,Your CRO has set the aggregate position limit to 11000 shares for this week.,32,2026-02-01 07:07:02.391247,SPNG,25.43,24.92,25.17,2212000.0,2215900.0
1.0,1.0,1.0,,Welcome to the RITC 2026 Alogithmic Market Making Case - practice server,,32,2026-02-01 07:07:02.391247,SMMR,25.05,24.82,25.05,2457500.0,2421900.0
,,,,,,32,2026-02-01 07:07:02.391247,ATMN,24.84,24.97,25.29,2222000.0,2066200.0
,,,,,,32,2026-02-01 07:07:02.391247,WNTR,25.13,25.07,25.11,2185900.0,2294000.0
2.0,1.0,1.0,,Aggregate Position Limit,Your CRO has set the aggregate position limit to 11000 shares for this week.,33,2026-02-01 07:07:03.423604,SPNG,24.83,24.83,25.17,2223800.0,2215900.0
1.0,1.0,1.0,,Welcome to the RITC 2026 Alogithmic Market Making Case - practice server,,33,2026-02-01 07:07:03.423604,SMMR,25.05,24.82,24.93,2467200.0,2390400.0
,,,,,,33,2026-02-01 07:07:03.423604,ATMN,24.84,24.97,25.14,2222000.0,2083000.0
,,,,,,33,2026-02-01 07:07:03.423604,WNTR,25.11,25.07,25.11,2185900.0,2296000.0
2.0,1.0,1.0,,Aggregate Position Limit,Your CRO has set the aggregate position limit to 11000 shares for this week.,34,2026-02-01 07:07:04.455072,SPNG,24.77,24.77,25.09,2245900.0,2201000.0
1.0,1.0,1.0,,Welcome to the RITC 2026 Alogithmic Market Making Case - practice server,,34,2026-02-01 07:07:04.455072,SMMR,24.93,24.97,25.05,2446800.0,2421900.0
,,,,,,34,2026-02-01 07:07:04.455072,ATMN,25.22,24.84,25.09,2207200.0,2122900.0
,,,,,,34,2026-02-01 07:07:04.455072,WNTR,25.05,25.05,25.11,2183100.0,2264400.0
2.0,1.0,1.0,,Aggregate Position Limit,Your CRO has set the aggregate position limit to 11000 shares for this week.,35,2026-02-01 07:07:05.492240,SPNG,24.77,24.77,25.17,2243000.0,2231300.0
1.0,1.0,1.0,,Welcome to the RITC 2026 Alogithmic Market Making Case - practice server,,35,2026-02-01 07:07:05.492240,SMMR,24.93,24.97,25.03,2426400.0,2399400.0
,,,,,,35,2026-02-01 07:07:05.492240,ATMN,25.09,24.9,25.09,2183300.0,2122900.0
,,,,,,35,2026-02-01 07:07:05.492240,WNTR,25.05,25.05,25.08,2183100.0,2253500.0
2.0,1.0,1.0,,Aggregate Position Limit,Your CRO has set the aggregate position limit to 11000 shares for this week.,36,2026-02-01 07:07:06.522051,SPNG,24.98,25.06,25.17,2237100.0,2231300.0
1.0,1.0,1.0,,Welcome to the RITC 2026 Alogithmic Market Making Case - practice server,,36,2026-02-01 07:07:06.522051,SMMR,25.05,24.97,25.0,2451000.0,2433200.0
,,,,,,36,2026-02-01 07:07:06.522051,ATMN,25.29,24.9,25.29,2202500.0,2097700.0
,,,,,,36,2026-02-01 07:07:06.522051,WNTR,25.04,25.04,25.08,2159100.0,2244200.0
2.0,1.0,1.0,,Aggregate Position Limit,Your CRO has set the aggregate position limit to 11000 shares for this week.,37,2026-02-01 07:07:07.543128,SPNG,25.01,25.02,25.13,2225900.0,2200200.0
1.0,1.0,1.0,,Welcome to the RITC 2026 Alogithmic Market Making Case - practice server,,37,2026-02-01 07:07:07.543128,SMMR,25.0,24.98,25.0,2448500.0,2437100.0
,,,,,,37,2026-02-01 07:07:07.543128,ATMN,25.31,25.02,25.31,2184200.0,2110700.0
,,,,,,37,2026-02-01 07:07:07.543128,WNTR,24.99,25.07,25.08,2154000.0,2261500.0
2.0,1.0,1.0,,Aggregate Position Limit,Your CRO has set the aggregate position limit to 11000 shares for this week.,38,2026-02-01 07:07:08.568327,SPNG,25.13,24.77,25.13,2227400.0,2200200.0
1.0,1.0,1.0,,Welcome to the RITC 2026 Alogithmic Market Making Case - practice server,,38,2026-02-01 07:07:08.568327,SMMR,25.02,24.97,25.02,2451000.0,2417200.0
,,,,,,38,2026-02-01 07:07:08.568327,ATMN,24.9,24.9,25.32,2202500.0,2095800.0
,,,,,,38,2026-02-01 07:07:08.568327,WNTR,25.11,24.96,25.11,2146600.0,2284100.0
2.0,1.0,1.0,,Aggregate Position Limit,Your CRO has set the aggregate position limit to 11000 shares for this week.,39,2026-02-01 07:07:09.605235,SPNG,24.77,24.77,25.13,2203000.0,2200200.0
1.0,1.0,1.0,,Welcome to the RITC 2026 Alogithmic Market Making Case - practice server,,39,2026-02-01 07:07:09.605235,SMMR,25.06,24.97,25.06,2430600.0,2339300.0
,,,,,,39,2026-02-01 07:07:09.605235,ATMN,24.9,24.9,25.32,2194500.0,2095800.0
,,,,,,39,2026-02-01 07:07:09.605235,WNTR,25.12,25.08,25.12,2130300.0,2291900.0
2.0,1.0,1.0,,Aggregate Position Limit,Your CRO has set the aggregate position limit to 11000 shares for this week.,40,2026-02-01 07:07:10.635485,SPNG,24.77,25.1,25.12,2222100.0,2202000.0
1.0,1.0,1.0,,Welcome to the RITC 2026 Alogithmic Market Making Case - practice server,,40,2026-02-01 07:07:10.635485,SMMR,24.93,24.82,24.86,2467200.0,2409100.0
,,,,,,40,2026-02-01 07:07:10.635485,ATMN,24.9,24.9,25.32,2197800.0,2111600.0
,,,,,,40,2026-02-01 07:07:10.635485,WNTR,25.08,24.96,25.06,2163300.0,2290200.0
2.0,1.0,1.0,,Aggregate Position Limit,Your CRO has set the aggregate position limit to 11000 shares for this week.,42,2026-02-01 07:07:11.678165,SPNG,24.77,24.77,25.12,2220800.0,2240800.0
1.0,1.0,1.0,,Welcome to the RITC 2026 Alogithmic Market Making Case - practice server,,42,2026-02-01 07:07:11.678165,SMMR,25.06,25.06,25.12,2428700.0,2349600.0
,,,,,,42,2026-02-01 07:07:11.678165,ATMN,24.94,25.29,25.32,2176000.0,2128400.0
,,,,,,42,2026-02-01 07:07:11.678165,WNTR,24.94,24.94,24.99,2198400.0,2304400.0
2.0,1.0,1.0,,Aggregate Position Limit,Your CRO has set the aggregate position limit to 11000 shares for this week.,43,2026-02-01 07:07:12.721333,SPNG,24.77,24.77,25.08,2220800.0,2223100.0
1.0,1.0,1.0,,Welcome to the RITC 2026 Alogithmic Market Making Case - practice server,,43,2026-02-01 07:07:12.721333,SMMR,24.76,25.04,25.12,2426700.0,2349600.0
,,,,,,43,2026-02-01 07:07:12.721333,ATMN,25.29,24.9,25.26,2197800.0,2148300.0
,,,,,,43,2026-02-01 07:07:12.721333,WNTR,24.99,24.92,24.99,2234900.0,2304400.0
2.0,1.0,1.0,,Aggregate Position Limit,Your CRO has set the aggregate position limit to 11000 shares for this week.,44,2026-02-01 07:07:13.749541,SPNG,25.17,24.77,25.17,2220800.0,2227700.0
1.0,1.0,1.0,,Welcome to the RITC 2026 Alogithmic Market Making Case - practice server,,44,2026-02-01 07:07:13.749541,SMMR,25.14,24.76,25.14,2461100.0,2332700.0
,,,,,,44,2026-02-01 07:07:13.749541,ATMN,24.87,24.87,25.26,2216400.0,2148300.0
,,,,,,44,2026-02-01 07:07:13.749541,WNTR,24.91,24.91,25.08,2227400.0,2272600.0
2.0,1.0,1.0,,Aggregate Position Limit,Your CRO has set the aggregate position limit to 11000 shares for this week.,45,2026-02-01 07:07:14.773199,SPNG,25.26,24.77,25.26,2220800.0,2228300.0
1.0,1.0,1.0,,Welcome to the RITC 2026 Alogithmic Market Making Case - practice server,,45,2026-02-01 07:07:14.773199,SMMR,25.02,24.97,25.02,2438900.0,2327200.0
,,,,,,45,2026-02-01 07:07:14.773199,ATMN,24.68,24.68,25.34,2189700.0,2113900.0
,,,,,,45,2026-02-01 07:07:14.773199,WNTR,24.91,24.89,24.9,2261100.0,2277000.0
2.0,1.0,1.0,,Aggregate Position Limit,Your CRO has set the aggregate position limit to 11000 shares for this week.,46,2026-02-01 07:07:15.798345,SPNG,25.26,25.32,25.36,2210500.0,2201400.0
1.0,1.0,1.0,,Welcome to the RITC 2026 Alogithmic Market Making Case - practice server,,46,2026-02-01 07:07:15.798345,SMMR,24.92,24.92,25.02,2442200.0,2327200.0
,,,,,,46,2026-02-01 07:07:15.798345,ATMN,24.68,25.0,25.34,2201800.0,2113900.0
,,,,,,46,2026-02-01 07:07:15.798345,WNTR,25.08,24.99,25.0,2256900.0,2286000.0
2.0,1.0,1.0,,Aggregate Position Limit,Your CRO has set the aggregate position limit to 11000 shares for this week.,47,2026-02-01 07:07:16.817018,SPNG,25.32,24.77,25.11,2201400.0,2223500.0
1.0,1.0,1.0,,Welcome to the RITC 2026 Alogithmic Market Making Case - practice server,,47,2026-02-01 07:07:16.817018,SMMR,25.02,24.9,25.02,2459400.0,2325700.0
,,,,,,47,2026-02-01 07:07:16.817018,ATMN,25.34,24.94,25.34,2210300.0,2113900.0
,,,,,,47,2026-02-01 07:07:16.817018,WNTR,25.0,24.99,25.0,2213200.0,2286000.0
2.0,1.0,1.0,,Aggregate Position Limit,Your CRO has set the aggregate position limit to 11000 shares for this week.,48,2026-02-01 07:07:17.842392,SPNG,25.18,24.77,25.17,2212100.0,2189300.0
1.0,1.0,1.0,,Welcome to the RITC 2026 Alogithmic Market Making Case - practice server,,48,2026-02-01 07:07:17.842392,SMMR,25.02,24.9,25.02,2406000.0,2325700.0
,,,,,,48,2026-02-01 07:07:17.842392,ATMN,25.34,24.94,25.17,2208500.0,2098700.0
,,,,,,48,2026-02-01 07:07:17.842392,WNTR,24.99,24.99,25.12,2200800.0,2299600.0
2.0,1.0,1.0,,Aggregate Position Limit,Your CRO has set the aggregate position limit to 11000 shares for this week.,49,2026-02-01 07:07:18.873250,SPNG,25.18,25.13,25.17,2179400.0,2159100.0
1.0,1.0,1.0,,Welcome to the RITC 2026 Alogithmic Market Making Case - practice server,,49,2026-02-01 07:07:18.873250,SMMR,24.88,24.88,25.11,2415600.0,2301200.0
,,,,,,49,2026-02-01 07:07:18.873250,ATMN,25.34,24.94,25.17,2197100.0,2106000.0
,,,,,,49,2026-02-01 07:07:18.873250,WNTR,24.99,25.07,25.12,2192700.0,2279500.0
2.0,1.0,1.0,,Aggregate Position Limit,Your CRO has set the aggregate position limit to 11000 shares for this week.,50,2026-02-01 07:07:19.893399,SPNG,25.18,24.88,25.18,2199800.0,2201700.0
1.0,1.0,1.0,,Welcome to the RITC 2026 Alogithmic Market Making Case - practice server,,50,2026-02-01 07:07:19.893399,SMMR,25.1,25.1,25.14,2432900.0,2332700.0
,,,,,,50,2026-02-01 07:07:19.893399,ATMN,24.73,24.73,24.9,2180500.0,2080500.0
,,,,,,50,2026-02-01 07:07:19.893399,WNTR,25.07,25.07,25.12,2208700.0,2265800.0
2.0,1.0,1.0,,Aggregate Position Limit,Your CRO has set the aggregate position limit to 11000 shares for this week.,51,2026-02-01 07:07:20.924223,SPNG,25.36,24.77,25.36,2223300.0,2209300.0
1.0,1.0,1.0,,Welcome to the RITC 2026 Alogithmic Market Making Case - practice server,,51,2026-02-01 07:07:20.924223,SMMR,24.82,24.82,25.14,2449600.0,2374900.0
,,,,,,51,2026-02-01 07:07:20.924223,ATMN,25.09,25.09,25.17,2214000.0,2106000.0
,,,,,,51,2026-02-01 07:07:20.924223,WNTR,25.13,25.07,25.13,2208700.0,2266700.0
2.0,1.0,1.0,,Aggregate Position Limit,Your CRO has set the aggregate position limit to 11000 shares for this week.,52,2026-02-01 07:07:21.967508,SPNG,25.49,25.34,25.49,2224500.0,2213100.0
1.0,1.0,1.0,,Welcome to the RITC 2026 Alogithmic Market Making Case - practice server,,52,2026-02-01 07:07:21.967508,SMMR,24.82,24.82,25.12,2455800.0,2386300.0
,,,,,,52,2026-02-01 07:07:21.967508,ATMN,25.09,24.86,24.99,2201500.0,2053800.0
,,,,,,52,2026-02-01 07:07:21.967508,WNTR,25.13,25.07,25.13,2199800.0,2282600.0
2.0,1.0,1.0,,Aggregate Position Limit,Your CRO has set the aggregate position limit to 11000 shares for this week.,53,2026-02-01 07:07:22.995348,SPNG,25.34,25.34,25.38,2224500.0,2166700.0
1.0,1.0,1.0,,Welcome to the RITC 2026 Alogithmic Market Making Case - practice server,,53,2026-02-01 07:07:22.995348,SMMR,24.82,25.0,25.12,2496200.0,2386300.0
,,,,,,53,2026-02-01 07:07:22.995348,ATMN,25.09,24.86,24.99,2203600.0,2079000.0
,,,,,,53,2026-02-01 07:07:22.995348,WNTR,25.13,24.96,25.07,2188000.0,2295800.0
2.0,1.0,1.0,,Aggregate Position Limit,Your CRO has set the aggregate position limit to 11000 shares for this week.,54,2026-02-01 07:07:24.017362,SPNG,25.34,25.34,25.38,2224500.0,2160600.0
1.0,1.0,1.0,,Welcome to the RITC 2026 Alogithmic Market Making Case - practice server,,54,2026-02-01 07:07:24.017362,SMMR,24.93,25.0,25.09,2487300.0,2418100.0
,,,,,,54,2026-02-01 07:07:24.017362,ATMN,25.17,24.86,25.17,2203600.0,2054700.0
,,,,,,54,2026-02-01 07:07:24.017362,WNTR,25.15,24.96,25.15,2188000.0,2276200.0
2.0,1.0,1.0,,Aggregate Position Limit,Your CRO has set the aggregate position limit to 11000 shares for this week.,55,2026-02-01 07:07:25.049049,SPNG,24.76,24.76,25.38,2202700.0,2160600.0
1.0,1.0,1.0,,Welcome to the RITC 2026 Alogithmic Market Making Case - practice server,,55,2026-02-01 07:07:25.049049,SMMR,25.1,25.06,25.1,2477800.0,2406500.0
,,,,,,55,2026-02-01 07:07:25.049049,ATMN,25.25,24.86,25.25,2198800.0,2076700.0
,,,,,,55,2026-02-01 07:07:25.049049,WNTR,25.15,25.09,25.14,2193900.0,2259100.0
2.0,1.0,1.0,,Aggregate Position Limit,Your CRO has set the aggregate position limit to 11000 shares for this week.,56,2026-02-01 07:07:26.068275,SPNG,25.49,24.76,25.49,2202700.0,2190800.0
1.0,1.0,1.0,,Welcome to the RITC 2026 Alogithmic Market Making Case - practice server,,56,2026-02-01 07:07:26.068275,SMMR,25.0,25.0,25.1,2478100.0,2406500.0
,,,,,,56,2026-02-01 07:07:26.068275,ATMN,25.34,24.86,25.11,2160300.0,2090600.0
,,,,,,56,2026-02-01 07:07:26.068275,WNTR,25.15,25.09,25.15,2216600.0,2276200.0
2.0,1.0,1.0,,Aggregate Position Limit,Your CRO has set the aggregate position limit to 11000 shares for this week.,57,2026-02-01 07:07:27.111084,SPNG,25.49,25.29,25.42,2202900.0,2223700.0
1.0,1.0,1.0,,Welcome to the RITC 2026 Alogithmic Market Making Case - practice server,,57,2026-02-01 07:07:27.111084,SMMR,25.09,24.97,25.03,2505900.0,2384200.0
,,,,,,57,2026-02-01 07:07:27.111084,ATMN,24.8,24.8,25.34,2168000.0,2102600.0
,,,,,,57,2026-02-01 07:07:27.111084,WNTR,25.08,25.08,25.15,2248000.0,2259500.0
2.0,1.0,1.0,,Aggregate Position Limit,Your CRO has set the aggregate position limit to 11000 shares for this week.,58,2026-02-01 07:07:28.128222,SPNG,24.76,24.76,25.3,2202700.0,2245500.0
1.0,1.0,1.0,,Welcome to the RITC 2026 Alogithmic Market Making Case - practice server,,58,2026-02-01 07:07:28.128222,SMMR,24.94,24.94,25.03,2476600.0,2384200.0
,,,,,,58,2026-02-01 07:07:28.128222,ATMN,24.76,25.0,25.34,2203900.0,2102600.0
,,,,,,58,2026-02-01 07:07:28.128222,WNTR,25.03,25.03,25.17,2202800.0,2242200.0
2.0,1.0,1.0,,Aggregate Position Limit,Your CRO has set the aggregate position limit to 11000 shares for this week.,59,2026-02-01 07:07:29.155952,SPNG,24.76,24.76,25.03,2236500.0,2234400.0
1.0,1.0,1.0,,Welcome to the RITC 2026 Alogithmic Market Making Case - practice server,,59,2026-02-01 07:07:29.155952,SMMR,25.1,24.94,25.1,2437900.0,2406500.0
,,,,,,59,2026-02-01 07:07:29.155952,ATMN,24.68,24.68,25.34,2166200.0,2115100.0
,,,,,,59,2026-02-01 07:07:29.155952,WNTR,25.01,25.01,25.17,2218800.0,2242200.0
2.0,1.0,1.0,,Aggregate Position Limit,Your CRO has set the aggregate position limit to 11000 shares for this week.,60,2026-02-01 07:07:30.178254,SPNG,24.85,24.85,25.05,1012500.0,741900.0
1.0,1.0,1.0,,Welcome to the RITC 2026 Alogithmic Market Making Case - practice server,,60,2026-02-01 07:07:30.178254,SMMR,24.93,24.5,24.52,927700.0,934200.0
,,,,,,60,2026-02-01 07:07:30.178254,ATMN,25.0,25.96,0.0,200000.0,
,,,,,,60,2026-02-01 07:07:30.178254,WNTR,24.57,24.57,24.77,968800.0,886400.0
2.0,1.0,1.0,,Aggregate Position Limit,Your CRO has set the aggregate position limit to 11000 shares for this week.,61,2026-02-01 07:07:31.203860,SPNG,24.81,25.04,25.05,1148500.0,848300.0
1.0,1.0,1.0,,Welcome to the RITC 2026 Alogithmic Market Making Case - practice server,,61,2026-02-01 07:07:31.203860,SMMR,24.5,24.41,24.42,1082500.0,1198800.0
,,,,,,61,2026-02-01 07:07:31.203860,ATMN,25.96,25.96,26.44,997800.0,960700.0
,,,,,,61,2026-02-01 07:07:31.203860,WNTR,24.61,24.61,24.74,1091300.0,992100.0
2.0,1.0,1.0,,Aggregate Position Limit,Your CRO has set the aggregate position limit to 11000 shares for this week.,62,2026-02-01 07:07:32.238050,SPNG,24.43,24.63,25.05,1354900.0,848300.0
1.0,1.0,1.0,,Welcome to the RITC 2026 Alogithmic Market Making Case - practice server,,62,2026-02-01 07:07:32.238050,SMMR,24.41,24.41,24.51,1082500.0,1203800.0
,,,,,,62,2026-02-01 07:07:32.238050,ATMN,25.69,24.56,24.84,1163500.0,1159500.0
,,,,,,62,2026-02-01 07:07:32.238050,WNTR,24.51,24.6,24.74,1109200.0,1230100.0
2.0,1.0,1.0,,Aggregate Position Limit,Your CRO has set the aggregate position limit to 11000 shares for this week.,63,2026-02-01 07:07:33.258095,SPNG,24.42,24.93,25.05,1476100.0,848300.0
1.0,1.0,1.0,,Welcome to the RITC 2026 Alogithmic Market Making Case - practice server,,63,2026-02-01 07:07:33.258095,SMMR,24.51,24.51,24.52,1318300.0,1206100.0
,,,,,,63,2026-02-01 07:07:33.258095,ATMN,24.84,26.22,26.44,1348900.0,1118800.0
,,,,,,63,2026-02-01 07:07:33.258095,WNTR,24.3,24.3,24.67,1094200.0,1339700.0
2.0,1.0,1.0,,Aggregate Position Limit,Your CRO has set the aggregate position limit to 11000 shares for this week.,64,2026-02-01 07:07:34.308013,SPNG,24.42,24.14,24.17,1355100.0,970800.0
1.0,1.0,1.0,,Welcome to the RITC 2026 Alogithmic Market Making Case - practice server,,64,2026-02-01 07:07:34.308013,SMMR,24.51,24.41,24.44,1217500.0,1413700.0
,,,,,,64,2026-02-01 07:07:34.308013,ATMN,25.91,26.28,26.41,1448900.0,1201000.0
,,,,,,64,2026-02-01 07:07:34.308013,WNTR,24.3,24.58,24.67,1429700.0,1339700.0
2.0,1.0,1.0,,Aggregate Position Limit,Your CRO has set the aggregate position limit to 11000 shares for this week.,65,2026-02-01 07:07:35.332679,SPNG,24.42,24.14,24.17,1698700.0,970800.0
1.0,1.0,1.0,,Welcome to the RITC 2026 Alogithmic Market Making Case - practice server,,65,2026-02-01 07:07:35.332679,SMMR,24.41,24.41,24.53,1202100.0,1299900.0
,,,,,,65,2026-02-01 07:07:35.332679,ATMN,26.28,25.2,25.98,1351300.0,1623100.0
,,,,,,65,2026-02-01 07:07:35.332679,WNTR,24.58,24.3,24.39,1329800.0,1676900.0
2.0,1.0,1.0,,Aggregate Position Limit,Your CRO has set the aggregate position limit to 11000 shares for this week.,66,2026-02-01 07:07:36.358034,SPNG,24.17,25.0,25.05,1995200.0,848300.0
1.0,1.0,1.0,,Welcome to the RITC 2026 Alogithmic Market Making Case - practice server,,66,2026-02-01 07:07:36.358034,SMMR,24.41,24.28,24.29,1086200.0,1523400.0
,,,,,,66,2026-02-01 07:07:36.358034,ATMN,26.28,25.76,25.98,1663500.0,1623100.0
,,,,,,66,2026-02-01 07:07:36.358034,WNTR,24.67,24.3,24.67,1577700.0,1548800.0
2.0,1.0,1.0,,Aggregate Position Limit,Your CRO has set the aggregate position limit to 11000 shares for this week.,67,2026-02-01 07:07:37.388452,SPNG,24.64,24.31,24.39,1929200.0,945900.0
1.0,1.0,1.0,,Welcome to the RITC 2026 Alogithmic Market Making Case - practice server,,67,2026-02-01 07:07:37.388452,SMMR,24.28,24.28,24.43,1206400.0,1528600.0
,,,,,,67,2026-02-01 07:07:37.388452,ATMN,26.3,25.9,26.3,1772700.0,1515600.0
,,,,,,67,2026-02-01 07:07:37.388452,WNTR,24.67,24.33,24.5,1811800.0,1665500.0
2.0,1.0,1.0,,Aggregate Position Limit,Your CRO has set the aggregate position limit to 11000 shares for this week.,68,2026-02-01 07:07:38.408325,SPNG,24.39,24.66,24.84,2152500.0,973100.0
1.0,1.0,1.0,,Welcome to the RITC 2026 Alogithmic Market Making Case - practice server,,68,2026-02-01 07:07:38.408325,SMMR,24.43,24.33,24.43,1484800.0,1528600.0
,,,,,,68,2026-02-01 07:07:38.408325,ATMN,25.76,25.76,26.3,1663500.0,1597500.0
,,,,,,68,2026-02-01 07:07:38.408325,WNTR,24.67,24.4,24.5,2184000.0,1665500.0
2.0,1.0,1.0,,Aggregate Position Limit,Your CRO has set the aggregate position limit to 11000 shares for this week.,69,2026-02-01 07:07:39.422555,SPNG,25.05,24.66,24.94,2286800.0,977000.0
1.0,1.0,1.0,,Welcome to the RITC 2026 Alogithmic Market Making Case - practice server,,69,2026-02-01 07:07:39.422555,SMMR,24.54,24.41,24.47,1618800.0,1629700.0
,,,,,,69,2026-02-01 07:07:39.422555,ATMN,25.76,25.82,26.1,1877100.0,1780700.0
,,,,,,69,2026-02-01 07:07:39.422555,WNTR,24.5,24.62,24.67,2416700.0,1548800.0
2.0,1.0,1.0,,Aggregate Position Limit,Your CRO has set the aggregate position limit to 11000 shares for this week.,70,2026-02-01 07:07:40.449448,SPNG,25.05,24.9,24.94,2345500.0,977000.0
1.0,1.0,1.0,,Welcome to the RITC 2026 Alogithmic Market Making Case - practice server,,70,2026-02-01 07:07:40.449448,SMMR,24.54,24.41,24.47,1994300.0,1722300.0
,,,,,,70,2026-02-01 07:07:40.449448,ATMN,25.81,25.91,26.1,1877400.0,1780700.0
,,,,,,70,2026-02-01 07:07:40.449448,WNTR,24.7,24.62,24.7,2416700.0,1672800.0
2.0,1.0,1.0,,Aggregate Position Limit,Your CRO has set the aggregate position limit to 11000 shares for this week.,71,2026-02-01 07:07:41.478602,SPNG,24.9,24.9,24.94,2345500.0,1288900.0
1.0,1.0,1.0,,Welcome to the RITC 2026 Alogithmic Market Making Case - practice server,,71,2026-02-01 07:07:41.478602,SMMR,24.69,24.41,24.48,1994300.0,1781600.0
,,,,,,71,2026-02-01 07:07:41.478602,ATMN,25.89,25.96,26.1,1593000.0,1897200.0
,,,,,,71,2026-02-01 07:07:41.478602,WNTR,24.62,24.47,24.62,2432100.0,1993900.0
2.0,1.0,1.0,,Aggregate Position Limit,Your CRO has set the aggregate position limit to 11000 shares for this week.,72,2026-02-01 07:07:42.515076,SPNG,24.66,24.66,24.94,2291500.0,1288900.0
1.0,1.0,1.0,,Welcome to the RITC 2026 Alogithmic Market Making Case - practice server,,72,2026-02-01 07:07:42.515076,SMMR,24.69,24.41,24.69,1994300.0,1568500.0
,,,,,,72,2026-02-01 07:07:42.515076,ATMN,26.11,25.62,26.11,1505500.0,1814500.0
,,,,,,72,2026-02-01 07:07:42.515076,WNTR,24.71,24.6,24.71,2429700.0,1768800.0
2.0,1.0,1.0,,Aggregate Position Limit,Your CRO has set the aggregate position limit to 11000 shares for this week.,73,2026-02-01 07:07:43.553833,SPNG,25.03,24.74,25.03,2249800.0,1051500.0
1.0,1.0,1.0,,Welcome to the RITC 2026 Alogithmic Market Making Case - practice server,,73,2026-02-01 07:07:43.553833,SMMR,24.36,24.36,24.53,1725000.0,1703500.0
,,,,,,73,2026-02-01 07:07:43.553833,ATMN,25.62,25.82,26.11,1606900.0,1922000.0
,,,,,,73,2026-02-01 07:07:43.553833,WNTR,24.6,24.47,24.55,2432100.0,2081100.0
2.0,1.0,1.0,,Aggregate Position Limit,Your CRO has set the aggregate position limit to 11000 shares for this week.,74,2026-02-01 07:07:44.588280,SPNG,25.13,24.74,25.05,2249800.0,1096900.0
1.0,1.0,1.0,,Welcome to the RITC 2026 Alogithmic Market Making Case - practice server,,74,2026-02-01 07:07:44.588280,SMMR,24.72,24.55,24.57,1842200.0,1589400.0
,,,,,,74,2026-02-01 07:07:44.588280,ATMN,26.11,26.05,26.11,1795000.0,1922000.0
,,,,,,74,2026-02-01 07:07:44.588280,WNTR,24.6,24.47,24.48,2432100.0,2202000.0
2.0,1.0,1.0,,Aggregate Position Limit,Your CRO has set the aggregate position limit to 11000 shares for this week.,75,2026-02-01 07:07:45.602269,SPNG,25.13,24.87,25.05,2223700.0,1096900.0
1.0,1.0,1.0,,Welcome to the RITC 2026 Alogithmic Market Making Case - practice server,,75,2026-02-01 07:07:45.602269,SMMR,24.33,24.33,24.47,1691000.0,1852500.0
,,,,,,75,2026-02-01 07:07:45.602269,ATMN,25.81,25.81,26.09,1604800.0,1946400.0
,,,,,,75,2026-02-01 07:07:45.602269,WNTR,24.48,24.47,24.48,2374800.0,2202000.0
2.0,1.0,1.0,,Aggregate Position Limit,Your CRO has set the aggregate position limit to 11000 shares for this week.,76,2026-02-01 07:07:46.625818,SPNG,25.13,24.87,25.0,2233700.0,1225300.0
1.0,1.0,1.0,,Welcome to the RITC 2026 Alogithmic Market Making Case - practice server,,76,2026-02-01 07:07:46.625818,SMMR,24.47,24.54,24.57,2193000.0,1717300.0
,,,,,,76,2026-02-01 07:07:46.625818,ATMN,26.38,25.81,26.38,1719100.0,1721900.0
,,,,,,76,2026-02-01 07:07:46.625818,WNTR,24.42,24.44,24.48,2355600.0,2202000.0
2.0,1.0,1.0,,Aggregate Position Limit,Your CRO has set the aggregate position limit to 11000 shares for this week.,77,2026-02-01 07:07:47.656971,SPNG,25.0,24.87,25.0,2236600.0,1225300.0
1.0,1.0,1.0,,Welcome to the RITC 2026 Alogithmic Market Making Case - practice server,,77,2026-02-01 07:07:47.656971,SMMR,24.47,24.54,24.57,2466100.0,1855600.0
,,,,,,77,2026-02-01 07:07:47.656971,ATMN,26.38,25.92,26.16,1925500.0,1901000.0
,,,,,,77,2026-02-01 07:07:47.656971,WNTR,24.55,24.44,24.55,2330700.0,2197000.0
2.0,1.0,1.0,,Aggregate Position Limit,Your CRO has set the aggregate position limit to 11000 shares for this week.,78,2026-02-01 07:07:48.683043,SPNG,24.83,24.83,25.0,2230800.0,1335900.0
1.0,1.0,1.0,,Welcome to the RITC 2026 Alogithmic Market Making Case - practice server,,78,2026-02-01 07:07:48.683043,SMMR,24.57,24.37,24.57,2207700.0,1974000.0
,,,,,,78,2026-02-01 07:07:48.683043,ATMN,26.16,25.92,25.96,1925500.0,1920100.0
,,,,,,78,2026-02-01 07:07:48.683043,WNTR,24.55,24.47,24.55,2287100.0,2197000.0
2.0,1.0,1.0,,Aggregate Position Limit,Your CRO has set the aggregate position limit to 11000 shares for this week.,79,2026-02-01 07:07:49.708413,SPNG,24.74,24.74,25.0,2238300.0,1533800.0
1.0,1.0,1.0,,Welcome to the RITC 2026 Alogithmic Market Making Case - practice server,,79,2026-02-01 07:07:49.708413,SMMR,24.61,24.52,24.57,2454700.0,1943400.0
,,,,,,79,2026-02-01 07:07:49.708413,ATMN,26.41,25.92,26.41,2135400.0,1710400.0
,,,,,,79,2026-02-01 07:07:49.708413,WNTR,24.55,24.58,24.61,2273800.0,2190600.0
2.0,1.0,1.0,,Aggregate Position Limit,Your CRO has set the aggregate position limit to 11000 shares for this week.,80,2026-02-01 07:07:50.738243,SPNG,24.77,24.74,24.77,2204500.0,1652900.0
1.0,1.0,1.0,,Welcome to the RITC 2026 Alogithmic Market Making Case - practice server,,80,2026-02-01 07:07:50.738243,SMMR,24.44,24.37,24.43,2207700.0,2086200.0
,,,,,,80,2026-02-01 07:07:50.738243,ATMN,26.42,25.92,26.42,2135400.0,1615500.0
,,,,,,80,2026-02-01 07:07:50.738243,WNTR,24.61,24.57,24.61,2252200.0,2200400.0
2.0,1.0,1.0,,Aggregate Position Limit,Your CRO has set the aggregate position limit to 11000 shares for this week.,81,2026-02-01 07:07:51.778315,SPNG,25.05,24.74,25.05,2195900.0,1405400.0
1.0,1.0,1.0,,Welcome to the RITC 2026 Alogithmic Market Making Case - practice server,,81,2026-02-01 07:07:51.778315,SMMR,24.66,24.55,24.66,2485800.0,1692000.0
,,,,,,81,2026-02-01 07:07:51.778315,ATMN,25.7,25.7,26.42,2159100.0,1687400.0
,,,,,,81,2026-02-01 07:07:51.778315,WNTR,24.47,24.6,24.61,2229600.0,2200400.0
2.0,1.0,1.0,,Aggregate Position Limit,Your CRO has set the aggregate position limit to 11000 shares for this week.,82,2026-02-01 07:07:52.806790,SPNG,25.05,24.74,25.05,2160700.0,1405400.0
1.0,1.0,1.0,,Welcome to the RITC 2026 Alogithmic Market Making Case - practice server,,82,2026-02-01 07:07:52.806790,SMMR,24.72,24.73,24.74,2465100.0,1449800.0
,,,,,,82,2026-02-01 07:07:52.806790,ATMN,25.97,25.7,25.97,2283200.0,1804100.0
,,,,,,82,2026-02-01 07:07:52.806790,WNTR,24.49,24.49,24.71,2220400.0,2076200.0
2.0,1.0,1.0,,Aggregate Position Limit,Your CRO has set the aggregate position limit to 11000 shares for this week.,83,2026-02-01 07:07:53.838435,SPNG,25.11,24.69,25.11,2195800.0,1366500.0
1.0,1.0,1.0,,Welcome to the RITC 2026 Alogithmic Market Making Case - practice server,,83,2026-02-01 07:07:53.838435,SMMR,24.51,24.53,24.74,2441900.0,1562700.0
,,,,,,83,2026-02-01 07:07:53.838435,ATMN,26.32,25.83,25.98,2362200.0,1788800.0
,,,,,,83,2026-02-01 07:07:53.838435,WNTR,24.71,24.49,24.71,2217700.0,1974900.0
2.0,1.0,1.0,,Aggregate Position Limit,Your CRO has set the aggregate position limit to 11000 shares for this week.,85,2026-02-01 07:07:54.878356,SPNG,25.11,25.08,25.11,2193400.0,1592700.0
1.0,1.0,1.0,,Welcome to the RITC 2026 Alogithmic Market Making Case - practice server,,85,2026-02-01 07:07:54.878356,SMMR,24.53,24.45,24.47,2453500.0,1770900.0
,,,,,,85,2026-02-01 07:07:54.878356,ATMN,25.98,26.06,26.42,2313100.0,1687400.0
,,,,,,85,2026-02-01 07:07:54.878356,WNTR,24.71,24.62,24.71,2225400.0,2101700.0
2.0,1.0,1.0,,Aggregate Position Limit,Your CRO has set the aggregate position limit to 11000 shares for this week.,86,2026-02-01 07:07:55.905177,SPNG,25.08,25.08,25.11,2193400.0,1794300.0
1.0,1.0,1.0,,Welcome to the RITC 2026 Alogithmic Market Making Case - practice server,,86,2026-02-01 07:07:55.905177,SMMR,24.63,24.54,24.63,2408500.0,1769000.0
,,,,,,86,2026-02-01 07:07:55.905177,ATMN,26.44,25.97,26.44,2340500.0,1568700.0
,,,,,,86,2026-02-01 07:07:55.905177,WNTR,24.74,24.62,24.74,2225400.0,1901700.0
2.0,1.0,1.0,,Aggregate Position Limit,Your CRO has set the aggregate position limit to 11000 shares for this week.,87,2026-02-01 07:07:56.926753,SPNG,25.2,25.01,25.2,2180700.0,1703500.0
1.0,1.0,1.0,,Welcome to the RITC 2026 Alogithmic Market Making Case - practice server,,87,2026-02-01 07:07:56.926753,SMMR,24.63,24.54,24.56,2408500.0,2286100.0
,,,,,,87,2026-02-01 07:07:56.926753,ATMN,25.97,25.97,26.39,2340500.0,1775500.0
,,,,,,87,2026-02-01 07:07:56.926753,WNTR,24.75,24.62,24.75,2208600.0,1785200.0
2.0,1.0,1.0,,Aggregate Position Limit,Your CRO has set the aggregate position limit to 11000 shares for this week.,88,2026-02-01 07:07:57.948114,SPNG,25.01,24.65,24.71,2156600.0,1810900.0
1.0,1.0,1.0,,Welcome to the RITC 2026 Alogithmic Market Making Case - practice server,,88,2026-02-01 07:07:57.948114,SMMR,24.56,24.45,24.56,2429400.0,2290400.0
,,,,,,88,2026-02-01 07:07:57.948114,ATMN,26.3,26.3,26.38,2316400.0,1891200.0
,,,,,,88,2026-02-01 07:07:57.948114,WNTR,24.75,24.67,24.75,2189200.0,1785200.0
2.0,1.0,1.0,,Aggregate Position Limit,Your CRO has set the aggregate position limit to 11000 shares for this week.,89,2026-02-01 07:07:58.971981,SPNG,24.71,24.78,25.2,2159200.0,1703500.0
1.0,1.0,1.0,,Welcome to the RITC 2026 Alogithmic Market Making Case - practice server,,89,2026-02-01 07:07:58.971981,SMMR,24.45,24.45,24.48,2446200.0,2321000.0
,,,,,,89,2026-02-01 07:07:58.971981,ATMN,25.89,25.89,26.38,2353700.0,1934200.0
,,,,,,89,2026-02-01 07:07:58.971981,WNTR,24.75,24.7,24.75,2195600.0,1993200.0
2.0,1.0,1.0,,Aggregate Position Limit,Your CRO has set the aggregate position limit to 11000 shares for this week.,90,2026-02-01 07:08:00.002945,SPNG,25.39,24.78,25.39,2163600.0,1681900.0
1.0,1.0,1.0,,Welcome to the RITC 2026 Alogithmic Market Making Case - practice server,,90,2026-02-01 07:08:00.002945,SMMR,24.48,24.45,24.48,2421800.0,2321000.0
,,,,,,90,2026-02-01 07:08:00.002945,ATMN,26.21,25.89,26.0,2353700.0,1970700.0
,,,,,,90,2026-02-01 07:08:00.002945,WNTR,24.77,24.7,24.77,2205700.0,1871700.0
2.0,1.0,1.0,,Aggregate Position Limit,Your CRO has set the aggregate position limit to 11000 shares for this week.,91,2026-02-01 07:08:01.021107,SPNG,24.95,24.78,24.88,2163600.0,1808700.0
1.0,1.0,1.0,,Welcome to the RITC 2026 Alogithmic Market Making Case - practice server,,91,2026-02-01 07:08:01.021107,SMMR,24.65,24.45,24.65,2421800.0,2272800.0
,,,,,,91,2026-02-01 07:08:01.021107,ATMN,26.48,26.48,26.5,2277700.0,1686000.0
,,,,,,91,2026-02-01 07:08:01.021107,WNTR,24.78,24.7,24.78,2236900.0,1855500.0
2.0,1.0,1.0,,Aggregate Position Limit,Your CRO has set the aggregate position limit to 11000 shares for this week.,92,2026-02-01 07:08:02.041554,SPNG,25.39,24.78,25.39,2163600.0,1881000.0
1.0,1.0,1.0,,Welcome to the RITC 2026 Alogithmic Market Making Case - practice server,,92,2026-02-01 07:08:02.041554,SMMR,24.65,24.55,24.59,2435900.0,2258700.0
,,,,,,92,2026-02-01 07:08:02.041554,ATMN,26.48,25.89,26.44,2306800.0,1893800.0
,,,,,,92,2026-02-01 07:08:02.041554,WNTR,24.67,24.67,24.78,2238900.0,2059600.0
2.0,1.0,1.0,,Aggregate Position Limit,Your CRO has set the aggregate position limit to 11000 shares for this week.,93,2026-02-01 07:08:03.069372,SPNG,24.64,24.76,25.3,2141100.0,2010500.0
1.0,1.0,1.0,,Welcome to the RITC 2026 Alogithmic Market Making Case - practice server,,93,2026-02-01 07:08:03.069372,SMMR,24.59,24.45,24.59,2421800.0,2260000.0
,,,,,,93,2026-02-01 07:08:03.069372,ATMN,26.02,25.89,26.02,2256700.0,1936800.0
,,,,,,93,2026-02-01 07:08:03.069372,WNTR,24.78,24.67,24.78,2238900.0,2059600.0
2.0,1.0,1.0,,Aggregate Position Limit,Your CRO has set the aggregate position limit to 11000 shares for this week.,94,2026-02-01 07:08:04.108454,SPNG,25.3,24.76,25.3,2141100.0,2040100.0
1.0,1.0,1.0,,Welcome to the RITC 2026 Alogithmic Market Making Case - practice server,,94,2026-02-01 07:08:04.108454,SMMR,24.54,24.54,24.65,2462500.0,2253700.0
,,,,,,94,2026-02-01 07:08:04.108454,ATMN,26.44,26.48,26.5,2222400.0,1931200.0
,,,,,,94,2026-02-01 07:08:04.108454,WNTR,24.62,24.62,24.78,2202300.0,2059600.0
2.0,1.0,1.0,,Aggregate Position Limit,Your CRO has set the aggregate position limit to 11000 shares for this week.,95,2026-02-01 07:08:05.141146,SPNG,25.39,24.64,25.39,2160800.0,1994200.0
1.0,1.0,1.0,,Welcome to the RITC 2026 Alogithmic Market Making Case - practice server,,95,2026-02-01 07:08:05.141146,SMMR,24.54,24.54,24.59,2419700.0,2288200.0
,,,,,,95,2026-02-01 07:08:05.141146,ATMN,26.52,25.89,26.52,2256700.0,1939200.0
,,,,,,95,2026-02-01 07:08:05.141146,WNTR,24.78,24.64,24.78,2203300.0,1953400.0
2.0,1.0,1.0,,Aggregate Position Limit,Your CRO has set the aggregate position limit to 11000 shares for this week.,96,2026-02-01 07:08:06.172183,SPNG,24.62,24.64,25.02,2148000.0,2025900.0
1.0,1.0,1.0,,Welcome to the RITC 2026 Alogithmic Market Making Case - practice server,,96,2026-02-01 07:08:06.172183,SMMR,24.62,24.42,24.62,2450200.0,2299100.0
,,,,,,96,2026-02-01 07:08:06.172183,ATMN,26.42,26.03,26.42,2171400.0,1947700.0
,,,,,,96,2026-02-01 07:08:06.172183,WNTR,24.67,24.73,24.78,2208100.0,1953400.0
2.0,1.0,1.0,,Aggregate Position Limit,Your CRO has set the aggregate position limit to 11000 shares for this week.,97,2026-02-01 07:08:07.208398,SPNG,25.02,25.05,25.39,2173100.0,1994200.0
1.0,1.0,1.0,,Welcome to the RITC 2026 Alogithmic Market Making Case - practice server,,97,2026-02-01 07:08:07.208398,SMMR,24.66,24.57,24.66,2417800.0,2218800.0
,,,,,,97,2026-02-01 07:08:07.208398,ATMN,26.14,26.14,26.42,2127300.0,1947700.0
,,,,,,97,2026-02-01 07:08:07.208398,WNTR,24.83,24.73,24.79,2208100.0,1958200.0
2.0,1.0,1.0,,Aggregate Position Limit,Your CRO has set the aggregate position limit to 11000 shares for this week.,98,2026-02-01 07:08:08.238183,SPNG,25.05,24.88,25.02,2164600.0,2013100.0
1.0,1.0,1.0,,Welcome to the RITC 2026 Alogithmic Market Making Case - practice server,,98,2026-02-01 07:08:08.238183,SMMR,24.55,24.58,24.61,2394300.0,2252700.0
,,,,,,98,2026-02-01 07:08:08.238183,ATMN,26.32,26.14,26.19,2127300.0,1987000.0
,,,,,,98,2026-02-01 07:08:08.238183,WNTR,24.64,24.64,24.79,2226000.0,2209300.0
2.0,1.0,1.0,,Aggregate Position Limit,Your CRO has set the aggregate position limit to 11000 shares for this week.,99,2026-02-01 07:08:09.272186,SPNG,25.29,24.88,25.29,2173400.0,2005500.0
1.0,1.0,1.0,,Welcome to the RITC 2026 Alogithmic Market Making Case - practice server,,99,2026-02-01 07:08:09.272186,SMMR,24.61,24.58,24.61,2413300.0,2290000.0
,,,,,,99,2026-02-01 07:08:09.272186,ATMN,26.32,26.14,26.19,2061900.0,2012700.0
,,,,,,99,2026-02-01 07:08:09.272186,WNTR,24.67,24.76,24.79,2227500.0,2209300.0
2.0,1.0,1.0,,Aggregate Position Limit,Your CRO has set the aggregate position limit to 11000 shares for this week.,100,2026-02-01 07:08:10.294680,SPNG,25.11,24.93,25.11,2135000.0,2035500.0
1.0,1.0,1.0,,Welcome to the RITC 2026 Alogithmic Market Making Case - practice server,,100,2026-02-01 07:08:10.294680,SMMR,24.56,24.56,24.61,2432100.0,2283300.0
,,,,,,100,2026-02-01 07:08:10.294680,ATMN,26.03,26.03,26.56,2069800.0,1955200.0
,,,,,,100,2026-02-01 07:08:10.294680,WNTR,24.76,24.64,24.75,2219600.0,2203700.0
2.0,1.0,1.0,,Aggregate Position Limit,Your CRO has set the aggregate position limit to 11000 shares for this week.,101,2026-02-01 07:08:11.332299,SPNG,24.88,24.88,25.11,2173400.0,2125800.0
1.0,1.0,1.0,,Welcome to the RITC 2026 Alogithmic Market Making Case - practice server,,101,2026-02-01 07:08:11.332299,SMMR,24.61,24.61,24.64,2434100.0,2280800.0
,,,,,,101,2026-02-01 07:08:11.332299,ATMN,26.48,26.03,26.32,2069800.0,1972800.0
,,,,,,101,2026-02-01 07:08:11.332299,WNTR,24.71,24.71,24.74,2214700.0,2195000.0
2.0,1.0,1.0,,Aggregate Position Limit,Your CRO has set the aggregate position limit to 11000 shares for this week.,102,2026-02-01 07:08:12.391421,SPNG,25.11,24.73,25.11,2170400.0,2125800.0
1.0,1.0,1.0,,Welcome to the RITC 2026 Alogithmic Market Making Case - practice server,,102,2026-02-01 07:08:12.391421,SMMR,24.52,24.52,24.57,2446100.0,2317100.0
,,,,,,102,2026-02-01 07:08:12.391421,ATMN,26.28,26.28,26.5,2041600.0,1974800.0
,,,,,,102,2026-02-01 07:08:12.391421,WNTR,24.62,24.72,24.74,2240400.0,2171200.0
2.0,1.0,1.0,,Aggregate Position Limit,Your CRO has set the aggregate position limit to 11000 shares for this week.,103,2026-02-01 07:08:13.427924,SPNG,24.64,24.64,25.11,2169700.0,2137600.0
1.0,1.0,1.0,,Welcome to the RITC 2026 Alogithmic Market Making Case - practice server,,103,2026-02-01 07:08:13.427924,SMMR,24.52,24.52,24.57,2446100.0,2353300.0
,,,,,,103,2026-02-01 07:08:13.427924,ATMN,26.28,26.03,26.23,2069800.0,2015000.0
,,,,,,103,2026-02-01 07:08:13.427924,WNTR,24.72,24.72,24.74,2240400.0,2171200.0
2.0,1.0,1.0,,Aggregate Position Limit,Your CRO has set the aggregate position limit to 11000 shares for this week.,104,2026-02-01 07:08:14.453081,SPNG,24.64,24.64,25.11,2182100.0,2137600.0
1.0,1.0,1.0,,Welcome to the RITC 2026 Alogithmic Market Making Case - practice server,,104,2026-02-01 07:08:14.453081,SMMR,24.57,24.51,24.57,2415300.0,2353300.0
,,,,,,104,2026-02-01 07:08:14.453081,ATMN,26.28,26.03,26.23,2039400.0,2015000.0
,,,,,,104,2026-02-01 07:08:14.453081,WNTR,24.71,24.7,24.71,2216700.0,2174100.0
2.0,1.0,1.0,,Aggregate Position Limit,Your CRO has set the aggregate position limit to 11000 shares for this week.,105,2026-02-01 07:08:15.479282,SPNG,24.58,24.58,25.31,2202900.0,2111100.0
1.0,1.0,1.0,,Welcome to the RITC 2026 Alogithmic Market Making Case - practice server,,105,2026-02-01 07:08:15.479282,SMMR,24.64,24.58,24.62,2417200.0,2342300.0
,,,,,,105,2026-02-01 07:08:15.479282,ATMN,26.33,26.03,26.33,2039400.0,1998100.0
,,,,,,105,2026-02-01 07:08:15.479282,WNTR,24.74,24.7,24.74,2197600.0,2139900.0
2.0,1.0,1.0,,Aggregate Position Limit,Your CRO has set the aggregate position limit to 11000 shares for this week.,106,2026-02-01 07:08:16.498241,SPNG,24.99,24.58,24.99,2202900.0,2157300.0
1.0,1.0,1.0,,Welcome to the RITC 2026 Alogithmic Market Making Case - practice server,,106,2026-02-01 07:08:16.498241,SMMR,24.59,24.59,24.62,2396000.0,2342300.0
,,,,,,106,2026-02-01 07:08:16.498241,ATMN,26.5,26.03,26.5,2039400.0,1996800.0
,,,,,,106,2026-02-01 07:08:16.498241,WNTR,24.62,24.62,24.74,2214700.0,2161400.0
2.0,1.0,1.0,,Aggregate Position Limit,Your CRO has set the aggregate position limit to 11000 shares for this week.,107,2026-02-01 07:08:17.516122,SPNG,25.31,24.84,25.31,2186800.0,2133600.0
1.0,1.0,1.0,,Welcome to the RITC 2026 Alogithmic Market Making Case - practice server,,107,2026-02-01 07:08:17.516122,SMMR,24.62,24.51,24.62,2415300.0,2342300.0
,,,,,,107,2026-02-01 07:08:17.516122,ATMN,26.5,26.11,26.3,2027300.0,1999600.0
,,,,,,107,2026-02-01 07:08:17.516122,WNTR,24.79,24.62,24.79,2204700.0,2194200.0
2.0,1.0,1.0,,Aggregate Position Limit,Your CRO has set the aggregate position limit to 11000 shares for this week.,108,2026-02-01 07:08:18.538997,SPNG,24.58,25.0,25.31,2200600.0,2171100.0
1.0,1.0,1.0,,Welcome to the RITC 2026 Alogithmic Market Making Case - practice server,,108,2026-02-01 07:08:18.538997,SMMR,24.62,24.51,24.59,2382800.0,2348300.0
,,,,,,108,2026-02-01 07:08:18.538997,ATMN,26.3,26.36,26.5,2077400.0,1996800.0
,,,,,,108,2026-02-01 07:08:18.538997,WNTR,24.81,24.59,24.81,2194900.0,2211600.0
2.0,1.0,1.0,,Aggregate Position Limit,Your CRO has set the aggregate position limit to 11000 shares for this week.,109,2026-02-01 07:08:19.570542,SPNG,24.93,24.58,24.73,2186400.0,2219300.0
1.0,1.0,1.0,,Welcome to the RITC 2026 Alogithmic Market Making Case - practice server,,109,2026-02-01 07:08:19.570542,SMMR,24.5,24.5,24.58,2392200.0,2329000.0
,,,,,,109,2026-02-01 07:08:19.570542,ATMN,26.36,26.36,26.37,2077400.0,1997300.0
,,,,,,109,2026-02-01 07:08:19.570542,WNTR,24.58,24.65,24.81,2193800.0,2211600.0
2.0,1.0,1.0,,Aggregate Position Limit,Your CRO has set the aggregate position limit to 11000 shares for this week.,110,2026-02-01 07:08:20.594152,SPNG,24.69,24.69,25.4,2216300.0,2111000.0
1.0,1.0,1.0,,Welcome to the RITC 2026 Alogithmic Market Making Case - practice server,,110,2026-02-01 07:08:20.594152,SMMR,24.58,24.6,24.62,2394600.0,2316100.0
,,,,,,110,2026-02-01 07:08:20.594152,ATMN,26.49,26.11,26.49,2043900.0,1987000.0
,,,,,,110,2026-02-01 07:08:20.594152,WNTR,24.65,24.65,24.74,2193800.0,2244700.0
2.0,1.0,1.0,,Aggregate Position Limit,Your CRO has set the aggregate position limit to 11000 shares for this week.,111,2026-02-01 07:08:21.608338,SPNG,24.69,24.69,25.38,2216300.0,2188200.0
1.0,1.0,1.0,,Welcome to the RITC 2026 Alogithmic Market Making Case - practice server,,111,2026-02-01 07:08:21.608338,SMMR,24.53,24.53,24.62,2404400.0,2316100.0
,,,,,,111,2026-02-01 07:08:21.608338,ATMN,26.02,26.02,26.49,2037400.0,1990100.0
,,,,,,111,2026-02-01 07:08:21.608338,WNTR,24.74,24.65,24.73,2193800.0,2251500.0
2.0,1.0,1.0,,Aggregate Position Limit,Your CRO has set the aggregate position limit to 11000 shares for this week.,112,2026-02-01 07:08:22.638395,SPNG,24.57,24.57,24.73,2177900.0,2173900.0
1.0,1.0,1.0,,Welcome to the RITC 2026 Alogithmic Market Making Case - practice server,,112,2026-02-01 07:08:22.638395,SMMR,24.64,24.52,24.64,2384200.0,2359300.0
,,,,,,112,2026-02-01 07:08:22.638395,ATMN,26.02,26.18,26.2,2048500.0,2001000.0
,,,,,,112,2026-02-01 07:08:22.638395,WNTR,24.65,24.58,24.65,2191700.0,2290700.0
2.0,1.0,1.0,,Aggregate Position Limit,Your CRO has set the aggregate position limit to 11000 shares for this week.,113,2026-02-01 07:08:23.678647,SPNG,24.73,25.17,25.22,2222900.0,2190100.0
1.0,1.0,1.0,,Welcome to the RITC 2026 Alogithmic Market Making Case - practice server,,113,2026-02-01 07:08:23.678647,SMMR,24.64,24.52,24.64,2382400.0,2376500.0
,,,,,,113,2026-02-01 07:08:23.678647,ATMN,26.2,26.18,26.2,2075900.0,2011300.0
,,,,,,113,2026-02-01 07:08:23.678647,WNTR,24.71,24.58,24.71,2191700.0,2269600.0
2.0,1.0,1.0,,Aggregate Position Limit,Your CRO has set the aggregate position limit to 11000 shares for this week.,114,2026-02-01 07:08:24.714345,SPNG,24.73,25.17,25.22,2222900.0,2178600.0
1.0,1.0,1.0,,Welcome to the RITC 2026 Alogithmic Market Making Case - practice server,,114,2026-02-01 07:08:24.714345,SMMR,24.64,24.58,24.64,2364700.0,2367700.0
,,,,,,114,2026-02-01 07:08:24.714345,ATMN,26.2,26.42,26.49,2064800.0,1992500.0
,,,,,,114,2026-02-01 07:08:24.714345,WNTR,24.57,24.57,24.71,2192900.0,2261700.0
2.0,1.0,1.0,,Aggregate Position Limit,Your CRO has set the aggregate position limit to 11000 shares for this week.,115,2026-02-01 07:08:25.746071,SPNG,24.99,25.13,25.22,2227100.0,2201500.0
1.0,1.0,1.0,,Welcome to the RITC 2026 Alogithmic Market Making Case - practice server,,115,2026-02-01 07:08:25.746071,SMMR,24.63,24.63,24.65,2405100.0,2372200.0
,,,,,,115,2026-02-01 07:08:25.746071,ATMN,26.09,26.09,26.44,2050800.0,2016600.0
,,,,,,115,2026-02-01 07:08:25.746071,WNTR,24.57,24.6,24.71,2228700.0,2253900.0
2.0,1.0,1.0,,Aggregate Position Limit,Your CRO has set the aggregate position limit to 11000 shares for this week.,116,2026-02-01 07:08:26.772300,SPNG,25.13,24.66,24.72,2200200.0,2240100.0
1.0,1.0,1.0,,Welcome to the RITC 2026 Alogithmic Market Making Case - practice server,,116,2026-02-01 07:08:26.772300,SMMR,24.54,24.59,24.65,2377300.0,2372200.0
,,,,,,116,2026-02-01 07:08:26.772300,ATMN,26.19,26.19,26.34,2040800.0,2031600.0
,,,,,,116,2026-02-01 07:08:26.772300,WNTR,24.57,24.6,24.62,2241700.0,2296500.0
2.0,1.0,1.0,,Aggregate Position Limit,Your CRO has set the aggregate position limit to 11000 shares for this week.,117,2026-02-01 07:08:27.794205,SPNG,24.66,24.66,25.22,2200200.0,2211800.0
1.0,1.0,1.0,,Welcome to the RITC 2026 Alogithmic Market Making Case - practice server,,117,2026-02-01 07:08:27.794205,SMMR,24.54,24.54,24.65,2376700.0,2379300.0
,,,,,,117,2026-02-01 07:08:27.794205,ATMN,26.11,26.11,26.44,2061500.0,2016600.0
,,,,,,117,2026-02-01 07:08:27.794205,WNTR,24.57,24.6,24.61,2274100.0,2299600.0
2.0,1.0,1.0,,Aggregate Position Limit,Your CRO has set the aggregate position limit to 11000 shares for this week.,118,2026-02-01 07:08:28.819161,SPNG,24.87,24.87,24.98,2213000.0,2212000.0
1.0,1.0,1.0,,Welcome to the RITC 2026 Alogithmic Market Making Case - practice server,,118,2026-02-01 07:08:28.819161,SMMR,24.52,24.52,24.65,2373200.0,2355600.0
,,,,,,118,2026-02-01 07:08:28.819161,ATMN,26.5,26.11,26.49,2061500.0,2021300.0
,,,,,,118,2026-02-01 07:08:28.819161,WNTR,24.61,24.6,24.61,2251000.0,2299600.0
2.0,1.0,1.0,,Aggregate Position Limit,Your CRO has set the aggregate position limit to 11000 shares for this week.,119,2026-02-01 07:08:29.858379,SPNG,24.98,24.56,24.98,2196500.0,2212000.0
1.0,1.0,1.0,,Welcome to the RITC 2026 Alogithmic Market Making Case - practice server,,119,2026-02-01 07:08:29.858379,SMMR,24.52,24.52,24.65,2414800.0,2333000.0
,,,,,,119,2026-02-01 07:08:29.858379,ATMN,26.5,26.11,26.49,2061500.0,2074900.0
,,,,,,119,2026-02-01 07:08:29.858379,WNTR,24.55,24.55,24.61,2247800.0,2299600.0
2.0,1.0,1.0,,Aggregate Position Limit,Your CRO has set the aggregate position limit to 11000 shares for this week.,120,2026-02-01 07:08:30.888129,SPNG,24.98,26.1,27.32,964900.0,875100.0
1.0,1.0,1.0,,Welcome to the RITC 2026 Alogithmic Market Making Case - practice server,,120,2026-02-01 07:08:30.888129,SMMR,26.5,25.43,25.55,997500.0,925200.0
,,,,,,120,2026-02-01 07:08:30.888129,ATMN,26.5,26.0,27.26,858800.0,797300.0
,,,,,,120,2026-02-01 07:08:30.888129,WNTR,24.55,24.07,24.13,916100.0,967400.0
2.0,1.0,1.0,,Aggregate Position Limit,Your CRO has set the aggregate position limit to 11000 shares for this week.,121,2026-02-01 07:08:31.917968,SPNG,26.1,26.1,26.26,1049800.0,1086900.0
1.0,1.0,1.0,,Welcome to the RITC 2026 Alogithmic Market Making Case - practice server,,121,2026-02-01 07:08:31.917968,SMMR,25.78,25.82,25.95,1493300.0,934400.0
,,,,,,121,2026-02-01 07:08:31.917968,ATMN,26.5,26.0,26.57,858800.0,1109800.0
,,,,,,121,2026-02-01 07:08:31.917968,WNTR,24.55,24.11,24.13,1049900.0,1194800.0
2.0,1.0,1.0,,Aggregate Position Limit,Your CRO has set the aggregate position limit to 11000 shares for this week.,122,2026-02-01 07:08:32.938169,SPNG,27.28,26.1,26.6,1049800.0,1217600.0
1.0,1.0,1.0,,Welcome to the RITC 2026 Alogithmic Market Making Case - practice server,,122,2026-02-01 07:08:32.938169,SMMR,25.95,25.98,26.05,1926300.0,895900.0
,,,,,,122,2026-02-01 07:08:32.938169,ATMN,26.0,26.0,26.15,858800.0,1397100.0
,,,,,,122,2026-02-01 07:08:32.938169,WNTR,24.07,24.07,24.13,916100.0,1316700.0
2.0,1.0,1.0,,Aggregate Position Limit,Your CRO has set the aggregate position limit to 11000 shares for this week.,123,2026-02-01 07:08:33.965667,SPNG,27.28,26.1,26.6,1049800.0,1417500.0
1.0,1.0,1.0,,Welcome to the RITC 2026 Alogithmic Market Making Case - practice server,,123,2026-02-01 07:08:33.965667,SMMR,26.62,26.35,26.54,2026900.0,868600.0
,,,,,,123,2026-02-01 07:08:33.965667,ATMN,25.71,25.71,26.13,865600.0,1618500.0
,,,,,,123,2026-02-01 07:08:33.965667,WNTR,23.79,23.8,24.15,959900.0,1182900.0
2.0,1.0,1.0,,Aggregate Position Limit,Your CRO has set the aggregate position limit to 11000 shares for this week.,124,2026-02-01 07:08:34.998110,SPNG,26.48,25.81,26.17,949800.0,1614400.0
1.0,1.0,1.0,,Welcome to the RITC 2026 Alogithmic Market Making Case - practice server,,124,2026-02-01 07:08:34.998110,SMMR,26.62,26.35,26.43,2148300.0,1193800.0
,,,,,,124,2026-02-01 07:08:34.998110,ATMN,25.71,25.71,25.82,865600.0,1909300.0
,,,,,,124,2026-02-01 07:08:34.998110,WNTR,23.79,23.8,23.87,1059600.0,1285200.0
2.0,1.0,1.0,,Aggregate Position Limit,Your CRO has set the aggregate position limit to 11000 shares for this week.,125,2026-02-01 07:08:36.031251,SPNG,26.6,26.09,26.6,1074800.0,1417500.0
1.0,1.0,1.0,,Welcome to the RITC 2026 Alogithmic Market Making Case - practice server,,125,2026-02-01 07:08:36.031251,SMMR,26.43,26.35,26.43,2271100.0,1225900.0
,,,,,,125,2026-02-01 07:08:36.031251,ATMN,25.84,25.59,25.84,869600.0,1901200.0
,,,,,,125,2026-02-01 07:08:36.031251,WNTR,24.15,23.8,24.15,1189400.0,1182900.0
2.0,1.0,1.0,,Aggregate Position Limit,Your CRO has set the aggregate position limit to 11000 shares for this week.,126,2026-02-01 07:08:37.048096,SPNG,26.09,26.09,26.37,1074800.0,1640900.0
1.0,1.0,1.0,,Welcome to the RITC 2026 Alogithmic Market Making Case - practice server,,126,2026-02-01 07:08:37.048096,SMMR,26.35,26.26,26.33,2302900.0,1204500.0
,,,,,,126,2026-02-01 07:08:37.048096,ATMN,25.59,24.89,25.53,892400.0,1908300.0
,,,,,,126,2026-02-01 07:08:37.048096,WNTR,24.16,24.09,24.16,1284300.0,1159600.0
2.0,1.0,1.0,,Aggregate Position Limit,Your CRO has set the aggregate position limit to 11000 shares for this week.,127,2026-02-01 07:08:38.068385,SPNG,26.37,26.24,26.37,1061300.0,1640900.0
1.0,1.0,1.0,,Welcome to the RITC 2026 Alogithmic Market Making Case - practice server,,127,2026-02-01 07:08:38.068385,SMMR,26.33,26.3,26.33,2355400.0,1204500.0
,,,,,,127,2026-02-01 07:08:38.068385,ATMN,26.13,25.56,25.99,1013200.0,1915500.0
,,,,,,127,2026-02-01 07:08:38.068385,WNTR,24.06,23.8,24.02,1189400.0,1402500.0
2.0,1.0,1.0,,Aggregate Position Limit,Your CRO has set the aggregate position limit to 11000 shares for this week.,128,2026-02-01 07:08:39.088554,SPNG,25.91,26.16,26.37,1144100.0,1640900.0
1.0,1.0,1.0,,Welcome to the RITC 2026 Alogithmic Market Making Case - practice server,,128,2026-02-01 07:08:39.088554,SMMR,26.47,26.47,26.58,2361600.0,1119400.0
,,,,,,128,2026-02-01 07:08:39.088554,ATMN,25.88,25.56,25.67,1013200.0,1982600.0
,,,,,,128,2026-02-01 07:08:39.088554,WNTR,24.06,23.89,24.02,1584800.0,1402500.0
2.0,1.0,1.0,,Aggregate Position Limit,Your CRO has set the aggregate position limit to 11000 shares for this week.,129,2026-02-01 07:08:40.098558,SPNG,26.16,25.81,26.1,1038500.0,1977700.0
1.0,1.0,1.0,,Welcome to the RITC 2026 Alogithmic Market Making Case - practice server,,129,2026-02-01 07:08:40.098558,SMMR,26.35,26.39,26.47,2368900.0,1133500.0
,,,,,,129,2026-02-01 07:08:40.098558,ATMN,25.56,25.05,25.15,1112700.0,1996600.0
,,,,,,129,2026-02-01 07:08:40.098558,WNTR,24.1,23.92,24.1,1810700.0,1378200.0
2.0,1.0,1.0,,Aggregate Position Limit,Your CRO has set the aggregate position limit to 11000 shares for this week.,130,2026-02-01 07:08:41.137986,SPNG,25.6,25.6,26.37,950300.0,1857100.0
1.0,1.0,1.0,,Welcome to the RITC 2026 Alogithmic Market Making Case - practice server,,130,2026-02-01 07:08:41.137986,SMMR,26.39,26.3,26.32,2368800.0,1338800.0
,,,,,,130,2026-02-01 07:08:41.137986,ATMN,25.99,25.19,25.72,1224700.0,1953200.0
,,,,,,130,2026-02-01 07:08:41.137986,WNTR,24.1,23.99,24.1,2169200.0,1378200.0
2.0,1.0,1.0,,Aggregate Position Limit,Your CRO has set the aggregate position limit to 11000 shares for this week.,131,2026-02-01 07:08:42.172365,SPNG,25.7,25.68,25.7,1075300.0,1965700.0
1.0,1.0,1.0,,Welcome to the RITC 2026 Alogithmic Market Making Case - practice server,,131,2026-02-01 07:08:42.172365,SMMR,26.64,26.3,26.47,2368800.0,1194800.0
,,,,,,131,2026-02-01 07:08:42.172365,ATMN,25.99,25.38,25.48,1446300.0,1981800.0
,,,,,,131,2026-02-01 07:08:42.172365,WNTR,24.1,23.99,24.1,2407000.0,1378200.0
2.0,1.0,1.0,,Aggregate Position Limit,Your CRO has set the aggregate position limit to 11000 shares for this week.,133,2026-02-01 07:08:43.198255,SPNG,26.51,25.68,26.51,1194500.0,1635900.0
1.0,1.0,1.0,,Welcome to the RITC 2026 Alogithmic Market Making Case - practice server,,133,2026-02-01 07:08:43.198255,SMMR,26.45,26.47,26.55,2330400.0,1091200.0
,,,,,,133,2026-02-01 07:08:43.198255,ATMN,25.72,25.38,25.45,1553600.0,1951500.0
,,,,,,133,2026-02-01 07:08:43.198255,WNTR,23.99,23.99,24.01,2373200.0,1623300.0
2.0,1.0,1.0,,Aggregate Position Limit,Your CRO has set the aggregate position limit to 11000 shares for this week.,134,2026-02-01 07:08:44.230573,SPNG,25.98,26.46,26.51,1302900.0,1635900.0
1.0,1.0,1.0,,Welcome to the RITC 2026 Alogithmic Market Making Case - practice server,,134,2026-02-01 07:08:44.230573,SMMR,26.34,26.44,26.55,2354000.0,1091200.0
,,,,,,134,2026-02-01 07:08:44.230573,ATMN,25.72,25.8,25.99,1752100.0,1934700.0
,,,,,,134,2026-02-01 07:08:44.230573,WNTR,23.99,23.99,24.01,2338800.0,1753200.0
2.0,1.0,1.0,,Aggregate Position Limit,Your CRO has set the aggregate position limit to 11000 shares for this week.,135,2026-02-01 07:08:45.249161,SPNG,26.46,25.68,26.45,1285600.0,1840600.0
1.0,1.0,1.0,,Welcome to the RITC 2026 Alogithmic Market Making Case - practice server,,135,2026-02-01 07:08:45.249161,SMMR,26.42,26.42,26.55,2343900.0,1091200.0
,,,,,,135,2026-02-01 07:08:45.249161,ATMN,25.8,25.38,25.52,1645100.0,1981000.0
,,,,,,135,2026-02-01 07:08:45.249161,WNTR,24.01,23.99,24.01,2334600.0,1861800.0
2.0,1.0,1.0,,Aggregate Position Limit,Your CRO has set the aggregate position limit to 11000 shares for this week.,136,2026-02-01 07:08:46.288056,SPNG,25.68,25.68,26.45,1647900.0,1840600.0
1.0,1.0,1.0,,Welcome to the RITC 2026 Alogithmic Market Making Case - practice server,,136,2026-02-01 07:08:46.288056,SMMR,26.66,26.3,26.66,2368800.0,989200.0
,,,,,,136,2026-02-01 07:08:46.288056,ATMN,25.21,25.21,25.52,1749400.0,1981000.0
,,,,,,136,2026-02-01 07:08:46.288056,WNTR,23.98,23.98,24.01,2343300.0,2076600.0
2.0,1.0,1.0,,Aggregate Position Limit,Your CRO has set the aggregate position limit to 11000 shares for this week.,137,2026-02-01 07:08:47.313270,SPNG,26.6,25.68,26.52,1765900.0,1719800.0
1.0,1.0,1.0,,Welcome to the RITC 2026 Alogithmic Market Making Case - practice server,,137,2026-02-01 07:08:47.313270,SMMR,26.66,26.37,26.66,2350900.0,989200.0
,,,,,,137,2026-02-01 07:08:47.313270,ATMN,26.01,25.21,25.67,1749400.0,2029700.0
,,,,,,137,2026-02-01 07:08:47.313270,WNTR,23.97,23.97,24.04,2356100.0,2066500.0
2.0,1.0,1.0,,Aggregate Position Limit,Your CRO has set the aggregate position limit to 11000 shares for this week.,138,2026-02-01 07:08:48.336469,SPNG,25.66,25.92,26.52,1758600.0,1825500.0
1.0,1.0,1.0,,Welcome to the RITC 2026 Alogithmic Market Making Case - practice server,,138,2026-02-01 07:08:48.336469,SMMR,26.47,26.4,26.47,2329400.0,1084800.0
,,,,,,138,2026-02-01 07:08:48.336469,ATMN,25.67,25.26,25.59,1854000.0,2041100.0
,,,,,,138,2026-02-01 07:08:48.336469,WNTR,23.97,23.97,24.04,2320100.0,2177200.0
2.0,1.0,1.0,,Aggregate Position Limit,Your CRO has set the aggregate position limit to 11000 shares for this week.,139,2026-02-01 07:08:49.367966,SPNG,26.6,26.07,26.6,1675900.0,1711500.0
1.0,1.0,1.0,,Welcome to the RITC 2026 Alogithmic Market Making Case - practice server,,139,2026-02-01 07:08:49.367966,SMMR,26.37,26.37,26.47,2336300.0,1330800.0
,,,,,,139,2026-02-01 07:08:49.367966,ATMN,25.93,25.26,25.43,2091200.0,2008800.0
,,,,,,139,2026-02-01 07:08:49.367966,WNTR,23.95,23.95,24.0,2324300.0,2255900.0
2.0,1.0,1.0,,Aggregate Position Limit,Your CRO has set the aggregate position limit to 11000 shares for this week.,140,2026-02-01 07:08:50.389052,SPNG,25.24,25.24,26.6,1461100.0,1795500.0
1.0,1.0,1.0,,Welcome to the RITC 2026 Alogithmic Market Making Case - practice server,,140,2026-02-01 07:08:50.389052,SMMR,26.39,26.37,26.39,2362200.0,1354300.0
,,,,,,140,2026-02-01 07:08:50.389052,ATMN,25.43,25.51,25.93,2185300.0,1992400.0
,,,,,,140,2026-02-01 07:08:50.389052,WNTR,23.94,23.94,24.0,2346000.0,2255900.0
2.0,1.0,1.0,,Aggregate Position Limit,Your CRO has set the aggregate position limit to 11000 shares for this week.,141,2026-02-01 07:08:51.420007,SPNG,25.24,26.17,26.53,1561400.0,2002300.0
1.0,1.0,1.0,,Welcome to the RITC 2026 Alogithmic Market Making Case - practice server,,141,2026-02-01 07:08:51.420007,SMMR,26.39,26.37,26.39,2358300.0,1354300.0
,,,,,,141,2026-02-01 07:08:51.420007,ATMN,25.4,25.26,25.4,2197800.0,2014700.0
,,,,,,141,2026-02-01 07:08:51.420007,WNTR,24.0,23.92,24.0,2196000.0,2255900.0
2.0,1.0,1.0,,Aggregate Position Limit,Your CRO has set the aggregate position limit to 11000 shares for this week.,142,2026-02-01 07:08:52.453400,SPNG,24.86,24.86,26.52,1332900.0,2000900.0
1.0,1.0,1.0,,Welcome to the RITC 2026 Alogithmic Market Making Case - practice server,,142,2026-02-01 07:08:52.453400,SMMR,26.39,26.38,26.39,2280000.0,1466300.0
,,,,,,142,2026-02-01 07:08:52.453400,ATMN,25.4,25.41,25.93,2192800.0,2013700.0
,,,,,,142,2026-02-01 07:08:52.453400,WNTR,23.92,23.92,24.0,2323700.0,2255900.0
2.0,1.0,1.0,,Aggregate Position Limit,Your CRO has set the aggregate position limit to 11000 shares for this week.,143,2026-02-01 07:08:53.486070,SPNG,24.86,25.91,26.01,1571800.0,2005000.0
1.0,1.0,1.0,,Welcome to the RITC 2026 Alogithmic Market Making Case - practice server,,143,2026-02-01 07:08:53.486070,SMMR,26.62,26.37,26.62,2274200.0,1338800.0
,,,,,,143,2026-02-01 07:08:53.486070,ATMN,25.41,25.32,25.35,2210700.0,2015500.0
,,,,,,143,2026-02-01 07:08:53.486070,WNTR,23.92,23.97,23.99,2329100.0,2254700.0
2.0,1.0,1.0,,Aggregate Position Limit,Your CRO has set the aggregate position limit to 11000 shares for this week.,144,2026-02-01 07:08:54.512987,SPNG,26.01,26.01,26.52,1779900.0,2022100.0
1.0,1.0,1.0,,Welcome to the RITC 2026 Alogithmic Market Making Case - practice server,,144,2026-02-01 07:08:54.512987,SMMR,26.54,26.49,26.54,2280000.0,1431700.0
,,,,,,144,2026-02-01 07:08:54.512987,ATMN,25.26,25.26,25.55,2219400.0,2003600.0
,,,,,,144,2026-02-01 07:08:54.512987,WNTR,23.92,23.97,23.99,2300000.0,2279100.0
2.0,1.0,1.0,,Aggregate Position Limit,Your CRO has set the aggregate position limit to 11000 shares for this week.,145,2026-02-01 07:08:55.538126,SPNG,26.52,26.01,26.21,1779900.0,2059600.0
1.0,1.0,1.0,,Welcome to the RITC 2026 Alogithmic Market Making Case - practice server,,145,2026-02-01 07:08:55.538126,SMMR,26.62,26.36,26.62,2277100.0,1338800.0
,,,,,,145,2026-02-01 07:08:55.538126,ATMN,25.68,25.26,25.39,2216700.0,2013700.0
,,,,,,145,2026-02-01 07:08:55.538126,WNTR,23.99,23.97,23.99,2300000.0,2289800.0
2.0,1.0,1.0,,Aggregate Position Limit,Your CRO has set the aggregate position limit to 11000 shares for this week.,146,2026-02-01 07:08:56.569352,SPNG,25.91,25.47,25.71,1535300.0,2038600.0
1.0,1.0,1.0,,Welcome to the RITC 2026 Alogithmic Market Making Case - practice server,,146,2026-02-01 07:08:56.569352,SMMR,26.41,26.41,26.47,2284100.0,1464200.0
,,,,,,146,2026-02-01 07:08:56.569352,ATMN,26.01,25.28,25.58,2217000.0,1994800.0
,,,,,,146,2026-02-01 07:08:56.569352,WNTR,23.97,23.92,23.94,2317600.0,2311600.0
2.0,1.0,1.0,,Aggregate Position Limit,Your CRO has set the aggregate position limit to 11000 shares for this week.,147,2026-02-01 07:08:57.594333,SPNG,26.53,25.47,26.53,1779200.0,2049000.0
1.0,1.0,1.0,,Welcome to the RITC 2026 Alogithmic Market Making Case - practice server,,147,2026-02-01 07:08:57.594333,SMMR,26.3,26.35,26.4,2283000.0,1586100.0
,,,,,,147,2026-02-01 07:08:57.594333,ATMN,25.58,25.88,25.92,2206800.0,1973400.0
,,,,,,147,2026-02-01 07:08:57.594333,WNTR,23.97,23.92,23.94,2317600.0,2311600.0
2.0,1.0,1.0,,Aggregate Position Limit,Your CRO has set the aggregate position limit to 11000 shares for this week.,148,2026-02-01 07:08:58.621921,SPNG,26.07,25.47,25.7,1989900.0,2049000.0
1.0,1.0,1.0,,Welcome to the RITC 2026 Alogithmic Market Making Case - practice server,,148,2026-02-01 07:08:58.621921,SMMR,26.35,26.35,26.4,2253200.0,1586100.0
,,,,,,148,2026-02-01 07:08:58.621921,ATMN,25.4,25.4,25.69,2212700.0,1991800.0
,,,,,,148,2026-02-01 07:08:58.621921,WNTR,23.97,23.92,23.94,2324100.0,2297900.0
2.0,1.0,1.0,,Aggregate Position Limit,Your CRO has set the aggregate position limit to 11000 shares for this week.,149,2026-02-01 07:08:59.673220,SPNG,25.47,25.47,26.53,1971000.0,2058900.0
1.0,1.0,1.0,,Welcome to the RITC 2026 Alogithmic Market Making Case - practice server,,149,2026-02-01 07:08:59.673220,SMMR,26.28,26.28,26.47,2276800.0,1464200.0
,,,,,,149,2026-02-01 07:08:59.673220,ATMN,25.26,25.26,25.46,2216700.0,2023300.0
,,,,,,149,2026-02-01 07:08:59.673220,WNTR,23.94,23.95,23.96,2324100.0,2255100.0
2.0,1.0,1.0,,Aggregate Position Limit,Your CRO has set the aggregate position limit to 11000 shares for this week.,150,2026-02-01 07:09:00.718059,SPNG,25.47,25.91,26.53,2377400.0,2058900.0
1.0,1.0,1.0,,Welcome to the RITC 2026 Alogithmic Market Making Case - practice server,,150,2026-02-01 07:09:00.718059,SMMR,26.47,26.54,26.62,2330800.0,1338800.0
,,,,,,150,2026-02-01 07:09:00.718059,ATMN,25.46,25.37,25.46,2190000.0,2023300.0
,,,,,,150,2026-02-01 07:09:00.718059,WNTR,23.97,23.95,23.96,2324100.0,2229700.0
2.0,1.0,1.0,,Aggregate Position Limit,Your CRO has set the aggregate position limit to 11000 shares for this week.,151,2026-02-01 07:09:01.737979,SPNG,25.47,25.91,26.05,2490100.0,2068900.0
1.0,1.0,1.0,,Welcome to the RITC 2026 Alogithmic Market Making Case - practice server,,151,2026-02-01 07:09:01.737979,SMMR,26.28,26.52,26.62,2304500.0,1456700.0
,,,,,,151,2026-02-01 07:09:01.737979,ATMN,25.5,25.37,25.5,2190000.0,1994300.0
,,,,,,151,2026-02-01 07:09:01.737979,WNTR,23.95,23.95,23.97,2324100.0,2235100.0
2.0,1.0,1.0,,Aggregate Position Limit,Your CRO has set the aggregate position limit to 11000 shares for this week.,152,2026-02-01 07:09:02.765132,SPNG,25.47,25.91,26.05,2269200.0,2109300.0
1.0,1.0,1.0,,Welcome to the RITC 2026 Alogithmic Market Making Case - practice server,,152,2026-02-01 07:09:02.765132,SMMR,26.52,26.28,26.39,2281600.0,1760600.0
,,,,,,152,2026-02-01 07:09:02.765132,ATMN,25.43,25.37,25.43,2227400.0,1959200.0
,,,,,,152,2026-02-01 07:09:02.765132,WNTR,23.95,23.92,23.93,2306800.0,2186900.0
2.0,1.0,1.0,,Aggregate Position Limit,Your CRO has set the aggregate position limit to 11000 shares for this week.,153,2026-02-01 07:09:03.793161,SPNG,25.91,25.66,25.78,2254100.0,2146300.0
1.0,1.0,1.0,,Welcome to the RITC 2026 Alogithmic Market Making Case - practice server,,153,2026-02-01 07:09:03.793161,SMMR,26.27,26.27,26.56,2313700.0,1659900.0
,,,,,,153,2026-02-01 07:09:03.793161,ATMN,25.33,25.33,25.43,2252700.0,1959200.0
,,,,,,153,2026-02-01 07:09:03.793161,WNTR,23.97,23.92,23.95,2306200.0,2199300.0
2.0,1.0,1.0,,Aggregate Position Limit,Your CRO has set the aggregate position limit to 11000 shares for this week.,154,2026-02-01 07:09:04.834581,SPNG,26.18,26.15,26.18,2198200.0,2107200.0
1.0,1.0,1.0,,Welcome to the RITC 2026 Alogithmic Market Making Case - practice server,,154,2026-02-01 07:09:04.834581,SMMR,26.26,26.26,26.56,2349500.0,1659900.0
,,,,,,154,2026-02-01 07:09:04.834581,ATMN,25.33,25.33,25.43,2227700.0,2006700.0
,,,,,,154,2026-02-01 07:09:04.834581,WNTR,23.97,23.92,23.95,2306200.0,2200900.0
2.0,1.0,1.0,,Aggregate Position Limit,Your CRO has set the aggregate position limit to 11000 shares for this week.,155,2026-02-01 07:09:05.862909,SPNG,26.18,26.31,26.53,2186400.0,2104200.0
1.0,1.0,1.0,,Welcome to the RITC 2026 Alogithmic Market Making Case - practice server,,155,2026-02-01 07:09:05.862909,SMMR,26.26,26.3,26.32,2384300.0,1767100.0
,,,,,,155,2026-02-01 07:09:05.862909,ATMN,25.33,25.33,25.43,2217000.0,1996900.0
,,,,,,155,2026-02-01 07:09:05.862909,WNTR,23.89,23.89,23.94,2352100.0,2189300.0
2.0,1.0,1.0,,Aggregate Position Limit,Your CRO has set the aggregate position limit to 11000 shares for this week.,156,2026-02-01 07:09:06.878278,SPNG,25.92,25.92,26.18,2226200.0,2146000.0
1.0,1.0,1.0,,Welcome to the RITC 2026 Alogithmic Market Making Case - practice server,,156,2026-02-01 07:09:06.878278,SMMR,26.32,26.45,26.56,2358200.0,1659900.0
,,,,,,156,2026-02-01 07:09:06.878278,ATMN,25.43,25.74,25.77,2205400.0,2023700.0
,,,,,,156,2026-02-01 07:09:06.878278,WNTR,23.88,23.88,23.94,2352100.0,2191900.0
2.0,1.0,1.0,,Aggregate Position Limit,Your CRO has set the aggregate position limit to 11000 shares for this week.,157,2026-02-01 07:09:07.917824,SPNG,25.92,25.92,26.44,2226200.0,2112500.0
1.0,1.0,1.0,,Welcome to the RITC 2026 Alogithmic Market Making Case - practice server,,157,2026-02-01 07:09:07.917824,SMMR,26.62,26.45,26.61,2358200.0,1886600.0
,,,,,,157,2026-02-01 07:09:07.917824,ATMN,25.74,25.33,25.38,2217000.0,2015200.0
,,,,,,157,2026-02-01 07:09:07.917824,WNTR,23.82,23.82,23.86,2205300.0,2156800.0
2.0,1.0,1.0,,Aggregate Position Limit,Your CRO has set the aggregate position limit to 11000 shares for this week.,158,2026-02-01 07:09:08.958036,SPNG,26.53,25.92,26.53,2226200.0,2120600.0
1.0,1.0,1.0,,Welcome to the RITC 2026 Alogithmic Market Making Case - practice server,,158,2026-02-01 07:09:08.958036,SMMR,26.62,26.45,26.53,2345000.0,2253800.0
,,,,,,158,2026-02-01 07:09:08.958036,ATMN,25.78,25.33,25.67,2217000.0,2025300.0
,,,,,,158,2026-02-01 07:09:08.958036,WNTR,23.94,23.8,23.94,2001000.0,2191900.0
2.0,1.0,1.0,,Aggregate Position Limit,Your CRO has set the aggregate position limit to 11000 shares for this week.,159,2026-02-01 07:09:10.001582,SPNG,26.53,25.92,26.12,2235800.0,2137200.0
1.0,1.0,1.0,,Welcome to the RITC 2026 Alogithmic Market Making Case - practice server,,159,2026-02-01 07:09:10.001582,SMMR,26.52,26.38,26.42,2375200.0,2289700.0
,,,,,,159,2026-02-01 07:09:10.001582,ATMN,25.46,25.47,25.67,2218400.0,2025300.0
,,,,,,159,2026-02-01 07:09:10.001582,WNTR,23.8,23.8,23.94,2121600.0,2191900.0
2.0,1.0,1.0,,Aggregate Position Limit,Your CRO has set the aggregate position limit to 11000 shares for this week.,160,2026-02-01 07:09:11.038374,SPNG,26.53,25.92,26.12,2208000.0,2156800.0
1.0,1.0,1.0,,Welcome to the RITC 2026 Alogithmic Market Making Case - practice server,,160,2026-02-01 07:09:11.038374,SMMR,26.38,26.38,26.42,2364700.0,2280000.0
,,,,,,160,2026-02-01 07:09:11.038374,ATMN,25.4,25.4,25.53,2218000.0,2033400.0
,,,,,,160,2026-02-01 07:09:11.038374,WNTR,23.8,23.8,23.94,2336500.0,2158200.0
2.0,1.0,1.0,,Aggregate Position Limit,Your CRO has set the aggregate position limit to 11000 shares for this week.,161,2026-02-01 07:09:12.071559,SPNG,25.92,25.92,26.13,2208000.0,2158600.0
1.0,1.0,1.0,,Welcome to the RITC 2026 Alogithmic Market Making Case - practice server,,161,2026-02-01 07:09:12.071559,SMMR,26.53,26.38,26.53,2391700.0,2278500.0
,,,,,,161,2026-02-01 07:09:12.071559,ATMN,25.53,25.4,25.53,2220100.0,2033400.0
,,,,,,161,2026-02-01 07:09:12.071559,WNTR,23.8,23.91,23.94,2375800.0,2138600.0
2.0,1.0,1.0,,Aggregate Position Limit,Your CRO has set the aggregate position limit to 11000 shares for this week.,162,2026-02-01 07:09:13.090275,SPNG,25.99,25.74,25.86,2226600.0,2181600.0
1.0,1.0,1.0,,Welcome to the RITC 2026 Alogithmic Market Making Case - practice server,,162,2026-02-01 07:09:13.090275,SMMR,26.34,26.34,26.53,2375400.0,2259600.0
,,,,,,162,2026-02-01 07:09:13.090275,ATMN,25.44,25.4,25.44,2220100.0,2047500.0
,,,,,,162,2026-02-01 07:09:13.090275,WNTR,23.91,23.8,23.83,2370300.0,2169500.0
2.0,1.0,1.0,,Aggregate Position Limit,Your CRO has set the aggregate position limit to 11000 shares for this week.,163,2026-02-01 07:09:14.121936,SPNG,25.97,25.97,26.13,2208000.0,2157400.0
1.0,1.0,1.0,,Welcome to the RITC 2026 Alogithmic Market Making Case - practice server,,163,2026-02-01 07:09:14.121936,SMMR,26.54,26.34,26.54,2385800.0,2276500.0
,,,,,,163,2026-02-01 07:09:14.121936,ATMN,25.46,25.46,25.53,2212100.0,2033400.0
,,,,,,163,2026-02-01 07:09:14.121936,WNTR,23.8,23.8,23.95,2352700.0,2160700.0
2.0,1.0,1.0,,Aggregate Position Limit,Your CRO has set the aggregate position limit to 11000 shares for this week.,164,2026-02-01 07:09:15.153093,SPNG,26.11,25.97,26.11,2208000.0,2157700.0
1.0,1.0,1.0,,Welcome to the RITC 2026 Alogithmic Market Making Case - practice server,,164,2026-02-01 07:09:15.153093,SMMR,26.3,26.3,26.47,2335900.0,2245200.0
,,,,,,164,2026-02-01 07:09:15.153093,ATMN,25.46,25.46,25.53,2212100.0,2057800.0
,,,,,,164,2026-02-01 07:09:15.153093,WNTR,23.95,23.9,23.95,2354900.0,2160700.0
2.0,1.0,1.0,,Aggregate Position Limit,Your CRO has set the aggregate position limit to 11000 shares for this week.,165,2026-02-01 07:09:16.191075,SPNG,25.63,25.84,26.11,2236800.0,2168900.0
1.0,1.0,1.0,,Welcome to the RITC 2026 Alogithmic Market Making Case - practice server,,165,2026-02-01 07:09:16.191075,SMMR,26.26,26.26,26.37,2348600.0,2241700.0
,,,,,,165,2026-02-01 07:09:16.191075,ATMN,25.84,25.4,25.84,2220100.0,2037600.0
,,,,,,165,2026-02-01 07:09:16.191075,WNTR,23.95,23.9,23.95,2354900.0,2188200.0
2.0,1.0,1.0,,Aggregate Position Limit,Your CRO has set the aggregate position limit to 11000 shares for this week.,166,2026-02-01 07:09:17.228153,SPNG,26.19,25.84,26.1,2236800.0,2145700.0
1.0,1.0,1.0,,Welcome to the RITC 2026 Alogithmic Market Making Case - practice server,,166,2026-02-01 07:09:17.228153,SMMR,26.37,26.44,26.54,2328900.0,2277400.0
,,,,,,166,2026-02-01 07:09:17.228153,ATMN,25.61,25.48,25.61,2199400.0,2058900.0
,,,,,,166,2026-02-01 07:09:17.228153,WNTR,23.95,23.92,23.95,2316200.0,2232300.0
2.0,1.0,1.0,,Aggregate Position Limit,Your CRO has set the aggregate position limit to 11000 shares for this week.,167,2026-02-01 07:09:18.246760,SPNG,26.2,26.35,26.42,2240500.0,2147600.0
1.0,1.0,1.0,,Welcome to the RITC 2026 Alogithmic Market Making Case - practice server,,167,2026-02-01 07:09:18.246760,SMMR,26.25,26.29,26.36,2336800.0,2252400.0
,,,,,,167,2026-02-01 07:09:18.246760,ATMN,25.4,25.4,25.53,2220100.0,2087100.0
,,,,,,167,2026-02-01 07:09:18.246760,WNTR,23.95,23.8,23.95,2398200.0,2232300.0
2.0,1.0,1.0,,Aggregate Position Limit,Your CRO has set the aggregate position limit to 11000 shares for this week.,168,2026-02-01 07:09:19.277945,SPNG,25.84,25.84,26.39,2236800.0,2175000.0
1.0,1.0,1.0,,Welcome to the RITC 2026 Alogithmic Market Making Case - practice server,,168,2026-02-01 07:09:19.277945,SMMR,26.29,26.29,26.33,2336800.0,2276600.0
,,,,,,168,2026-02-01 07:09:19.277945,ATMN,25.33,25.33,25.43,2188100.0,2099900.0
,,,,,,168,2026-02-01 07:09:19.277945,WNTR,23.95,23.89,23.95,2399900.0,2190500.0
2.0,1.0,1.0,,Aggregate Position Limit,Your CRO has set the aggregate position limit to 11000 shares for this week.,169,2026-02-01 07:09:20.306326,SPNG,25.84,25.84,25.86,2228000.0,2169300.0
1.0,1.0,1.0,,Welcome to the RITC 2026 Alogithmic Market Making Case - practice server,,169,2026-02-01 07:09:20.306326,SMMR,26.23,26.23,26.32,2309200.0,2281500.0
,,,,,,169,2026-02-01 07:09:20.306326,ATMN,25.43,25.45,25.53,2190200.0,2087100.0
,,,,,,169,2026-02-01 07:09:20.306326,WNTR,23.96,23.9,23.96,2387800.0,2202000.0
2.0,1.0,1.0,,Aggregate Position Limit,Your CRO has set the aggregate position limit to 11000 shares for this week.,170,2026-02-01 07:09:21.338069,SPNG,25.86,26.34,26.39,2216600.0,2175000.0
1.0,1.0,1.0,,Welcome to the RITC 2026 Alogithmic Market Making Case - practice server,,170,2026-02-01 07:09:21.338069,SMMR,26.4,26.31,26.4,2313500.0,2256900.0
,,,,,,170,2026-02-01 07:09:21.338069,ATMN,25.53,25.45,25.53,2190200.0,2097000.0
,,,,,,170,2026-02-01 07:09:21.338069,WNTR,23.81,23.8,23.81,2398200.0,2208800.0
2.0,1.0,1.0,,Aggregate Position Limit,Your CRO has set the aggregate position limit to 11000 shares for this week.,171,2026-02-01 07:09:22.351116,SPNG,26.34,25.84,26.0,2213700.0,2214200.0
1.0,1.0,1.0,,Welcome to the RITC 2026 Alogithmic Market Making Case - practice server,,171,2026-02-01 07:09:22.351116,SMMR,26.4,26.31,26.4,2339600.0,2256900.0
,,,,,,171,2026-02-01 07:09:22.351116,ATMN,25.59,25.33,25.59,2212400.0,2088000.0
,,,,,,171,2026-02-01 07:09:22.351116,WNTR,23.91,23.8,23.91,2398200.0,2178300.0
2.0,1.0,1.0,,Aggregate Position Limit,Your CRO has set the aggregate position limit to 11000 shares for this week.,172,2026-02-01 07:09:23.375470,SPNG,26.0,25.84,26.0,2225600.0,2214200.0
1.0,1.0,1.0,,Welcome to the RITC 2026 Alogithmic Market Making Case - practice server,,172,2026-02-01 07:09:23.375470,SMMR,26.54,26.31,26.33,2322400.0,2264500.0
,,,,,,172,2026-02-01 07:09:23.375470,ATMN,25.24,25.24,25.59,2178100.0,2100300.0
,,,,,,172,2026-02-01 07:09:23.375470,WNTR,23.79,23.79,23.91,2380900.0,2180000.0
2.0,1.0,1.0,,Aggregate Position Limit,Your CRO has set the aggregate position limit to 11000 shares for this week.,173,2026-02-01 07:09:24.395093,SPNG,26.14,26.17,26.39,2221700.0,2197500.0
1.0,1.0,1.0,,Welcome to the RITC 2026 Alogithmic Market Making Case - practice server,,173,2026-02-01 07:09:24.395093,SMMR,26.31,26.31,26.43,2322400.0,2260600.0
,,,,,,173,2026-02-01 07:09:24.395093,ATMN,25.35,25.47,25.59,2166500.0,2100300.0
,,,,,,173,2026-02-01 07:09:24.395093,WNTR,23.91,23.91,23.96,2383000.0,2172600.0
2.0,1.0,1.0,,Aggregate Position Limit,Your CRO has set the aggregate position limit to 11000 shares for this week.,174,2026-02-01 07:09:25.427955,SPNG,26.39,25.84,26.39,2228900.0,2197500.0
1.0,1.0,1.0,,Welcome to the RITC 2026 Alogithmic Market Making Case - practice server,,174,2026-02-01 07:09:25.427955,SMMR,26.31,26.34,26.43,2284400.0,2260600.0
,,,,,,174,2026-02-01 07:09:25.427955,ATMN,25.21,25.3,25.59,2157600.0,2112800.0
,,,,,,174,2026-02-01 07:09:25.427955,WNTR,23.91,23.91,23.96,2383000.0,2205000.0
2.0,1.0,1.0,,Aggregate Position Limit,Your CRO has set the aggregate position limit to 11000 shares for this week.,176,2026-02-01 07:09:26.479822,SPNG,26.18,25.84,26.18,2208600.0,2214000.0
1.0,1.0,1.0,,Welcome to the RITC 2026 Alogithmic Market Making Case - practice server,,176,2026-02-01 07:09:26.479822,SMMR,26.34,26.34,26.43,2266900.0,2238000.0
,,,,,,176,2026-02-01 07:09:26.479822,ATMN,25.21,25.38,25.41,2191000.0,2133700.0
,,,,,,176,2026-02-01 07:09:26.479822,WNTR,23.75,23.75,23.85,2117000.0,2222100.0
2.0,1.0,1.0,,Aggregate Position Limit,Your CRO has set the aggregate position limit to 11000 shares for this week.,177,2026-02-01 07:09:27.494627,SPNG,26.18,25.84,26.03,2207900.0,2152000.0
1.0,1.0,1.0,,Welcome to the RITC 2026 Alogithmic Market Making Case - practice server,,177,2026-02-01 07:09:27.494627,SMMR,26.26,26.26,26.43,2298400.0,2238000.0
,,,,,,177,2026-02-01 07:09:27.494627,ATMN,25.38,25.38,25.41,2179700.0,2133700.0
,,,,,,177,2026-02-01 07:09:27.494627,WNTR,23.85,23.75,23.84,2117000.0,2229600.0
2.0,1.0,1.0,,Aggregate Position Limit,Your CRO has set the aggregate position limit to 11000 shares for this week.,178,2026-02-01 07:09:28.531422,SPNG,26.18,25.92,26.03,2213200.0,2135500.0
1.0,1.0,1.0,,Welcome to the RITC 2026 Alogithmic Market Making Case - practice server,,178,2026-02-01 07:09:28.531422,SMMR,26.43,26.23,26.43,2316200.0,2238000.0
,,,,,,178,2026-02-01 07:09:28.531422,ATMN,25.61,25.38,25.61,2179700.0,2097600.0
,,,,,,178,2026-02-01 07:09:28.531422,WNTR,23.84,23.84,23.91,2380300.0,2236300.0
2.0,1.0,1.0,,Aggregate Position Limit,Your CRO has set the aggregate position limit to 11000 shares for this week.,179,2026-02-01 07:09:29.563245,SPNG,26.01,26.01,26.03,2219200.0,2135500.0
1.0,1.0,1.0,,Welcome to the RITC 2026 Alogithmic Market Making Case - practice server,,179,2026-02-01 07:09:29.563245,SMMR,26.27,26.23,26.27,2316200.0,2236500.0
,,,,,,179,2026-02-01 07:09:29.563245,ATMN,25.58,25.38,25.58,2179700.0,2141500.0
,,,,,,179,2026-02-01 07:09:29.563245,WNTR,23.82,23.82,23.91,2244200.0,2265900.0
2.0,1.0,1.0,,Aggregate Position Limit,Your CRO has set the aggregate position limit to 11000 shares for this week.,180,2026-02-01 07:09:30.580884,SPNG,26.01,26.1,0.0,200000.0,0
1.0,1.0,1.0,,Welcome to the RITC 2026 Alogithmic Market Making Case - practice server,,180,2026-02-01 07:09:30.580884,SMMR,26.47,25.0,0.0,200000.0,0
,,,,,,180,2026-02-01 07:09:30.580884,ATMN,25.3,24.21,0.0,200000.0,0
,,,,,,180,2026-02-01 07:09:30.580884,WNTR,23.75,25.07,0.0,200000.0,0
2.0,1.0,1.0,,Aggregate Position Limit,Your CRO has set the aggregate position limit to 11000 shares for this week.,181,2026-02-01 07:09:31.614295,SPNG,26.1,25.77,25.87,983700.0,889200.0
1.0,1.0,1.0,,Welcome to the RITC 2026 Alogithmic Market Making Case - practice server,,181,2026-02-01 07:09:31.614295,SMMR,25.06,25.07,25.24,1059100.0,929800.0
,,,,,,181,2026-02-01 07:09:31.614295,ATMN,25.3,24.21,24.37,994600.0,992400.0
,,,,,,181,2026-02-01 07:09:31.614295,WNTR,24.57,24.58,24.73,1053000.0,872400.0
2.0,1.0,1.0,,Aggregate Position Limit,Your CRO has set the aggregate position limit to 11000 shares for this week.,182,2026-02-01 07:09:32.634969,SPNG,26.1,25.8,25.87,1407400.0,889200.0
1.0,1.0,1.0,,Welcome to the RITC 2026 Alogithmic Market Making Case - practice server,,182,2026-02-01 07:09:32.634969,SMMR,25.06,25.07,25.19,1059100.0,1273900.0
,,,,,,182,2026-02-01 07:09:32.634969,ATMN,24.37,24.21,24.37,994600.0,1217100.0
,,,,,,182,2026-02-01 07:09:32.634969,WNTR,24.73,24.75,24.8,1289500.0,871200.0
2.0,1.0,1.0,,Aggregate Position Limit,Your CRO has set the aggregate position limit to 11000 shares for this week.,183,2026-02-01 07:09:33.666048,SPNG,25.87,26.08,26.2,1782300.0,762200.0
1.0,1.0,1.0,,Welcome to the RITC 2026 Alogithmic Market Making Case - practice server,,183,2026-02-01 07:09:33.666048,SMMR,25.06,25.07,25.19,1059100.0,1685200.0
,,,,,,183,2026-02-01 07:09:33.666048,ATMN,24.21,23.87,24.19,1058400.0,1522800.0
,,,,,,183,2026-02-01 07:09:33.666048,WNTR,24.8,24.75,24.8,1516300.0,871200.0
2.0,1.0,1.0,,Aggregate Position Limit,Your CRO has set the aggregate position limit to 11000 shares for this week.,184,2026-02-01 07:09:34.687531,SPNG,25.87,26.08,26.15,1874500.0,999200.0
1.0,1.0,1.0,,Welcome to the RITC 2026 Alogithmic Market Making Case - practice server,,184,2026-02-01 07:09:34.687531,SMMR,25.0,25.0,25.05,961200.0,2001700.0
,,,,,,184,2026-02-01 07:09:34.687531,ATMN,24.21,23.87,24.19,1401200.0,1522800.0
,,,,,,184,2026-02-01 07:09:34.687531,WNTR,25.06,24.77,25.06,1715300.0,846500.0
2.0,1.0,1.0,,Aggregate Position Limit,Your CRO has set the aggregate position limit to 11000 shares for this week.,185,2026-02-01 07:09:35.706212,SPNG,26.15,26.08,26.15,2072200.0,999200.0
1.0,1.0,1.0,,Welcome to the RITC 2026 Alogithmic Market Making Case - practice server,,185,2026-02-01 07:09:35.706212,SMMR,25.01,25.0,25.01,1061300.0,2138700.0
,,,,,,185,2026-02-01 07:09:35.706212,ATMN,24.41,24.01,24.41,1726800.0,1288400.0
,,,,,,185,2026-02-01 07:09:35.706212,WNTR,24.76,24.76,25.2,1704000.0,896200.0
2.0,1.0,1.0,,Aggregate Position Limit,Your CRO has set the aggregate position limit to 11000 shares for this week.,186,2026-02-01 07:09:36.723708,SPNG,25.79,25.79,26.12,1842900.0,1093100.0
1.0,1.0,1.0,,Welcome to the RITC 2026 Alogithmic Market Making Case - practice server,,186,2026-02-01 07:09:36.723708,SMMR,25.01,24.88,25.01,961300.0,2232400.0
,,,,,,186,2026-02-01 07:09:36.723708,ATMN,24.41,24.29,24.41,2106700.0,1288400.0
,,,,,,186,2026-02-01 07:09:36.723708,WNTR,25.2,24.76,25.2,1840800.0,896200.0
2.0,1.0,1.0,,Aggregate Position Limit,Your CRO has set the aggregate position limit to 11000 shares for this week.,187,2026-02-01 07:09:37.748138,SPNG,26.2,26.41,26.71,1942200.0,787000.0
1.0,1.0,1.0,,Welcome to the RITC 2026 Alogithmic Market Making Case - practice server,,187,2026-02-01 07:09:37.748138,SMMR,25.01,24.88,24.92,1087400.0,2276500.0
,,,,,,187,2026-02-01 07:09:37.748138,ATMN,24.29,24.15,24.24,2086900.0,1385800.0
,,,,,,187,2026-02-01 07:09:37.748138,WNTR,25.2,25.01,25.19,1950000.0,1115600.0
2.0,1.0,1.0,,Aggregate Position Limit,Your CRO has set the aggregate position limit to 11000 shares for this week.,188,2026-02-01 07:09:38.770719,SPNG,26.2,26.41,26.56,1942200.0,1066200.0
1.0,1.0,1.0,,Welcome to the RITC 2026 Alogithmic Market Making Case - practice server,,188,2026-02-01 07:09:38.770719,SMMR,24.84,24.84,24.92,1202600.0,2276500.0
,,,,,,188,2026-02-01 07:09:38.770719,ATMN,24.41,24.15,24.41,2086900.0,1371800.0
,,,,,,188,2026-02-01 07:09:38.770719,WNTR,25.09,25.09,25.2,2078700.0,1014500.0
2.0,1.0,1.0,,Aggregate Position Limit,Your CRO has set the aggregate position limit to 11000 shares for this week.,189,2026-02-01 07:09:39.788845,SPNG,25.79,25.79,26.18,1842900.0,1165500.0
1.0,1.0,1.0,,Welcome to the RITC 2026 Alogithmic Market Making Case - practice server,,189,2026-02-01 07:09:39.788845,SMMR,24.84,24.84,24.92,1440300.0,2276500.0
,,,,,,189,2026-02-01 07:09:39.788845,ATMN,24.5,24.62,24.66,2183300.0,1355900.0
,,,,,,189,2026-02-01 07:09:39.788845,WNTR,25.09,25.19,25.2,2172800.0,1233000.0
2.0,1.0,1.0,,Aggregate Position Limit,Your CRO has set the aggregate position limit to 11000 shares for this week.,190,2026-02-01 07:09:40.839972,SPNG,25.79,25.82,26.18,2046600.0,1283800.0
1.0,1.0,1.0,,Welcome to the RITC 2026 Alogithmic Market Making Case - practice server,,190,2026-02-01 07:09:40.839972,SMMR,24.92,24.92,25.01,1648100.0,2235800.0
,,,,,,190,2026-02-01 07:09:40.839972,ATMN,24.62,24.15,24.31,2086900.0,1653900.0
,,,,,,190,2026-02-01 07:09:40.839972,WNTR,25.11,25.11,25.2,2181100.0,1449800.0
2.0,1.0,1.0,,Aggregate Position Limit,Your CRO has set the aggregate position limit to 11000 shares for this week.,191,2026-02-01 07:09:41.870188,SPNG,25.79,25.85,26.18,2338000.0,1404200.0
1.0,1.0,1.0,,Welcome to the RITC 2026 Alogithmic Market Making Case - practice server,,191,2026-02-01 07:09:41.870188,SMMR,24.81,24.84,25.01,1777600.0,2235800.0
,,,,,,191,2026-02-01 07:09:41.870188,ATMN,24.62,24.28,24.29,2283600.0,1898800.0
,,,,,,191,2026-02-01 07:09:41.870188,WNTR,25.11,25.15,25.2,2271900.0,1554000.0
2.0,1.0,1.0,,Aggregate Position Limit,Your CRO has set the aggregate position limit to 11000 shares for this week.,192,2026-02-01 07:09:42.888133,SPNG,25.79,25.85,26.18,2408700.0,1501600.0
1.0,1.0,1.0,,Welcome to the RITC 2026 Alogithmic Market Making Case - practice server,,192,2026-02-01 07:09:42.888133,SMMR,24.95,24.84,24.95,1887300.0,2258900.0
,,,,,,192,2026-02-01 07:09:42.888133,ATMN,24.29,24.28,24.29,2398900.0,2021100.0
,,,,,,192,2026-02-01 07:09:42.888133,WNTR,25.2,25.11,25.2,2278200.0,1424800.0
2.0,1.0,1.0,,Aggregate Position Limit,Your CRO has set the aggregate position limit to 11000 shares for this week.,193,2026-02-01 07:09:43.947975,SPNG,26.09,25.85,26.09,2408700.0,1622800.0
1.0,1.0,1.0,,Welcome to the RITC 2026 Alogithmic Market Making Case - practice server,,193,2026-02-01 07:09:43.947975,SMMR,24.95,24.84,24.95,2238100.0,2263500.0
,,,,,,193,2026-02-01 07:09:43.947975,ATMN,24.28,24.28,24.35,2398900.0,1895900.0
,,,,,,193,2026-02-01 07:09:43.947975,WNTR,25.2,25.11,25.2,2278200.0,1774800.0
2.0,1.0,1.0,,Aggregate Position Limit,Your CRO has set the aggregate position limit to 11000 shares for this week.,194,2026-02-01 07:09:44.971906,SPNG,26.18,26.32,26.47,2343100.0,1503300.0
1.0,1.0,1.0,,Welcome to the RITC 2026 Alogithmic Market Making Case - practice server,,194,2026-02-01 07:09:44.971906,SMMR,24.81,24.81,24.95,2243000.0,2263500.0
,,,,,,194,2026-02-01 07:09:44.971906,ATMN,24.51,24.28,24.32,2398900.0,1985000.0
,,,,,,194,2026-02-01 07:09:44.971906,WNTR,25.2,25.11,25.2,2221800.0,1862900.0
2.0,1.0,1.0,,Aggregate Position Limit,Your CRO has set the aggregate position limit to 11000 shares for this week.,195,2026-02-01 07:09:46.007788,SPNG,25.85,25.85,26.47,2394100.0,1677500.0
1.0,1.0,1.0,,Welcome to the RITC 2026 Alogithmic Market Making Case - practice server,,195,2026-02-01 07:09:46.007788,SMMR,25.01,25.01,25.03,2373900.0,2216200.0
,,,,,,195,2026-02-01 07:09:46.007788,ATMN,24.51,24.28,24.32,2339000.0,1895600.0
,,,,,,195,2026-02-01 07:09:46.007788,WNTR,25.2,25.11,25.12,2197500.0,2065000.0
2.0,1.0,1.0,,Aggregate Position Limit,Your CRO has set the aggregate position limit to 11000 shares for this week.,196,2026-02-01 07:09:47.028105,SPNG,26.49,25.85,26.49,2394100.0,1592300.0
1.0,1.0,1.0,,Welcome to the RITC 2026 Alogithmic Market Making Case - practice server,,196,2026-02-01 07:09:47.028105,SMMR,24.99,24.99,25.03,2365100.0,2236100.0
,,,,,,196,2026-02-01 07:09:47.028105,ATMN,24.51,24.37,24.51,2339200.0,2047300.0
,,,,,,196,2026-02-01 07:09:47.028105,WNTR,25.2,25.11,25.19,2197500.0,2073100.0
2.0,1.0,1.0,,Aggregate Position Limit,Your CRO has set the aggregate position limit to 11000 shares for this week.,197,2026-02-01 07:09:48.077994,SPNG,26.49,25.85,26.15,2394100.0,1808200.0
1.0,1.0,1.0,,Welcome to the RITC 2026 Alogithmic Market Making Case - practice server,,197,2026-02-01 07:09:48.077994,SMMR,24.99,24.82,24.84,2317900.0,2233100.0
,,,,,,197,2026-02-01 07:09:48.077994,ATMN,24.28,24.2,24.27,2354200.0,2077200.0
,,,,,,197,2026-02-01 07:09:48.077994,WNTR,25.15,25.15,25.19,2195800.0,2185400.0
2.0,1.0,1.0,,Aggregate Position Limit,Your CRO has set the aggregate position limit to 11000 shares for this week.,198,2026-02-01 07:09:49.113787,SPNG,25.85,25.85,26.15,2394100.0,1808200.0
1.0,1.0,1.0,,Welcome to the RITC 2026 Alogithmic Market Making Case - practice server,,198,2026-02-01 07:09:49.113787,SMMR,24.82,24.82,25.05,2317900.0,2266100.0
,,,,,,198,2026-02-01 07:09:49.113787,ATMN,24.55,24.27,24.55,2306300.0,1998800.0
,,,,,,198,2026-02-01 07:09:49.113787,WNTR,25.11,25.11,25.19,2197500.0,2192500.0
2.0,1.0,1.0,,Aggregate Position Limit,Your CRO has set the aggregate position limit to 11000 shares for this week.,199,2026-02-01 07:09:50.138157,SPNG,26.54,26.24,26.54,2284000.0,1582400.0
1.0,1.0,1.0,,Welcome to the RITC 2026 Alogithmic Market Making Case - practice server,,199,2026-02-01 07:09:50.138157,SMMR,25.05,24.9,24.95,2316000.0,2303000.0
,,,,,,199,2026-02-01 07:09:50.138157,ATMN,24.56,24.27,24.56,2306300.0,1955400.0
,,,,,,199,2026-02-01 07:09:50.138157,WNTR,25.11,25.12,25.19,2190700.0,2179500.0
2.0,1.0,1.0,,Aggregate Position Limit,Your CRO has set the aggregate position limit to 11000 shares for this week.,200,2026-02-01 07:09:51.174949,SPNG,26.24,26.24,26.52,2284000.0,1793700.0
1.0,1.0,1.0,,Welcome to the RITC 2026 Alogithmic Market Making Case - practice server,,200,2026-02-01 07:09:51.174949,SMMR,24.95,24.9,24.95,2316000.0,2271600.0
,,,,,,200,2026-02-01 07:09:51.174949,ATMN,24.56,24.2,24.56,2334400.0,2015800.0
,,,,,,200,2026-02-01 07:09:51.174949,WNTR,25.11,25.18,25.19,2214100.0,2179500.0
2.0,1.0,1.0,,Aggregate Position Limit,Your CRO has set the aggregate position limit to 11000 shares for this week.,201,2026-02-01 07:09:52.204870,SPNG,25.81,26.05,26.52,2406700.0,1896000.0
1.0,1.0,1.0,,Welcome to the RITC 2026 Alogithmic Market Making Case - practice server,,201,2026-02-01 07:09:52.204870,SMMR,25.09,24.81,25.09,2334800.0,2258000.0
,,,,,,201,2026-02-01 07:09:52.204870,ATMN,24.56,24.26,24.56,2331000.0,2004000.0
,,,,,,201,2026-02-01 07:09:52.204870,WNTR,25.22,25.18,25.22,2214100.0,2182300.0
2.0,1.0,1.0,,Aggregate Position Limit,Your CRO has set the aggregate position limit to 11000 shares for this week.,202,2026-02-01 07:09:53.237994,SPNG,25.77,25.77,26.52,2392900.0,1896000.0
1.0,1.0,1.0,,Welcome to the RITC 2026 Alogithmic Market Making Case - practice server,,202,2026-02-01 07:09:53.237994,SMMR,24.91,24.94,25.09,2365000.0,2258000.0
,,,,,,202,2026-02-01 07:09:53.237994,ATMN,24.56,24.33,24.52,2277300.0,2030800.0
,,,,,,202,2026-02-01 07:09:53.237994,WNTR,25.24,25.18,25.24,2214100.0,2206300.0
2.0,1.0,1.0,,Aggregate Position Limit,Your CRO has set the aggregate position limit to 11000 shares for this week.,203,2026-02-01 07:09:54.271287,SPNG,25.77,25.77,26.22,2392900.0,2008600.0
1.0,1.0,1.0,,Welcome to the RITC 2026 Alogithmic Market Making Case - practice server,,203,2026-02-01 07:09:54.271287,SMMR,24.94,24.94,25.12,2365000.0,2276900.0
,,,,,,203,2026-02-01 07:09:54.271287,ATMN,24.2,24.25,24.52,2266700.0,2030800.0
,,,,,,203,2026-02-01 07:09:54.271287,WNTR,25.18,25.18,25.24,2191800.0,2164200.0
2.0,1.0,1.0,,Aggregate Position Limit,Your CRO has set the aggregate position limit to 11000 shares for this week.,204,2026-02-01 07:09:55.282729,SPNG,25.77,25.96,26.22,2393100.0,2008600.0
