news_id,period,tick,ticker,headline,body,tick,timestamp,ticker,last_price,bid_price,ask_price,BUY_ANON,SELL_ANON,SELL_LUIS-3,BUY_LUIS-3,SELL_CALG-1,BUY_CALG-1,SELL_LUIS-2,BUY_LUIS-2
2.0,1.0,1.0,,Aggregate Position Limit,Your CRO has set the aggregate position limit to 10000 shares for this week.,1,2026-02-01 08:02:14.601024,SPNG,25.11,24.97,25.11,2177100.0,2194900.0,0,0,0,0,0,0
1.0,1.0,1.0,,Welcome to the RITC 2026 Alogithmic Market Making Case - practice server,,1,2026-02-01 08:02:14.601024,SMMR,25.07,24.97,25.07,1877900.0,2298400.0,0,0,0,0,0,0
,,,,,,1,2026-02-01 08:02:14.601024,ATMN,24.85,24.85,25.03,2225600.0,1699900.0,0,0,0,0,0,0
,,,,,,1,2026-02-01 08:02:14.601024,WNTR,24.98,24.79,24.82,2060000.0,2310500.0,0,0,0,0,0,0
2.0,1.0,1.0,,Aggregate Position Limit,Your CRO has set the aggregate position limit to 10000 shares for this week.,2,2026-02-01 08:02:15.623914,SPNG,24.97,24.97,25.11,2177100.0,2183200.0,0,0,0,0,0,0
1.0,1.0,1.0,,Welcome to the RITC 2026 Alogithmic Market Making Case - practice server,,2,2026-02-01 08:02:15.623914,SMMR,24.97,24.97,25.09,1967600.0,2313600.0,0,0,0,0,0,0
,,,,,,2,2026-02-01 08:02:15.623914,ATMN,25.03,24.91,25.03,2269800.0,1699900.0,0,0,0,0,0,0
,,,,,,2,2026-02-01 08:02:15.623914,WNTR,25.0,24.95,25.0,2187300.0,2171700.0,0,0,0,0,0,0
2.0,1.0,1.0,,Aggregate Position Limit,Your CRO has set the aggregate position limit to 10000 shares for this week.,3,2026-02-01 08:02:16.662959,SPNG,25.11,24.79,25.11,2163100.0,2183200.0,0,0,0,0,0,0
1.0,1.0,1.0,,Welcome to the RITC 2026 Alogithmic Market Making Case - practice server,,3,2026-02-01 08:02:16.662959,SMMR,25.09,24.96,25.06,1858900.0,2326500.0,0,0,0,0,0,0
,,,,,,3,2026-02-01 08:02:16.662959,ATMN,25.03,25.01,25.03,2245900.0,1795800.0,0,0,0,0,0,0
,,,,,,3,2026-02-01 08:02:16.662959,WNTR,25.0,24.95,25.0,2187300.0,2275000.0,0,0,0,0,0,0
2.0,1.0,1.0,,Aggregate Position Limit,Your CRO has set the aggregate position limit to 10000 shares for this week.,4,2026-02-01 08:02:17.687774,SPNG,25.11,25.07,25.11,2160000.0,2207600.0,0,0,0,0,0,0
1.0,1.0,1.0,,Welcome to the RITC 2026 Alogithmic Market Making Case - practice server,,4,2026-02-01 08:02:17.687774,SMMR,25.09,25.03,25.06,2198100.0,2326500.0,0,0,0,0,0,0
,,,,,,4,2026-02-01 08:02:17.687774,ATMN,25.01,25.01,25.08,2245900.0,1897300.0,0,0,0,0,0,0
,,,,,,4,2026-02-01 08:02:17.687774,WNTR,25.0,25.01,25.07,2220700.0,2271300.0,0,0,0,0,0,0
2.0,1.0,1.0,,Aggregate Position Limit,Your CRO has set the aggregate position limit to 10000 shares for this week.,5,2026-02-01 08:02:18.707893,SPNG,25.17,25.07,25.14,2160000.0,2238300.0,0,0,0,0,0,0
1.0,1.0,1.0,,Welcome to the RITC 2026 Alogithmic Market Making Case - practice server,,5,2026-02-01 08:02:18.707893,SMMR,25.03,25.03,25.06,2205500.0,2326500.0,0,0,0,0,0,0
,,,,,,5,2026-02-01 08:02:18.707893,ATMN,25.22,25.13,25.22,2231700.0,1909000.0,0,0,0,0,0,0
,,,,,,5,2026-02-01 08:02:18.707893,WNTR,24.88,24.88,25.06,2212300.0,2251400.0,0,0,0,0,0,0
2.0,1.0,1.0,,Aggregate Position Limit,Your CRO has set the aggregate position limit to 10000 shares for this week.,6,2026-02-01 08:02:19.734577,SPNG,24.55,24.55,25.14,2049000.0,2194800.0,0,0,0,0,0,0
1.0,1.0,1.0,,Welcome to the RITC 2026 Alogithmic Market Making Case - practice server,,6,2026-02-01 08:02:19.734577,SMMR,24.91,24.91,25.06,1867000.0,2288900.0,0,0,0,0,0,0
,,,,,,6,2026-02-01 08:02:19.734577,ATMN,25.01,25.01,25.15,2245900.0,2117000.0,0,0,0,0,0,0
,,,,,,6,2026-02-01 08:02:19.734577,WNTR,25.06,25.06,25.07,2281700.0,2275300.0,0,0,0,0,0,0
2.0,1.0,1.0,,Aggregate Position Limit,Your CRO has set the aggregate position limit to 10000 shares for this week.,7,2026-02-01 08:02:20.764565,SPNG,25.14,24.77,25.14,2166700.0,2194800.0,0,0,0,0,0,0
1.0,1.0,1.0,,Welcome to the RITC 2026 Alogithmic Market Making Case - practice server,,7,2026-02-01 08:02:20.764565,SMMR,25.06,24.98,25.06,2061600.0,2261000.0,0,0,0,0,0,0
,,,,,,7,2026-02-01 08:02:20.764565,ATMN,25.01,24.91,25.01,2257500.0,2145800.0,0,0,0,0,0,0
,,,,,,7,2026-02-01 08:02:20.764565,WNTR,25.07,25.1,25.15,2309300.0,2264300.0,0,0,0,0,0,0
2.0,1.0,1.0,,Aggregate Position Limit,Your CRO has set the aggregate position limit to 10000 shares for this week.,8,2026-02-01 08:02:21.794596,SPNG,25.14,24.77,25.14,2173100.0,2194800.0,0,0,0,0,0,0
1.0,1.0,1.0,,Welcome to the RITC 2026 Alogithmic Market Making Case - practice server,,8,2026-02-01 08:02:21.794596,SMMR,25.01,25.01,25.06,2190600.0,2247900.0,0,0,0,0,0,0
,,,,,,8,2026-02-01 08:02:21.794596,ATMN,24.99,24.91,24.99,2232400.0,2148400.0,0,0,0,0,0,0
,,,,,,8,2026-02-01 08:02:21.794596,WNTR,25.06,25.06,25.15,2262300.0,2255000.0,0,0,0,0,0,0
2.0,1.0,1.0,,Aggregate Position Limit,Your CRO has set the aggregate position limit to 10000 shares for this week.,9,2026-02-01 08:02:22.834901,SPNG,25.14,24.77,24.8,2173100.0,2234200.0,0,0,0,0,0,0
1.0,1.0,1.0,,Welcome to the RITC 2026 Alogithmic Market Making Case - practice server,,9,2026-02-01 08:02:22.834901,SMMR,25.03,25.03,25.09,2223700.0,2266600.0,0,0,0,0,0,0
,,,,,,9,2026-02-01 08:02:22.834901,ATMN,25.15,24.78,25.12,2256200.0,2133100.0,0,0,0,0,0,0
,,,,,,9,2026-02-01 08:02:22.834901,WNTR,24.93,25.0,25.15,2234600.0,2255000.0,0,0,0,0,0,0
2.0,1.0,1.0,,Aggregate Position Limit,Your CRO has set the aggregate position limit to 10000 shares for this week.,10,2026-02-01 08:02:23.870776,SPNG,25.15,24.77,24.99,2173100.0,2218400.0,0,0,0,0,0,0
1.0,1.0,1.0,,Welcome to the RITC 2026 Alogithmic Market Making Case - practice server,,10,2026-02-01 08:02:23.870776,SMMR,24.91,24.91,25.09,2179000.0,2266600.0,0,0,0,0,0,0
,,,,,,10,2026-02-01 08:02:23.870776,ATMN,25.12,24.76,25.12,2235900.0,2168800.0,0,0,0,0,0,0
,,,,,,10,2026-02-01 08:02:23.870776,WNTR,24.91,24.91,24.93,2223200.0,2267100.0,0,0,0,0,0,0
2.0,1.0,1.0,,Aggregate Position Limit,Your CRO has set the aggregate position limit to 10000 shares for this week.,11,2026-02-01 08:02:24.902735,SPNG,25.15,24.96,24.99,2205900.0,2218400.0,0,0,0,0,0,0
1.0,1.0,1.0,,Welcome to the RITC 2026 Alogithmic Market Making Case - practice server,,11,2026-02-01 08:02:24.902735,SMMR,24.92,24.92,25.01,2209600.0,2265900.0,0,0,0,0,0,0
,,,,,,11,2026-02-01 08:02:24.902735,ATMN,24.86,25.03,25.12,2260600.0,2168800.0,0,0,0,0,0,0
,,,,,,11,2026-02-01 08:02:24.902735,WNTR,24.93,25.1,25.15,2249600.0,2273700.0,0,0,0,0,0,0
2.0,1.0,1.0,,Aggregate Position Limit,Your CRO has set the aggregate position limit to 10000 shares for this week.,12,2026-02-01 08:02:25.934666,SPNG,24.96,24.96,24.99,2205900.0,2212600.0,0,0,0,0,0,0
1.0,1.0,1.0,,Welcome to the RITC 2026 Alogithmic Market Making Case - practice server,,12,2026-02-01 08:02:25.934666,SMMR,24.92,25.0,25.01,2232100.0,2282900.0,0,0,0,0,0,0
,,,,,,12,2026-02-01 08:02:25.934666,ATMN,24.86,25.03,25.12,2260600.0,2136900.0,0,0,0,0,0,0
,,,,,,12,2026-02-01 08:02:25.934666,WNTR,24.91,24.88,24.91,2252700.0,2283700.0,0,0,0,0,0,0
2.0,1.0,1.0,,Aggregate Position Limit,Your CRO has set the aggregate position limit to 10000 shares for this week.,13,2026-02-01 08:02:26.974952,SPNG,24.77,24.57,24.62,2170700.0,2191300.0,0,0,0,0,0,0
1.0,1.0,1.0,,Welcome to the RITC 2026 Alogithmic Market Making Case - practice server,,13,2026-02-01 08:02:26.974952,SMMR,25.12,25.05,25.12,2242600.0,2254800.0,0,0,0,0,0,0
,,,,,,13,2026-02-01 08:02:26.974952,ATMN,24.86,25.03,25.08,2232000.0,2162500.0,0,0,0,0,0,0
,,,,,,13,2026-02-01 08:02:26.974952,WNTR,24.91,24.88,24.91,2270500.0,2283700.0,0,0,0,0,0,0
2.0,1.0,1.0,,Aggregate Position Limit,Your CRO has set the aggregate position limit to 10000 shares for this week.,14,2026-02-01 08:02:28.000901,SPNG,24.62,25.13,25.17,2177500.0,2186800.0,0,0,0,0,0,0
1.0,1.0,1.0,,Welcome to the RITC 2026 Alogithmic Market Making Case - practice server,,14,2026-02-01 08:02:28.000901,SMMR,25.13,25.05,25.08,2242600.0,2287500.0,0,0,0,0,0,0
,,,,,,14,2026-02-01 08:02:28.000901,ATMN,24.83,24.83,24.91,2244600.0,2202300.0,0,0,0,0,0,0
,,,,,,14,2026-02-01 08:02:28.000901,WNTR,24.85,24.96,25.15,2270800.0,2273700.0,0,0,0,0,0,0
2.0,1.0,1.0,,Aggregate Position Limit,Your CRO has set the aggregate position limit to 10000 shares for this week.,15,2026-02-01 08:02:29.050785,SPNG,24.88,24.57,24.84,2169200.0,2223000.0,0,0,0,0,0,0
1.0,1.0,1.0,,Welcome to the RITC 2026 Alogithmic Market Making Case - practice server,,15,2026-02-01 08:02:29.050785,SMMR,25.14,25.05,25.07,2242600.0,2286400.0,0,0,0,0,0,0
,,,,,,15,2026-02-01 08:02:29.050785,ATMN,24.75,24.75,24.91,2221400.0,2194200.0,0,0,0,0,0,0
,,,,,,15,2026-02-01 08:02:29.050785,WNTR,25.16,24.85,25.16,2308000.0,2276300.0,0,0,0,0,0,0
2.0,1.0,1.0,,Aggregate Position Limit,Your CRO has set the aggregate position limit to 10000 shares for this week.,16,2026-02-01 08:02:30.074698,SPNG,24.88,24.71,24.84,2189300.0,2223000.0,0,0,0,0,0,0
1.0,1.0,1.0,,Welcome to the RITC 2026 Alogithmic Market Making Case - practice server,,16,2026-02-01 08:02:30.074698,SMMR,25.14,25.05,25.14,2217300.0,2343700.0,0,0,0,0,0,0
,,,,,,16,2026-02-01 08:02:30.074698,ATMN,24.91,24.7,24.91,2187000.0,2219200.0,0,0,0,0,0,0
,,,,,,16,2026-02-01 08:02:30.074698,WNTR,25.16,25.08,25.16,2330400.0,2276300.0,0,0,0,0,0,0
2.0,1.0,1.0,,Aggregate Position Limit,Your CRO has set the aggregate position limit to 10000 shares for this week.,17,2026-02-01 08:02:31.115685,SPNG,24.84,25.1,25.13,2202600.0,2202800.0,0,0,0,0,0,0
1.0,1.0,1.0,,Welcome to the RITC 2026 Alogithmic Market Making Case - practice server,,17,2026-02-01 08:02:31.115685,SMMR,25.05,25.05,25.14,2217300.0,2318700.0,0,0,0,0,0,0
,,,,,,17,2026-02-01 08:02:31.115685,ATMN,24.92,24.76,24.92,2193700.0,2206500.0,0,0,0,0,0,0
,,,,,,17,2026-02-01 08:02:31.115685,WNTR,24.85,24.85,25.08,2329300.0,2295500.0,0,0,0,0,0,0
2.0,1.0,1.0,,Aggregate Position Limit,Your CRO has set the aggregate position limit to 10000 shares for this week.,19,2026-02-01 08:02:32.168388,SPNG,24.84,25.1,25.13,2202600.0,2206900.0,0,0,0,0,0,0
1.0,1.0,1.0,,Welcome to the RITC 2026 Alogithmic Market Making Case - practice server,,19,2026-02-01 08:02:32.168388,SMMR,25.0,25.02,25.14,2198100.0,2354100.0,0,0,0,0,0,0
,,,,,,19,2026-02-01 08:02:32.168388,ATMN,24.92,25.01,25.08,2171600.0,2223300.0,0,0,0,0,0,0
,,,,,,19,2026-02-01 08:02:32.168388,WNTR,24.89,24.85,24.89,2329300.0,2321600.0,0,0,0,0,0,0
2.0,1.0,1.0,,Aggregate Position Limit,Your CRO has set the aggregate position limit to 10000 shares for this week.,20,2026-02-01 08:02:33.209212,SPNG,24.71,24.71,25.13,2245600.0,2229900.0,0,0,0,0,0,0
1.0,1.0,1.0,,Welcome to the RITC 2026 Alogithmic Market Making Case - practice server,,20,2026-02-01 08:02:33.209212,SMMR,25.02,25.02,25.17,2198100.0,2327100.0,0,0,0,0,0,0
,,,,,,20,2026-02-01 08:02:33.209212,ATMN,24.86,24.86,24.97,2174900.0,2205800.0,0,0,0,0,0,0
,,,,,,20,2026-02-01 08:02:33.209212,WNTR,24.89,25.05,25.08,2314200.0,2295500.0,0,0,0,0,0,0
2.0,1.0,1.0,,Aggregate Position Limit,Your CRO has set the aggregate position limit to 10000 shares for this week.,21,2026-02-01 08:02:34.234863,SPNG,24.71,24.79,25.13,2239000.0,2229900.0,0,0,0,0,0,0
1.0,1.0,1.0,,Welcome to the RITC 2026 Alogithmic Market Making Case - practice server,,21,2026-02-01 08:02:34.234863,SMMR,25.18,25.02,25.18,2198600.0,2308400.0,0,0,0,0,0,0
,,,,,,21,2026-02-01 08:02:34.234863,ATMN,24.89,24.86,24.89,2159600.0,2210100.0,0,0,0,0,0,0
,,,,,,21,2026-02-01 08:02:34.234863,WNTR,24.85,24.85,25.08,2341700.0,2295500.0,0,0,0,0,0,0
2.0,1.0,1.0,,Aggregate Position Limit,Your CRO has set the aggregate position limit to 10000 shares for this week.,22,2026-02-01 08:02:35.245066,SPNG,24.71,25.04,25.13,2233500.0,2258300.0,0,0,0,0,0,0
1.0,1.0,1.0,,Welcome to the RITC 2026 Alogithmic Market Making Case - practice server,,22,2026-02-01 08:02:35.245066,SMMR,25.18,25.02,25.18,2198600.0,2306900.0,0,0,0,0,0,0
,,,,,,22,2026-02-01 08:02:35.245066,ATMN,24.89,24.96,25.08,2137600.0,2204200.0,0,0,0,0,0,0
,,,,,,22,2026-02-01 08:02:35.245066,WNTR,25.11,25.11,25.16,2298900.0,2276300.0,0,0,0,0,0,0
2.0,1.0,1.0,,Aggregate Position Limit,Your CRO has set the aggregate position limit to 10000 shares for this week.,23,2026-02-01 08:02:36.273864,SPNG,25.1,25.04,25.1,2233500.0,2285300.0,0,0,0,0,0,0
1.0,1.0,1.0,,Welcome to the RITC 2026 Alogithmic Market Making Case - practice server,,23,2026-02-01 08:02:36.273864,SMMR,25.0,25.0,25.06,2190700.0,2303900.0,0,0,0,0,0,0
,,,,,,23,2026-02-01 08:02:36.273864,ATMN,24.81,24.81,25.08,2154800.0,2204200.0,0,0,0,0,0,0
,,,,,,23,2026-02-01 08:02:36.273864,WNTR,25.16,24.83,25.16,2378000.0,2276300.0,0,0,0,0,0,0
2.0,1.0,1.0,,Aggregate Position Limit,Your CRO has set the aggregate position limit to 10000 shares for this week.,24,2026-02-01 08:02:37.308432,SPNG,25.1,25.04,25.1,2232000.0,2285300.0,0,0,0,0,0,0
1.0,1.0,1.0,,Welcome to the RITC 2026 Alogithmic Market Making Case - practice server,,24,2026-02-01 08:02:37.308432,SMMR,25.0,25.0,25.06,2205300.0,2320300.0,0,0,0,0,0,0
,,,,,,24,2026-02-01 08:02:37.308432,ATMN,24.94,24.81,24.94,2180900.0,2236900.0,0,0,0,0,0,0
,,,,,,24,2026-02-01 08:02:37.308432,WNTR,24.79,24.79,24.81,2391100.0,2310800.0,0,0,0,0,0,0
2.0,1.0,1.0,,Aggregate Position Limit,Your CRO has set the aggregate position limit to 10000 shares for this week.,25,2026-02-01 08:02:38.341990,SPNG,25.1,25.04,25.1,2206700.0,2285300.0,0,0,0,0,0,0
1.0,1.0,1.0,,Welcome to the RITC 2026 Alogithmic Market Making Case - practice server,,25,2026-02-01 08:02:38.341990,SMMR,25.0,25.0,25.06,2225700.0,2326400.0,0,0,0,0,0,0
,,,,,,25,2026-02-01 08:02:38.341990,ATMN,24.75,24.75,24.94,2189700.0,2247100.0,0,0,0,0,0,0
,,,,,,25,2026-02-01 08:02:38.341990,WNTR,24.81,24.79,24.81,2387700.0,2310800.0,0,0,0,0,0,0
2.0,1.0,1.0,,Aggregate Position Limit,Your CRO has set the aggregate position limit to 10000 shares for this week.,26,2026-02-01 08:02:39.362908,SPNG,24.92,24.92,25.1,2186900.0,2298900.0,0,0,0,0,0,0
1.0,1.0,1.0,,Welcome to the RITC 2026 Alogithmic Market Making Case - practice server,,26,2026-02-01 08:02:39.362908,SMMR,24.99,24.99,25.06,2270200.0,2326400.0,0,0,0,0,0,0
,,,,,,26,2026-02-01 08:02:39.362908,ATMN,24.97,24.75,24.97,2196500.0,2218100.0,0,0,0,0,0,0
,,,,,,26,2026-02-01 08:02:39.362908,WNTR,25.09,24.79,24.84,2352200.0,2309300.0,0,0,0,0,0,0
2.0,1.0,1.0,,Aggregate Position Limit,Your CRO has set the aggregate position limit to 10000 shares for this week.,27,2026-02-01 08:02:40.396248,SPNG,25.13,25.04,25.13,2177700.0,2269900.0,0,0,0,0,0,0
1.0,1.0,1.0,,Welcome to the RITC 2026 Alogithmic Market Making Case - practice server,,27,2026-02-01 08:02:40.396248,SMMR,24.98,24.98,25.06,2284900.0,2264900.0,0,0,0,0,0,0
,,,,,,27,2026-02-01 08:02:40.396248,ATMN,24.97,24.75,24.89,2231700.0,2231900.0,0,0,0,0,0,0
,,,,,,27,2026-02-01 08:02:40.396248,WNTR,24.79,25.08,25.16,2351000.0,2276300.0,0,0,0,0,0,0
2.0,1.0,1.0,,Aggregate Position Limit,Your CRO has set the aggregate position limit to 10000 shares for this week.,28,2026-02-01 08:02:41.420511,SPNG,25.13,25.04,25.13,2177700.0,2287100.0,0,0,0,0,0,0
1.0,1.0,1.0,,Welcome to the RITC 2026 Alogithmic Market Making Case - practice server,,28,2026-02-01 08:02:41.420511,SMMR,25.09,24.94,25.09,2259200.0,2272900.0,0,0,0,0,0,0
,,,,,,28,2026-02-01 08:02:41.420511,ATMN,24.98,24.75,24.98,2231700.0,2223200.0,0,0,0,0,0,0
,,,,,,28,2026-02-01 08:02:41.420511,WNTR,24.95,24.95,25.16,2325800.0,2276300.0,0,0,0,0,0,0
2.0,1.0,1.0,,Aggregate Position Limit,Your CRO has set the aggregate position limit to 10000 shares for this week.,29,2026-02-01 08:02:42.460004,SPNG,24.92,24.92,25.13,2196600.0,2298600.0,0,0,0,0,0,0
1.0,1.0,1.0,,Welcome to the RITC 2026 Alogithmic Market Making Case - practice server,,29,2026-02-01 08:02:42.460004,SMMR,25.12,25.09,25.12,2264400.0,2282500.0,0,0,0,0,0,0
,,,,,,29,2026-02-01 08:02:42.460004,ATMN,24.98,24.78,24.98,2263100.0,2223200.0,0,0,0,0,0,0
,,,,,,29,2026-02-01 08:02:42.460004,WNTR,24.99,24.95,24.99,2315500.0,2317900.0,0,0,0,0,0,0
2.0,1.0,1.0,,Aggregate Position Limit,Your CRO has set the aggregate position limit to 10000 shares for this week.,30,2026-02-01 08:02:43.503686,SPNG,25.13,24.87,25.13,2225800.0,2298600.0,0,0,0,0,0,0
1.0,1.0,1.0,,Welcome to the RITC 2026 Alogithmic Market Making Case - practice server,,30,2026-02-01 08:02:43.503686,SMMR,25.12,25.09,25.12,2264400.0,2230500.0,0,0,0,0,0,0
,,,,,,30,2026-02-01 08:02:43.503686,ATMN,25.03,24.78,24.94,2280600.0,2209900.0,0,0,0,0,0,0
,,,,,,30,2026-02-01 08:02:43.503686,WNTR,25.04,24.95,25.0,2324400.0,2294900.0,0,0,0,0,0,0
2.0,1.0,1.0,,Aggregate Position Limit,Your CRO has set the aggregate position limit to 10000 shares for this week.,31,2026-02-01 08:02:44.534773,SPNG,24.87,24.87,25.13,2242200.0,2298600.0,0,0,0,0,0,0
1.0,1.0,1.0,,Welcome to the RITC 2026 Alogithmic Market Making Case - practice server,,31,2026-02-01 08:02:44.534773,SMMR,25.09,24.94,24.97,2259200.0,2196500.0,0,0,0,0,0,0
,,,,,,31,2026-02-01 08:02:44.534773,ATMN,25.03,24.78,24.88,2280600.0,2196400.0,0,0,0,0,0,0
,,,,,,31,2026-02-01 08:02:44.534773,WNTR,24.98,24.98,25.12,2331400.0,2300800.0,0,0,0,0,0,0
2.0,1.0,1.0,,Aggregate Position Limit,Your CRO has set the aggregate position limit to 10000 shares for this week.,32,2026-02-01 08:02:45.562295,SPNG,25.17,25.18,25.22,2211700.0,2276400.0,0,0,0,0,0,0
1.0,1.0,1.0,,Welcome to the RITC 2026 Alogithmic Market Making Case - practice server,,32,2026-02-01 08:02:45.562295,SMMR,24.97,25.0,25.02,2235000.0,2194600.0,0,0,0,0,0,0
,,,,,,32,2026-02-01 08:02:45.562295,ATMN,24.75,24.75,24.88,2283500.0,2196400.0,0,0,0,0,0,0
,,,,,,32,2026-02-01 08:02:45.562295,WNTR,25.16,24.98,25.04,2331400.0,2248100.0,0,0,0,0,0,0
2.0,1.0,1.0,,Aggregate Position Limit,Your CRO has set the aggregate position limit to 10000 shares for this week.,33,2026-02-01 08:02:46.594906,SPNG,25.23,24.87,25.23,2242200.0,2264700.0,0,0,0,0,0,0
1.0,1.0,1.0,,Welcome to the RITC 2026 Alogithmic Market Making Case - practice server,,33,2026-02-01 08:02:46.594906,SMMR,25.12,24.89,25.12,2182000.0,2230500.0,0,0,0,0,0,0
,,,,,,33,2026-02-01 08:02:46.594906,ATMN,25.04,24.75,25.04,2283500.0,2206500.0,0,0,0,0,0,0
,,,,,,33,2026-02-01 08:02:46.594906,WNTR,25.08,24.98,25.07,2347500.0,2282700.0,0,0,0,0,0,0
2.0,1.0,1.0,,Aggregate Position Limit,Your CRO has set the aggregate position limit to 10000 shares for this week.,34,2026-02-01 08:02:47.614733,SPNG,24.79,24.88,25.23,2233600.0,2264700.0,0,0,0,0,0,0
1.0,1.0,1.0,,Welcome to the RITC 2026 Alogithmic Market Making Case - practice server,,34,2026-02-01 08:02:47.614733,SMMR,25.12,24.89,24.93,2182000.0,2194800.0,0,0,0,0,0,0
,,,,,,34,2026-02-01 08:02:47.614733,ATMN,24.84,24.84,25.04,2297000.0,2206500.0,0,0,0,0,0,0
,,,,,,34,2026-02-01 08:02:47.614733,WNTR,24.92,24.92,25.07,2359200.0,2282700.0,0,0,0,0,0,0
2.0,1.0,1.0,,Aggregate Position Limit,Your CRO has set the aggregate position limit to 10000 shares for this week.,35,2026-02-01 08:02:48.634962,SPNG,24.79,24.79,25.28,2216400.0,2234900.0,0,0,0,0,0,0
1.0,1.0,1.0,,Welcome to the RITC 2026 Alogithmic Market Making Case - practice server,,35,2026-02-01 08:02:48.634962,SMMR,25.07,24.89,25.07,2182000.0,2222200.0,0,0,0,0,0,0
,,,,,,35,2026-02-01 08:02:48.634962,ATMN,24.96,24.96,25.04,2298100.0,2216800.0,0,0,0,0,0,0
,,,,,,35,2026-02-01 08:02:48.634962,WNTR,25.18,25.02,25.18,2344200.0,2268900.0,0,0,0,0,0,0
2.0,1.0,1.0,,Aggregate Position Limit,Your CRO has set the aggregate position limit to 10000 shares for this week.,36,2026-02-01 08:02:49.664763,SPNG,25.26,25.26,25.28,2228300.0,2286200.0,0,0,0,0,0,0
1.0,1.0,1.0,,Welcome to the RITC 2026 Alogithmic Market Making Case - practice server,,36,2026-02-01 08:02:49.664763,SMMR,25.12,24.88,25.12,2185600.0,2230500.0,0,0,0,0,0,0
,,,,,,36,2026-02-01 08:02:49.664763,ATMN,24.75,24.93,25.04,2265600.0,2216800.0,0,0,0,0,0,0
,,,,,,36,2026-02-01 08:02:49.664763,WNTR,25.06,24.92,25.06,2372500.0,2274900.0,0,0,0,0,0,0
2.0,1.0,1.0,,Aggregate Position Limit,Your CRO has set the aggregate position limit to 10000 shares for this week.,37,2026-02-01 08:02:50.674940,SPNG,24.75,24.71,24.72,2244500.0,2281700.0,0,0,0,0,0,0
1.0,1.0,1.0,,Welcome to the RITC 2026 Alogithmic Market Making Case - practice server,,37,2026-02-01 08:02:50.674940,SMMR,25.12,24.97,25.0,2190400.0,2230000.0,0,0,0,0,0,0
,,,,,,37,2026-02-01 08:02:50.674940,ATMN,25.07,24.97,25.07,2245300.0,2215400.0,0,0,0,0,0,0
,,,,,,37,2026-02-01 08:02:50.674940,WNTR,25.18,24.92,25.18,2347500.0,2268900.0,0,0,0,0,0,0
2.0,1.0,1.0,,Aggregate Position Limit,Your CRO has set the aggregate position limit to 10000 shares for this week.,38,2026-02-01 08:02:51.715021,SPNG,25.28,24.71,25.28,2244500.0,2286400.0,0,0,0,0,0,0
1.0,1.0,1.0,,Welcome to the RITC 2026 Alogithmic Market Making Case - practice server,,38,2026-02-01 08:02:51.715021,SMMR,24.97,24.97,25.0,2222600.0,2213500.0,0,0,0,0,0,0
,,,,,,38,2026-02-01 08:02:51.715021,ATMN,24.97,24.97,25.08,2245300.0,2211900.0,0,0,0,0,0,0
,,,,,,38,2026-02-01 08:02:51.715021,WNTR,25.18,25.04,25.18,2324000.0,2281100.0,0,0,0,0,0,0
2.0,1.0,1.0,,Aggregate Position Limit,Your CRO has set the aggregate position limit to 10000 shares for this week.,39,2026-02-01 08:02:52.754833,SPNG,24.85,24.71,24.85,2244500.0,2261400.0,0,0,0,0,0,0
1.0,1.0,1.0,,Welcome to the RITC 2026 Alogithmic Market Making Case - practice server,,39,2026-02-01 08:02:52.754833,SMMR,25.0,24.95,25.0,2200600.0,2207100.0,0,0,0,0,0,0
,,,,,,39,2026-02-01 08:02:52.754833,ATMN,25.08,24.75,25.08,2266100.0,2218400.0,0,0,0,0,0,0
,,,,,,39,2026-02-01 08:02:52.754833,WNTR,24.92,24.92,25.14,2321300.0,2282700.0,0,0,0,0,0,0
2.0,1.0,1.0,,Aggregate Position Limit,Your CRO has set the aggregate position limit to 10000 shares for this week.,40,2026-02-01 08:02:53.793862,SPNG,25.3,24.71,25.3,2228800.0,2262800.0,0,0,0,0,0,0
1.0,1.0,1.0,,Welcome to the RITC 2026 Alogithmic Market Making Case - practice server,,40,2026-02-01 08:02:53.793862,SMMR,25.0,24.85,25.0,2211000.0,2207100.0,0,0,0,0,0,0
,,,,,,40,2026-02-01 08:02:53.793862,ATMN,25.09,25.04,25.09,2269700.0,2204900.0,0,0,0,0,0,0
,,,,,,40,2026-02-01 08:02:53.793862,WNTR,24.82,24.82,25.14,2324600.0,2301600.0,0,0,0,0,0,0
2.0,1.0,1.0,,Aggregate Position Limit,Your CRO has set the aggregate position limit to 10000 shares for this week.,41,2026-02-01 08:02:54.816422,SPNG,25.33,25.2,25.31,2208500.0,2264800.0,0,0,0,0,0,0
1.0,1.0,1.0,,Welcome to the RITC 2026 Alogithmic Market Making Case - practice server,,41,2026-02-01 08:02:54.816422,SMMR,25.12,24.84,25.12,2214500.0,2231600.0,0,0,0,0,0,0
,,,,,,41,2026-02-01 08:02:54.816422,ATMN,25.07,25.07,25.09,2285200.0,2207600.0,0,0,0,0,0,0
,,,,,,41,2026-02-01 08:02:54.816422,WNTR,24.82,24.82,25.14,2324600.0,2301600.0,0,0,0,0,0,0
2.0,1.0,1.0,,Aggregate Position Limit,Your CRO has set the aggregate position limit to 10000 shares for this week.,42,2026-02-01 08:02:55.830050,SPNG,24.89,25.17,25.31,2197900.0,2264800.0,0,0,0,0,0,0
1.0,1.0,1.0,,Welcome to the RITC 2026 Alogithmic Market Making Case - practice server,,42,2026-02-01 08:02:55.830050,SMMR,25.09,24.84,24.94,2195100.0,2216100.0,0,0,0,0,0,0
,,,,,,42,2026-02-01 08:02:55.830050,ATMN,25.09,25.07,25.09,2299700.0,2168600.0,0,0,0,0,0,0
,,,,,,42,2026-02-01 08:02:55.830050,WNTR,24.83,24.83,25.02,2328000.0,2300500.0,0,0,0,0,0,0
2.0,1.0,1.0,,Aggregate Position Limit,Your CRO has set the aggregate position limit to 10000 shares for this week.,43,2026-02-01 08:02:56.867855,SPNG,25.17,24.71,25.09,2208500.0,2285200.0,0,0,0,0,0,0
1.0,1.0,1.0,,Welcome to the RITC 2026 Alogithmic Market Making Case - practice server,,43,2026-02-01 08:02:56.867855,SMMR,24.94,24.97,25.12,2243000.0,2231600.0,0,0,0,0,0,0
,,,,,,43,2026-02-01 08:02:56.867855,ATMN,25.04,25.04,25.09,2280800.0,2168600.0,0,0,0,0,0,0
,,,,,,43,2026-02-01 08:02:56.867855,WNTR,25.02,25.0,25.02,2296800.0,2303500.0,0,0,0,0,0,0
2.0,1.0,1.0,,Aggregate Position Limit,Your CRO has set the aggregate position limit to 10000 shares for this week.,44,2026-02-01 08:02:57.891996,SPNG,24.64,24.64,25.31,2184100.0,2264800.0,0,0,0,0,0,0
1.0,1.0,1.0,,Welcome to the RITC 2026 Alogithmic Market Making Case - practice server,,44,2026-02-01 08:02:57.891996,SMMR,24.97,25.0,25.12,2242600.0,2231600.0,0,0,0,0,0,0
,,,,,,44,2026-02-01 08:02:57.891996,ATMN,25.15,25.04,25.15,2280800.0,2149200.0,0,0,0,0,0,0
,,,,,,44,2026-02-01 08:02:57.891996,WNTR,25.0,24.83,24.98,2327800.0,2321800.0,0,0,0,0,0,0
2.0,1.0,1.0,,Aggregate Position Limit,Your CRO has set the aggregate position limit to 10000 shares for this week.,45,2026-02-01 08:02:58.927621,SPNG,25.3,24.64,25.1,2184100.0,2275500.0,0,0,0,0,0,0
1.0,1.0,1.0,,Welcome to the RITC 2026 Alogithmic Market Making Case - practice server,,45,2026-02-01 08:02:58.927621,SMMR,24.97,24.97,25.12,2199900.0,2231600.0,0,0,0,0,0,0
,,,,,,45,2026-02-01 08:02:58.927621,ATMN,24.92,25.08,25.16,2258700.0,2154800.0,0,0,0,0,0,0
,,,,,,45,2026-02-01 08:02:58.927621,WNTR,25.02,25.0,25.02,2344800.0,2303500.0,0,0,0,0,0,0
2.0,1.0,1.0,,Aggregate Position Limit,Your CRO has set the aggregate position limit to 10000 shares for this week.,46,2026-02-01 08:02:59.950615,SPNG,25.1,25.22,25.31,2190300.0,2230000.0,0,0,0,0,0,0
1.0,1.0,1.0,,Welcome to the RITC 2026 Alogithmic Market Making Case - practice server,,46,2026-02-01 08:02:59.950615,SMMR,24.99,24.83,24.97,2182500.0,2243600.0,0,0,0,0,0,0
,,,,,,46,2026-02-01 08:02:59.950615,ATMN,25.17,25.08,25.17,2255900.0,2131000.0,0,0,0,0,0,0
,,,,,,46,2026-02-01 08:02:59.950615,WNTR,25.14,24.95,25.14,2326800.0,2293800.0,0,0,0,0,0,0
2.0,1.0,1.0,,Aggregate Position Limit,Your CRO has set the aggregate position limit to 10000 shares for this week.,47,2026-02-01 08:03:00.972806,SPNG,25.22,24.64,25.02,2184100.0,2219700.0,0,0,0,0,0,0
1.0,1.0,1.0,,Welcome to the RITC 2026 Alogithmic Market Making Case - practice server,,47,2026-02-01 08:03:00.972806,SMMR,24.96,24.96,25.12,2206600.0,2236600.0,0,0,0,0,0,0
,,,,,,47,2026-02-01 08:03:00.972806,ATMN,25.17,25.08,25.1,2255900.0,2177800.0,0,0,0,0,0,0
,,,,,,47,2026-02-01 08:03:00.972806,WNTR,25.19,25.06,25.17,2312200.0,2285000.0,0,0,0,0,0,0
2.0,1.0,1.0,,Aggregate Position Limit,Your CRO has set the aggregate position limit to 10000 shares for this week.,48,2026-02-01 08:03:01.999516,SPNG,25.31,24.64,25.31,2163400.0,2222700.0,0,0,0,0,0,0
1.0,1.0,1.0,,Welcome to the RITC 2026 Alogithmic Market Making Case - practice server,,48,2026-02-01 08:03:01.999516,SMMR,25.08,24.96,25.05,2206600.0,2216400.0,0,0,0,0,0,0
,,,,,,48,2026-02-01 08:03:01.999516,ATMN,24.89,24.89,25.07,2284700.0,2183300.0,0,0,0,0,0,0
,,,,,,48,2026-02-01 08:03:01.999516,WNTR,25.19,25.06,25.19,2312200.0,2278700.0,0,0,0,0,0,0
2.0,1.0,1.0,,Aggregate Position Limit,Your CRO has set the aggregate position limit to 10000 shares for this week.,49,2026-02-01 08:03:03.030337,SPNG,25.31,24.88,24.91,2141900.0,2226600.0,0,0,0,0,0,0
1.0,1.0,1.0,,Welcome to the RITC 2026 Alogithmic Market Making Case - practice server,,49,2026-02-01 08:03:03.030337,SMMR,25.13,25.01,25.03,2210900.0,2269400.0,0,0,0,0,0,0
,,,,,,49,2026-02-01 08:03:03.030337,ATMN,25.1,24.89,25.1,2284700.0,2186800.0,0,0,0,0,0,0
,,,,,,49,2026-02-01 08:03:03.030337,WNTR,24.91,24.91,24.99,2340100.0,2267300.0,0,0,0,0,0,0
2.0,1.0,1.0,,Aggregate Position Limit,Your CRO has set the aggregate position limit to 10000 shares for this week.,50,2026-02-01 08:03:04.064995,SPNG,24.91,25.29,25.31,2127700.0,2222700.0,0,0,0,0,0,0
1.0,1.0,1.0,,Welcome to the RITC 2026 Alogithmic Market Making Case - practice server,,50,2026-02-01 08:03:04.064995,SMMR,25.13,25.01,25.03,2250200.0,2269400.0,0,0,0,0,0,0
,,,,,,50,2026-02-01 08:03:04.064995,ATMN,25.1,24.89,25.06,2284700.0,2179000.0,0,0,0,0,0,0
,,,,,,50,2026-02-01 08:03:04.064995,WNTR,24.96,24.91,24.93,2340100.0,2290400.0,0,0,0,0,0,0
2.0,1.0,1.0,,Aggregate Position Limit,Your CRO has set the aggregate position limit to 10000 shares for this week.,51,2026-02-01 08:03:05.093613,SPNG,24.91,25.29,25.31,2127700.0,2196500.0,0,0,0,0,0,0
1.0,1.0,1.0,,Welcome to the RITC 2026 Alogithmic Market Making Case - practice server,,51,2026-02-01 08:03:05.093613,SMMR,25.03,24.88,25.03,2257700.0,2254400.0,0,0,0,0,0,0
,,,,,,51,2026-02-01 08:03:05.093613,ATMN,25.14,24.89,25.14,2284700.0,2194900.0,0,0,0,0,0,0
,,,,,,51,2026-02-01 08:03:05.093613,WNTR,25.19,24.91,25.07,2346100.0,2272300.0,0,0,0,0,0,0
2.0,1.0,1.0,,Aggregate Position Limit,Your CRO has set the aggregate position limit to 10000 shares for this week.,52,2026-02-01 08:03:06.129105,SPNG,24.88,24.64,24.88,2163400.0,2220100.0,0,0,0,0,0,0
1.0,1.0,1.0,,Welcome to the RITC 2026 Alogithmic Market Making Case - practice server,,52,2026-02-01 08:03:06.129105,SMMR,24.83,24.83,25.02,2253600.0,2237600.0,0,0,0,0,0,0
,,,,,,52,2026-02-01 08:03:06.129105,ATMN,24.89,24.89,25.14,2256500.0,2192800.0,0,0,0,0,0,0
,,,,,,52,2026-02-01 08:03:06.129105,WNTR,25.2,24.86,25.2,2341000.0,2271500.0,0,0,0,0,0,0
2.0,1.0,1.0,,Aggregate Position Limit,Your CRO has set the aggregate position limit to 10000 shares for this week.,53,2026-02-01 08:03:07.160264,SPNG,25.31,24.84,25.31,2131000.0,2196500.0,0,0,0,0,0,0
1.0,1.0,1.0,,Welcome to the RITC 2026 Alogithmic Market Making Case - practice server,,53,2026-02-01 08:03:07.160264,SMMR,25.03,24.91,25.03,2263800.0,2222400.0,0,0,0,0,0,0
,,,,,,53,2026-02-01 08:03:07.160264,ATMN,25.14,25.01,25.14,2244200.0,2225900.0,0,0,0,0,0,0
,,,,,,53,2026-02-01 08:03:07.160264,WNTR,25.22,24.97,25.22,2338100.0,2256000.0,0,0,0,0,0,0
2.0,1.0,1.0,,Aggregate Position Limit,Your CRO has set the aggregate position limit to 10000 shares for this week.,54,2026-02-01 08:03:08.184510,SPNG,25.1,25.1,25.21,2164900.0,2172600.0,0,0,0,0,0,0
1.0,1.0,1.0,,Welcome to the RITC 2026 Alogithmic Market Making Case - practice server,,54,2026-02-01 08:03:08.184510,SMMR,25.09,24.99,25.09,2292100.0,2254200.0,0,0,0,0,0,0
,,,,,,54,2026-02-01 08:03:08.184510,ATMN,25.17,25.01,25.17,2244200.0,2209700.0,0,0,0,0,0,0
,,,,,,54,2026-02-01 08:03:08.184510,WNTR,24.97,24.97,25.05,2330700.0,2251500.0,0,0,0,0,0,0
2.0,1.0,1.0,,Aggregate Position Limit,Your CRO has set the aggregate position limit to 10000 shares for this week.,55,2026-02-01 08:03:09.211900,SPNG,25.1,24.84,24.99,2168400.0,2199700.0,0,0,0,0,0,0
1.0,1.0,1.0,,Welcome to the RITC 2026 Alogithmic Market Making Case - practice server,,55,2026-02-01 08:03:09.211900,SMMR,24.99,24.99,25.09,2292100.0,2243600.0,0,0,0,0,0,0
,,,,,,55,2026-02-01 08:03:09.211900,ATMN,25.17,25.01,25.17,2244200.0,2205700.0,0,0,0,0,0,0
,,,,,,55,2026-02-01 08:03:09.211900,WNTR,24.87,24.87,24.96,2354400.0,2260200.0,0,0,0,0,0,0
2.0,1.0,1.0,,Aggregate Position Limit,Your CRO has set the aggregate position limit to 10000 shares for this week.,56,2026-02-01 08:03:10.244882,SPNG,25.21,24.84,25.21,2168400.0,2180400.0,0,0,0,0,0,0
1.0,1.0,1.0,,Welcome to the RITC 2026 Alogithmic Market Making Case - practice server,,56,2026-02-01 08:03:10.244882,SMMR,24.99,24.91,24.98,2294300.0,2259700.0,0,0,0,0,0,0
,,,,,,56,2026-02-01 08:03:10.244882,ATMN,25.18,25.09,25.18,2251300.0,2205700.0,0,0,0,0,0,0
,,,,,,56,2026-02-01 08:03:10.244882,WNTR,25.05,24.93,25.05,2339100.0,2229900.0,0,0,0,0,0,0
2.0,1.0,1.0,,Aggregate Position Limit,Your CRO has set the aggregate position limit to 10000 shares for this week.,57,2026-02-01 08:03:11.284810,SPNG,25.31,24.67,25.31,2156800.0,2194200.0,0,0,0,0,0,0
1.0,1.0,1.0,,Welcome to the RITC 2026 Alogithmic Market Making Case - practice server,,57,2026-02-01 08:03:11.284810,SMMR,24.98,24.91,24.98,2294300.0,2259700.0,0,0,0,0,0,0
,,,,,,57,2026-02-01 08:03:11.284810,ATMN,25.2,25.09,25.2,2251300.0,2237400.0,0,0,0,0,0,0
,,,,,,57,2026-02-01 08:03:11.284810,WNTR,24.93,24.87,24.89,2354400.0,2250400.0,0,0,0,0,0,0
2.0,1.0,1.0,,Aggregate Position Limit,Your CRO has set the aggregate position limit to 10000 shares for this week.,58,2026-02-01 08:03:12.304992,SPNG,24.7,24.67,24.7,2156800.0,2226100.0,0,0,0,0,0,0
1.0,1.0,1.0,,Welcome to the RITC 2026 Alogithmic Market Making Case - practice server,,58,2026-02-01 08:03:12.304992,SMMR,24.98,24.91,24.98,2249400.0,2257300.0,0,0,0,0,0,0
,,,,,,58,2026-02-01 08:03:12.304992,ATMN,25.01,25.01,25.21,2257600.0,2211500.0,0,0,0,0,0,0
,,,,,,58,2026-02-01 08:03:12.304992,WNTR,24.89,25.04,25.14,2333900.0,2237700.0,0,0,0,0,0,0
2.0,1.0,1.0,,Aggregate Position Limit,Your CRO has set the aggregate position limit to 10000 shares for this week.,59,2026-02-01 08:03:13.343653,SPNG,24.7,24.97,0.0,200000.0,0,0,0,0,0,0,0
1.0,1.0,1.0,,Welcome to the RITC 2026 Alogithmic Market Making Case - practice server,,59,2026-02-01 08:03:13.343653,SMMR,25.1,24.28,0.0,200000.0,0,0,0,0,0,0,0
,,,,,,59,2026-02-01 08:03:13.343653,ATMN,24.84,25.59,0.0,200000.0,0,0,0,0,0,0,0
,,,,,,59,2026-02-01 08:03:13.343653,WNTR,25.16,25.47,0.0,200000.0,0,0,0,0,0,0,0
2.0,1.0,1.0,,Aggregate Position Limit,Your CRO has set the aggregate position limit to 10000 shares for this week.,61,2026-02-01 08:03:14.414661,SPNG,24.97,24.97,25.22,1120200.0,869900.0,0,0,0,0,0,0
1.0,1.0,1.0,,Welcome to the RITC 2026 Alogithmic Market Making Case - practice server,,61,2026-02-01 08:03:14.414661,SMMR,25.1,24.28,24.42,890800.0,1220300.0,0,0,0,0,0,0
,,,,,,61,2026-02-01 08:03:14.414661,ATMN,25.59,25.59,25.75,919700.0,918300.0,0,0,0,0,0,0
,,,,,,61,2026-02-01 08:03:14.414661,WNTR,25.47,25.21,25.45,954300.0,1001200.0,0,0,0,0,0,0
2.0,1.0,1.0,,Aggregate Position Limit,Your CRO has set the aggregate position limit to 10000 shares for this week.,62,2026-02-01 08:03:15.454781,SPNG,24.97,24.97,25.04,1120200.0,1216200.0,0,0,0,0,0,0
1.0,1.0,1.0,,Welcome to the RITC 2026 Alogithmic Market Making Case - practice server,,62,2026-02-01 08:03:15.454781,SMMR,24.28,23.41,24.23,908900.0,1482700.0,0,0,0,0,0,0
,,,,,,62,2026-02-01 08:03:15.454781,ATMN,25.59,25.47,25.57,1027000.0,1146600.0,0,0,0,0,0,0
,,,,,,62,2026-02-01 08:03:15.454781,WNTR,25.45,25.59,25.69,1307000.0,894300.0,0,0,0,0,0,0
2.0,1.0,1.0,,Aggregate Position Limit,Your CRO has set the aggregate position limit to 10000 shares for this week.,63,2026-02-01 08:03:16.497893,SPNG,25.04,24.97,25.04,1120200.0,1460500.0,0,0,0,0,0,0
1.0,1.0,1.0,,Welcome to the RITC 2026 Alogithmic Market Making Case - practice server,,63,2026-02-01 08:03:16.497893,SMMR,24.28,24.17,24.23,1362400.0,1482700.0,0,0,0,0,0,0
,,,,,,63,2026-02-01 08:03:16.497893,ATMN,25.63,25.47,25.63,1254100.0,1030100.0,0,0,0,0,0,0
,,,,,,63,2026-02-01 08:03:16.497893,WNTR,25.59,25.23,25.27,1427800.0,1120600.0,0,0,0,0,0,0
2.0,1.0,1.0,,Aggregate Position Limit,Your CRO has set the aggregate position limit to 10000 shares for this week.,64,2026-02-01 08:03:17.522707,SPNG,25.14,24.56,25.14,1163000.0,1343700.0,0,0,0,0,0,0
1.0,1.0,1.0,,Welcome to the RITC 2026 Alogithmic Market Making Case - practice server,,64,2026-02-01 08:03:17.522707,SMMR,24.17,24.13,24.15,1382700.0,1707100.0,0,0,0,0,0,0
,,,,,,64,2026-02-01 08:03:17.522707,ATMN,25.73,25.47,25.73,1254100.0,1147800.0,0,0,0,0,0,0
,,,,,,64,2026-02-01 08:03:17.522707,WNTR,25.27,25.49,25.53,1620400.0,1095500.0,0,0,0,0,0,0
2.0,1.0,1.0,,Aggregate Position Limit,Your CRO has set the aggregate position limit to 10000 shares for this week.,65,2026-02-01 08:03:18.538827,SPNG,25.14,24.81,24.83,1415700.0,1450900.0,0,0,0,0,0,0
1.0,1.0,1.0,,Welcome to the RITC 2026 Alogithmic Market Making Case - practice server,,65,2026-02-01 08:03:18.538827,SMMR,24.22,24.21,24.22,1730900.0,1599100.0,0,0,0,0,0,0
,,,,,,65,2026-02-01 08:03:18.538827,ATMN,25.55,25.47,25.55,1443100.0,1258300.0,0,0,0,0,0,0
,,,,,,65,2026-02-01 08:03:18.538827,WNTR,25.69,25.49,25.53,1620400.0,1184700.0,0,0,0,0,0,0
2.0,1.0,1.0,,Aggregate Position Limit,Your CRO has set the aggregate position limit to 10000 shares for this week.,66,2026-02-01 08:03:19.574674,SPNG,25.14,24.81,25.14,1513800.0,1459500.0,0,0,0,0,0,0
1.0,1.0,1.0,,Welcome to the RITC 2026 Alogithmic Market Making Case - practice server,,66,2026-02-01 08:03:19.574674,SMMR,24.42,24.24,24.42,1856100.0,1570600.0,0,0,0,0,0,0
,,,,,,66,2026-02-01 08:03:19.574674,ATMN,25.55,25.47,25.55,1711600.0,1382600.0,0,0,0,0,0,0
,,,,,,66,2026-02-01 08:03:19.574674,WNTR,25.45,25.51,25.53,1709500.0,1284100.0,0,0,0,0,0,0
2.0,1.0,1.0,,Aggregate Position Limit,Your CRO has set the aggregate position limit to 10000 shares for this week.,67,2026-02-01 08:03:20.610801,SPNG,25.16,24.81,25.16,1609300.0,1479300.0,0,0,0,0,0,0
1.0,1.0,1.0,,Welcome to the RITC 2026 Alogithmic Market Making Case - practice server,,67,2026-02-01 08:03:20.610801,SMMR,24.18,24.18,24.42,1732400.0,1440200.0,0,0,0,0,0,0
,,,,,,67,2026-02-01 08:03:20.610801,ATMN,25.55,25.47,25.55,1803800.0,1596500.0,0,0,0,0,0,0
,,,,,,67,2026-02-01 08:03:20.610801,WNTR,25.36,25.23,25.3,1427800.0,1510200.0,0,0,0,0,0,0
2.0,1.0,1.0,,Aggregate Position Limit,Your CRO has set the aggregate position limit to 10000 shares for this week.,68,2026-02-01 08:03:21.624746,SPNG,25.16,24.81,25.16,1720700.0,1752500.0,0,0,0,0,0,0
1.0,1.0,1.0,,Welcome to the RITC 2026 Alogithmic Market Making Case - practice server,,68,2026-02-01 08:03:21.624746,SMMR,24.18,24.18,24.42,1732400.0,1793800.0,0,0,0,0,0,0
,,,,,,68,2026-02-01 08:03:21.624746,ATMN,25.64,25.47,25.64,2138700.0,1386100.0,0,0,0,0,0,0
,,,,,,68,2026-02-01 08:03:21.624746,WNTR,25.53,25.32,25.53,1679000.0,1284100.0,0,0,0,0,0,0
2.0,1.0,1.0,,Aggregate Position Limit,Your CRO has set the aggregate position limit to 10000 shares for this week.,69,2026-02-01 08:03:22.657866,SPNG,25.22,24.81,24.82,1820200.0,1724200.0,0,0,0,0,0,0
1.0,1.0,1.0,,Welcome to the RITC 2026 Alogithmic Market Making Case - practice server,,69,2026-02-01 08:03:22.657866,SMMR,24.13,24.13,24.42,1589200.0,1917600.0,0,0,0,0,0,0
,,,,,,69,2026-02-01 08:03:22.657866,ATMN,25.75,25.65,25.71,2237700.0,1244100.0,0,0,0,0,0,0
,,,,,,69,2026-02-01 08:03:22.657866,WNTR,25.69,25.32,25.69,1679000.0,1187600.0,0,0,0,0,0,0
2.0,1.0,1.0,,Aggregate Position Limit,Your CRO has set the aggregate position limit to 10000 shares for this week.,70,2026-02-01 08:03:23.684883,SPNG,25.22,24.81,25.22,1937400.0,1527500.0,0,0,0,0,0,0
1.0,1.0,1.0,,Welcome to the RITC 2026 Alogithmic Market Making Case - practice server,,70,2026-02-01 08:03:23.684883,SMMR,24.13,24.13,24.14,1727500.0,2255900.0,0,0,0,0,0,0
,,,,,,70,2026-02-01 08:03:23.684883,ATMN,25.65,25.65,25.71,2237700.0,1447400.0,0,0,0,0,0,0
,,,,,,70,2026-02-01 08:03:23.684883,WNTR,25.78,25.65,25.78,1940000.0,1187800.0,0,0,0,0,0,0
2.0,1.0,1.0,,Aggregate Position Limit,Your CRO has set the aggregate position limit to 10000 shares for this week.,71,2026-02-01 08:03:24.704092,SPNG,24.81,25.06,25.11,2033800.0,1657800.0,0,0,0,0,0,0
1.0,1.0,1.0,,Welcome to the RITC 2026 Alogithmic Market Making Case - practice server,,71,2026-02-01 08:03:24.704092,SMMR,24.13,24.13,24.14,1977100.0,2255900.0,0,0,0,0,0,0
,,,,,,71,2026-02-01 08:03:24.704092,ATMN,25.71,25.47,25.71,2271900.0,1536100.0,0,0,0,0,0,0
,,,,,,71,2026-02-01 08:03:24.704092,WNTR,25.65,25.65,25.67,1940000.0,1400300.0,0,0,0,0,0,0
2.0,1.0,1.0,,Aggregate Position Limit,Your CRO has set the aggregate position limit to 10000 shares for this week.,72,2026-02-01 08:03:25.727975,SPNG,24.71,24.86,25.11,1902800.0,1753700.0,0,0,0,0,0,0
1.0,1.0,1.0,,Welcome to the RITC 2026 Alogithmic Market Making Case - practice server,,72,2026-02-01 08:03:25.727975,SMMR,24.13,24.13,24.14,2318400.0,2255900.0,0,0,0,0,0,0
,,,,,,72,2026-02-01 08:03:25.727975,ATMN,25.71,25.47,25.71,2278800.0,1536100.0,0,0,0,0,0,0
,,,,,,72,2026-02-01 08:03:25.727975,WNTR,25.32,25.23,25.31,1556400.0,1647200.0,0,0,0,0,0,0
2.0,1.0,1.0,,Aggregate Position Limit,Your CRO has set the aggregate position limit to 10000 shares for this week.,73,2026-02-01 08:03:26.737290,SPNG,24.71,24.71,25.09,1807300.0,1971100.0,0,0,0,0,0,0
1.0,1.0,1.0,,Welcome to the RITC 2026 Alogithmic Market Making Case - practice server,,73,2026-02-01 08:03:26.737290,SMMR,24.19,24.25,24.34,2322200.0,2029400.0,0,0,0,0,0,0
,,,,,,73,2026-02-01 08:03:26.737290,ATMN,25.48,25.48,25.71,2263400.0,1653600.0,0,0,0,0,0,0
,,,,,,73,2026-02-01 08:03:26.737290,WNTR,25.32,25.24,25.31,2017300.0,1647200.0,0,0,0,0,0,0
2.0,1.0,1.0,,Aggregate Position Limit,Your CRO has set the aggregate position limit to 10000 shares for this week.,74,2026-02-01 08:03:27.768046,SPNG,24.71,25.01,25.09,2206500.0,1971100.0,0,0,0,0,0,0
1.0,1.0,1.0,,Welcome to the RITC 2026 Alogithmic Market Making Case - practice server,,74,2026-02-01 08:03:27.768046,SMMR,24.19,24.25,24.34,2331800.0,2135100.0,0,0,0,0,0,0
,,,,,,74,2026-02-01 08:03:27.768046,ATMN,25.48,25.48,25.71,2263400.0,1855200.0,0,0,0,0,0,0
,,,,,,74,2026-02-01 08:03:27.768046,WNTR,25.41,25.34,25.41,2134500.0,1628400.0,0,0,0,0,0,0
2.0,1.0,1.0,,Aggregate Position Limit,Your CRO has set the aggregate position limit to 10000 shares for this week.,75,2026-02-01 08:03:28.784956,SPNG,25.11,25.01,25.11,2206500.0,2075900.0,0,0,0,0,0,0
1.0,1.0,1.0,,Welcome to the RITC 2026 Alogithmic Market Making Case - practice server,,75,2026-02-01 08:03:28.784956,SMMR,24.19,24.25,24.29,2328700.0,2259900.0,0,0,0,0,0,0
,,,,,,75,2026-02-01 08:03:28.784956,ATMN,25.47,25.47,25.73,2278800.0,1877200.0,0,0,0,0,0,0
,,,,,,75,2026-02-01 08:03:28.784956,WNTR,25.43,25.46,25.54,2264000.0,1512900.0,0,0,0,0,0,0
2.0,1.0,1.0,,Aggregate Position Limit,Your CRO has set the aggregate position limit to 10000 shares for this week.,76,2026-02-01 08:03:29.817111,SPNG,25.17,25.01,25.06,2206500.0,2104600.0,0,0,0,0,0,0
1.0,1.0,1.0,,Welcome to the RITC 2026 Alogithmic Market Making Case - practice server,,76,2026-02-01 08:03:29.817111,SMMR,24.16,24.16,24.29,2341600.0,2259900.0,0,0,0,0,0,0
,,,,,,76,2026-02-01 08:03:29.817111,ATMN,25.42,25.42,25.62,2304500.0,1976600.0,0,0,0,0,0,0
,,,,,,76,2026-02-01 08:03:29.817111,WNTR,25.54,25.52,25.54,2381400.0,1715300.0,0,0,0,0,0,0
2.0,1.0,1.0,,Aggregate Position Limit,Your CRO has set the aggregate position limit to 10000 shares for this week.,77,2026-02-01 08:03:30.844732,SPNG,25.3,25.01,25.3,2206500.0,1863700.0,0,0,0,0,0,0
1.0,1.0,1.0,,Welcome to the RITC 2026 Alogithmic Market Making Case - practice server,,77,2026-02-01 08:03:30.844732,SMMR,24.22,24.16,24.22,2335400.0,2272900.0,0,0,0,0,0,0
,,,,,,77,2026-02-01 08:03:30.844732,ATMN,25.42,25.48,25.57,2262400.0,2095500.0,0,0,0,0,0,0
,,,,,,77,2026-02-01 08:03:30.844732,WNTR,25.62,25.66,25.67,2371500.0,1625900.0,0,0,0,0,0,0
2.0,1.0,1.0,,Aggregate Position Limit,Your CRO has set the aggregate position limit to 10000 shares for this week.,78,2026-02-01 08:03:31.869862,SPNG,24.56,25.03,25.3,1965300.0,1948600.0,0,0,0,0,0,0
1.0,1.0,1.0,,Welcome to the RITC 2026 Alogithmic Market Making Case - practice server,,78,2026-02-01 08:03:31.869862,SMMR,24.13,24.13,24.34,2291300.0,2261100.0,0,0,0,0,0,0
,,,,,,78,2026-02-01 08:03:31.869862,ATMN,25.42,25.42,25.45,2282300.0,2084500.0,0,0,0,0,0,0
,,,,,,78,2026-02-01 08:03:31.869862,WNTR,25.66,25.52,25.54,2381400.0,2061900.0,0,0,0,0,0,0
2.0,1.0,1.0,,Aggregate Position Limit,Your CRO has set the aggregate position limit to 10000 shares for this week.,79,2026-02-01 08:03:32.892739,SPNG,25.03,24.56,24.77,2029900.0,2043200.0,0,0,0,0,0,0
1.0,1.0,1.0,,Welcome to the RITC 2026 Alogithmic Market Making Case - practice server,,79,2026-02-01 08:03:32.892739,SMMR,24.13,24.13,24.36,2291300.0,2149300.0,0,0,0,0,0,0
,,,,,,79,2026-02-01 08:03:32.892739,ATMN,25.57,25.41,25.57,2316900.0,2085100.0,0,0,0,0,0,0
,,,,,,79,2026-02-01 08:03:32.892739,WNTR,25.67,25.52,25.63,2381400.0,2190500.0,0,0,0,0,0,0
2.0,1.0,1.0,,Aggregate Position Limit,Your CRO has set the aggregate position limit to 10000 shares for this week.,80,2026-02-01 08:03:33.924381,SPNG,25.32,24.56,24.81,2179500.0,2008900.0,0,0,0,0,0,0
1.0,1.0,1.0,,Welcome to the RITC 2026 Alogithmic Market Making Case - practice server,,80,2026-02-01 08:03:33.924381,SMMR,24.08,24.08,24.42,2325300.0,2023300.0,0,0,0,0,0,0
,,,,,,80,2026-02-01 08:03:33.924381,ATMN,25.57,25.6,25.62,2263300.0,2058800.0,0,0,0,0,0,0
,,,,,,80,2026-02-01 08:03:33.924381,WNTR,25.46,25.46,25.63,2371400.0,2219700.0,0,0,0,0,0,0
2.0,1.0,1.0,,Aggregate Position Limit,Your CRO has set the aggregate position limit to 10000 shares for this week.,81,2026-02-01 08:03:34.957898,SPNG,24.56,24.56,25.32,2179500.0,1915000.0,0,0,0,0,0,0
1.0,1.0,1.0,,Welcome to the RITC 2026 Alogithmic Market Making Case - practice server,,81,2026-02-01 08:03:34.957898,SMMR,24.45,24.3,24.38,2319000.0,2004700.0,0,0,0,0,0,0
,,,,,,81,2026-02-01 08:03:34.957898,ATMN,25.78,25.6,25.78,2231300.0,1958800.0,0,0,0,0,0,0
,,,,,,81,2026-02-01 08:03:34.957898,WNTR,25.45,25.45,25.54,2241900.0,2247500.0,0,0,0,0,0,0
2.0,1.0,1.0,,Aggregate Position Limit,Your CRO has set the aggregate position limit to 10000 shares for this week.,82,2026-02-01 08:03:35.984768,SPNG,24.79,24.79,25.35,2305600.0,1799200.0,0,0,0,0,0,0
1.0,1.0,1.0,,Welcome to the RITC 2026 Alogithmic Market Making Case - practice server,,82,2026-02-01 08:03:35.984768,SMMR,24.3,24.3,24.36,2319000.0,2215700.0,0,0,0,0,0,0
,,,,,,82,2026-02-01 08:03:35.984768,ATMN,25.79,25.6,25.79,2244800.0,2046300.0,0,0,0,0,0,0
,,,,,,82,2026-02-01 08:03:35.984768,WNTR,25.45,25.34,25.45,2407900.0,2258000.0,0,0,0,0,0,0
2.0,1.0,1.0,,Aggregate Position Limit,Your CRO has set the aggregate position limit to 10000 shares for this week.,83,2026-02-01 08:03:37.004960,SPNG,25.36,24.87,25.21,2521400.0,1817400.0,0,0,0,0,0,0
1.0,1.0,1.0,,Welcome to the RITC 2026 Alogithmic Market Making Case - practice server,,83,2026-02-01 08:03:37.004960,SMMR,24.3,24.08,24.24,2325300.0,2228100.0,0,0,0,0,0,0
,,,,,,83,2026-02-01 08:03:37.004960,ATMN,25.88,25.6,25.88,2244800.0,2023800.0,0,0,0,0,0,0
,,,,,,83,2026-02-01 08:03:37.004960,WNTR,25.24,25.42,25.44,2401000.0,2276400.0,0,0,0,0,0,0
2.0,1.0,1.0,,Aggregate Position Limit,Your CRO has set the aggregate position limit to 10000 shares for this week.,84,2026-02-01 08:03:38.034023,SPNG,25.38,24.87,25.38,2700200.0,1703000.0,0,0,0,0,0,0
1.0,1.0,1.0,,Welcome to the RITC 2026 Alogithmic Market Making Case - practice server,,84,2026-02-01 08:03:38.034023,SMMR,24.04,24.05,24.38,2338600.0,2240900.0,0,0,0,0,0,0
,,,,,,84,2026-02-01 08:03:38.034023,ATMN,25.88,25.6,25.62,2259100.0,2008800.0,0,0,0,0,0,0
,,,,,,84,2026-02-01 08:03:38.034023,WNTR,25.45,25.42,25.45,2401000.0,2258000.0,0,0,0,0,0,0
2.0,1.0,1.0,,Aggregate Position Limit,Your CRO has set the aggregate position limit to 10000 shares for this week.,85,2026-02-01 08:03:39.049846,SPNG,25.41,24.87,25.41,2700200.0,1696000.0,0,0,0,0,0,0
1.0,1.0,1.0,,Welcome to the RITC 2026 Alogithmic Market Making Case - practice server,,85,2026-02-01 08:03:39.049846,SMMR,24.44,24.22,24.44,2304000.0,2164400.0,0,0,0,0,0,0
,,,,,,85,2026-02-01 08:03:39.049846,ATMN,25.88,25.6,25.62,2196600.0,2008800.0,0,0,0,0,0,0
,,,,,,85,2026-02-01 08:03:39.049846,WNTR,25.45,25.42,25.45,2379100.0,2270500.0,0,0,0,0,0,0
2.0,1.0,1.0,,Aggregate Position Limit,Your CRO has set the aggregate position limit to 10000 shares for this week.,86,2026-02-01 08:03:40.085584,SPNG,24.84,24.84,25.32,2655600.0,1821700.0,0,0,0,0,0,0
1.0,1.0,1.0,,Welcome to the RITC 2026 Alogithmic Market Making Case - practice server,,86,2026-02-01 08:03:40.085584,SMMR,24.27,24.22,24.26,2304000.0,2294100.0,0,0,0,0,0,0
,,,,,,86,2026-02-01 08:03:40.085584,ATMN,25.7,25.7,25.84,2199700.0,2009300.0,0,0,0,0,0,0
,,,,,,86,2026-02-01 08:03:40.085584,WNTR,25.45,25.49,25.54,2306000.0,2244900.0,0,0,0,0,0,0
2.0,1.0,1.0,,Aggregate Position Limit,Your CRO has set the aggregate position limit to 10000 shares for this week.,87,2026-02-01 08:03:41.124214,SPNG,25.32,25.4,25.41,2622200.0,1912800.0,0,0,0,0,0,0
1.0,1.0,1.0,,Welcome to the RITC 2026 Alogithmic Market Making Case - practice server,,87,2026-02-01 08:03:41.124214,SMMR,24.22,24.22,24.26,2304000.0,2316100.0,0,0,0,0,0,0
,,,,,,87,2026-02-01 08:03:41.124214,ATMN,25.6,25.6,25.84,2164100.0,2009300.0,0,0,0,0,0,0
,,,,,,87,2026-02-01 08:03:41.124214,WNTR,25.54,25.49,25.54,2265300.0,2244900.0,0,0,0,0,0,0
2.0,1.0,1.0,,Aggregate Position Limit,Your CRO has set the aggregate position limit to 10000 shares for this week.,88,2026-02-01 08:03:42.147266,SPNG,25.44,24.84,25.44,2655600.0,1814300.0,0,0,0,0,0,0
1.0,1.0,1.0,,Welcome to the RITC 2026 Alogithmic Market Making Case - practice server,,88,2026-02-01 08:03:42.147266,SMMR,24.22,24.22,24.26,2307500.0,2342900.0,0,0,0,0,0,0
,,,,,,88,2026-02-01 08:03:42.147266,ATMN,25.91,25.6,25.91,2164100.0,1915700.0,0,0,0,0,0,0
,,,,,,88,2026-02-01 08:03:42.147266,WNTR,25.59,25.49,25.53,2266700.0,2230600.0,0,0,0,0,0,0
2.0,1.0,1.0,,Aggregate Position Limit,Your CRO has set the aggregate position limit to 10000 shares for this week.,89,2026-02-01 08:03:43.176928,SPNG,25.47,24.84,25.1,2559700.0,1836300.0,0,0,0,0,0,0
1.0,1.0,1.0,,Welcome to the RITC 2026 Alogithmic Market Making Case - practice server,,89,2026-02-01 08:03:43.176928,SMMR,24.26,24.32,24.39,2335000.0,2312000.0,0,0,0,0,0,0
,,,,,,89,2026-02-01 08:03:43.176928,ATMN,25.64,25.9,25.91,2197600.0,2038600.0,0,0,0,0,0,0
,,,,,,89,2026-02-01 08:03:43.176928,WNTR,25.45,25.45,25.52,2293500.0,2220800.0,0,0,0,0,0,0
2.0,1.0,1.0,,Aggregate Position Limit,Your CRO has set the aggregate position limit to 10000 shares for this week.,90,2026-02-01 08:03:44.212030,SPNG,24.84,24.84,25.47,2559700.0,1718400.0,0,0,0,0,0,0
1.0,1.0,1.0,,Welcome to the RITC 2026 Alogithmic Market Making Case - practice server,,90,2026-02-01 08:03:44.212030,SMMR,24.26,24.32,24.36,2309500.0,2284200.0,0,0,0,0,0,0
,,,,,,90,2026-02-01 08:03:44.212030,ATMN,25.9,25.62,25.72,2170200.0,2069800.0,0,0,0,0,0,0
,,,,,,90,2026-02-01 08:03:44.212030,WNTR,25.41,25.41,25.52,2333800.0,2220800.0,0,0,0,0,0,0
2.0,1.0,1.0,,Aggregate Position Limit,Your CRO has set the aggregate position limit to 10000 shares for this week.,91,2026-02-01 08:03:45.238707,SPNG,24.73,25.24,25.47,2543300.0,1820200.0,0,0,0,0,0,0
1.0,1.0,1.0,,Welcome to the RITC 2026 Alogithmic Market Making Case - practice server,,91,2026-02-01 08:03:45.238707,SMMR,24.21,24.21,24.36,2309600.0,2290100.0,0,0,0,0,0,0
,,,,,,91,2026-02-01 08:03:45.238707,ATMN,25.91,25.86,25.91,2189300.0,2063700.0,0,0,0,0,0,0
,,,,,,91,2026-02-01 08:03:45.238707,WNTR,25.38,25.38,25.52,2350600.0,2220800.0,0,0,0,0,0,0
2.0,1.0,1.0,,Aggregate Position Limit,Your CRO has set the aggregate position limit to 10000 shares for this week.,92,2026-02-01 08:03:46.286417,SPNG,25.24,25.24,25.47,2543300.0,2051700.0,0,0,0,0,0,0
1.0,1.0,1.0,,Welcome to the RITC 2026 Alogithmic Market Making Case - practice server,,92,2026-02-01 08:03:46.286417,SMMR,24.24,24.24,24.36,2304000.0,2290100.0,0,0,0,0,0,0
,,,,,,92,2026-02-01 08:03:46.286417,ATMN,25.62,25.62,25.91,2170200.0,2066500.0,0,0,0,0,0,0
,,,,,,92,2026-02-01 08:03:46.286417,WNTR,25.37,25.38,25.4,2379700.0,2226200.0,0,0,0,0,0,0
2.0,1.0,1.0,,Aggregate Position Limit,Your CRO has set the aggregate position limit to 10000 shares for this week.,93,2026-02-01 08:03:47.319715,SPNG,25.24,25.24,25.39,2514200.0,2099700.0,0,0,0,0,0,0
1.0,1.0,1.0,,Welcome to the RITC 2026 Alogithmic Market Making Case - practice server,,93,2026-02-01 08:03:47.319715,SMMR,24.2,24.2,24.36,2319700.0,2290100.0,0,0,0,0,0,0
,,,,,,93,2026-02-01 08:03:47.319715,ATMN,25.91,25.92,25.93,2171600.0,2072000.0,0,0,0,0,0,0
,,,,,,93,2026-02-01 08:03:47.319715,WNTR,25.36,25.36,25.4,2383200.0,2255600.0,0,0,0,0,0,0
2.0,1.0,1.0,,Aggregate Position Limit,Your CRO has set the aggregate position limit to 10000 shares for this week.,94,2026-02-01 08:03:48.371320,SPNG,25.41,25.24,25.41,2514200.0,2069200.0,0,0,0,0,0,0
1.0,1.0,1.0,,Welcome to the RITC 2026 Alogithmic Market Making Case - practice server,,94,2026-02-01 08:03:48.371320,SMMR,24.21,24.21,24.41,2341000.0,2329000.0,0,0,0,0,0,0
,,,,,,94,2026-02-01 08:03:48.371320,ATMN,25.93,25.56,25.93,2146100.0,2072000.0,0,0,0,0,0,0
,,,,,,94,2026-02-01 08:03:48.371320,WNTR,25.24,25.24,25.39,2420100.0,2283800.0,0,0,0,0,0,0
2.0,1.0,1.0,,Aggregate Position Limit,Your CRO has set the aggregate position limit to 10000 shares for this week.,95,2026-02-01 08:03:49.404810,SPNG,25.24,24.8,25.01,2494000.0,2077700.0,0,0,0,0,0,0
1.0,1.0,1.0,,Welcome to the RITC 2026 Alogithmic Market Making Case - practice server,,95,2026-02-01 08:03:49.404810,SMMR,24.24,24.24,24.41,2337400.0,2329000.0,0,0,0,0,0,0
,,,,,,95,2026-02-01 08:03:49.404810,ATMN,25.81,25.56,25.81,2146100.0,2088300.0,0,0,0,0,0,0
,,,,,,95,2026-02-01 08:03:49.404810,WNTR,25.23,25.23,25.39,2440900.0,2251400.0,0,0,0,0,0,0
2.0,1.0,1.0,,Aggregate Position Limit,Your CRO has set the aggregate position limit to 10000 shares for this week.,96,2026-02-01 08:03:50.468852,SPNG,25.01,25.13,25.26,2417500.0,2126100.0,0,0,0,0,0,0
1.0,1.0,1.0,,Welcome to the RITC 2026 Alogithmic Market Making Case - practice server,,96,2026-02-01 08:03:50.468852,SMMR,24.2,24.2,24.33,2319700.0,2309100.0,0,0,0,0,0,0
,,,,,,96,2026-02-01 08:03:50.468852,ATMN,25.64,25.56,25.64,2160000.0,2096600.0,0,0,0,0,0,0
,,,,,,96,2026-02-01 08:03:50.468852,WNTR,25.22,25.22,25.28,2442800.0,2249800.0,0,0,0,0,0,0
2.0,1.0,1.0,,Aggregate Position Limit,Your CRO has set the aggregate position limit to 10000 shares for this week.,97,2026-02-01 08:03:51.523186,SPNG,25.26,25.13,25.26,2360000.0,2120100.0,0,0,0,0,0,0
1.0,1.0,1.0,,Welcome to the RITC 2026 Alogithmic Market Making Case - practice server,,97,2026-02-01 08:03:51.523186,SMMR,24.18,24.18,24.3,2349700.0,2308200.0,0,0,0,0,0,0
,,,,,,97,2026-02-01 08:03:51.523186,ATMN,25.56,25.56,25.93,2160000.0,2104900.0,0,0,0,0,0,0
,,,,,,97,2026-02-01 08:03:51.523186,WNTR,25.22,25.27,25.28,2407900.0,2253600.0,0,0,0,0,0,0
2.0,1.0,1.0,,Aggregate Position Limit,Your CRO has set the aggregate position limit to 10000 shares for this week.,98,2026-02-01 08:03:52.574637,SPNG,24.8,24.8,25.48,2357800.0,2080900.0,0,0,0,0,0,0
1.0,1.0,1.0,,Welcome to the RITC 2026 Alogithmic Market Making Case - practice server,,98,2026-02-01 08:03:52.574637,SMMR,24.21,24.21,24.3,2349700.0,2300400.0,0,0,0,0,0,0
,,,,,,98,2026-02-01 08:03:52.574637,ATMN,25.89,25.56,25.89,2177500.0,2124900.0,0,0,0,0,0,0
,,,,,,98,2026-02-01 08:03:52.574637,WNTR,25.22,25.22,25.28,2433300.0,2253800.0,0,0,0,0,0,0
2.0,1.0,1.0,,Aggregate Position Limit,Your CRO has set the aggregate position limit to 10000 shares for this week.,100,2026-02-01 08:03:53.614723,SPNG,24.8,25.2,25.48,2298900.0,2095700.0,0,0,0,0,0,0
1.0,1.0,1.0,,Welcome to the RITC 2026 Alogithmic Market Making Case - practice server,,100,2026-02-01 08:03:53.614723,SMMR,24.33,24.21,24.33,2345300.0,2297700.0,0,0,0,0,0,0
,,,,,,100,2026-02-01 08:03:53.614723,ATMN,25.89,25.56,25.78,2170500.0,2140900.0,0,0,0,0,0,0
,,,,,,100,2026-02-01 08:03:53.614723,WNTR,25.21,25.21,25.26,2449400.0,2280200.0,0,0,0,0,0,0
2.0,1.0,1.0,,Aggregate Position Limit,Your CRO has set the aggregate position limit to 10000 shares for this week.,101,2026-02-01 08:03:54.654857,SPNG,24.8,25.2,25.25,2298900.0,2083800.0,0,0,0,0,0,0
1.0,1.0,1.0,,Welcome to the RITC 2026 Alogithmic Market Making Case - practice server,,101,2026-02-01 08:03:54.654857,SMMR,24.43,24.41,24.43,2343200.0,2320700.0,0,0,0,0,0,0
,,,,,,101,2026-02-01 08:03:54.654857,ATMN,25.89,25.68,25.78,2172400.0,2121200.0,0,0,0,0,0,0
,,,,,,101,2026-02-01 08:03:54.654857,WNTR,25.26,25.21,25.26,2473300.0,2280200.0,0,0,0,0,0,0
2.0,1.0,1.0,,Aggregate Position Limit,Your CRO has set the aggregate position limit to 10000 shares for this week.,102,2026-02-01 08:03:55.675907,SPNG,24.8,25.2,25.25,2265400.0,2079900.0,0,0,0,0,0,0
1.0,1.0,1.0,,Welcome to the RITC 2026 Alogithmic Market Making Case - practice server,,102,2026-02-01 08:03:55.675907,SMMR,24.2,24.2,24.43,2324000.0,2284600.0,0,0,0,0,0,0
,,,,,,102,2026-02-01 08:03:55.675907,ATMN,25.68,25.56,25.59,2170500.0,2128700.0,0,0,0,0,0,0
,,,,,,102,2026-02-01 08:03:55.675907,WNTR,25.23,25.21,25.23,2450700.0,2303100.0,0,0,0,0,0,0
2.0,1.0,1.0,,Aggregate Position Limit,Your CRO has set the aggregate position limit to 10000 shares for this week.,103,2026-02-01 08:03:56.700087,SPNG,25.25,25.0,25.25,2286400.0,2079900.0,0,0,0,0,0,0
1.0,1.0,1.0,,Welcome to the RITC 2026 Alogithmic Market Making Case - practice server,,103,2026-02-01 08:03:56.700087,SMMR,24.23,24.23,24.24,2332800.0,2294500.0,0,0,0,0,0,0
,,,,,,103,2026-02-01 08:03:56.700087,ATMN,25.87,25.56,25.87,2187300.0,2118300.0,0,0,0,0,0,0
,,,,,,103,2026-02-01 08:03:56.700087,WNTR,25.23,25.21,25.23,2400400.0,2303100.0,0,0,0,0,0,0
2.0,1.0,1.0,,Aggregate Position Limit,Your CRO has set the aggregate position limit to 10000 shares for this week.,104,2026-02-01 08:03:57.737102,SPNG,25.47,25.0,25.02,2280400.0,2076200.0,0,0,0,0,0,0
1.0,1.0,1.0,,Welcome to the RITC 2026 Alogithmic Market Making Case - practice server,,104,2026-02-01 08:03:57.737102,SMMR,24.29,24.23,24.29,2317300.0,2303700.0,0,0,0,0,0,0
,,,,,,104,2026-02-01 08:03:57.737102,ATMN,25.71,25.56,25.7,2187300.0,2126700.0,0,0,0,0,0,0
,,,,,,104,2026-02-01 08:03:57.737102,WNTR,25.23,25.21,25.23,2373300.0,2303100.0,0,0,0,0,0,0
2.0,1.0,1.0,,Aggregate Position Limit,Your CRO has set the aggregate position limit to 10000 shares for this week.,105,2026-02-01 08:03:58.789927,SPNG,25.48,25.0,25.48,2280400.0,2069000.0,0,0,0,0,0,0
1.0,1.0,1.0,,Welcome to the RITC 2026 Alogithmic Market Making Case - practice server,,105,2026-02-01 08:03:58.789927,SMMR,24.29,24.33,24.43,2321300.0,2300200.0,0,0,0,0,0,0
,,,,,,105,2026-02-01 08:03:58.789927,ATMN,25.81,25.8,25.81,2205000.0,2154100.0,0,0,0,0,0,0
,,,,,,105,2026-02-01 08:03:58.789927,WNTR,25.31,25.34,25.39,2358000.0,2227000.0,0,0,0,0,0,0
2.0,1.0,1.0,,Aggregate Position Limit,Your CRO has set the aggregate position limit to 10000 shares for this week.,106,2026-02-01 08:03:59.819361,SPNG,25.51,25.18,25.51,2255900.0,2067500.0,0,0,0,0,0,0
1.0,1.0,1.0,,Welcome to the RITC 2026 Alogithmic Market Making Case - practice server,,106,2026-02-01 08:03:59.819361,SMMR,24.33,24.33,24.43,2321300.0,2290800.0,0,0,0,0,0,0
,,,,,,106,2026-02-01 08:03:59.819361,ATMN,25.95,25.49,25.95,2189100.0,2127600.0,0,0,0,0,0,0
,,,,,,106,2026-02-01 08:03:59.819361,WNTR,25.38,25.38,25.39,2353700.0,2253500.0,0,0,0,0,0,0
2.0,1.0,1.0,,Aggregate Position Limit,Your CRO has set the aggregate position limit to 10000 shares for this week.,107,2026-02-01 08:04:00.851770,SPNG,25.51,25.18,25.26,2241800.0,2052200.0,0,0,0,0,0,0
1.0,1.0,1.0,,Welcome to the RITC 2026 Alogithmic Market Making Case - practice server,,107,2026-02-01 08:04:00.851770,SMMR,24.33,24.26,24.32,2298300.0,2332900.0,0,0,0,0,0,0
,,,,,,107,2026-02-01 08:04:00.851770,ATMN,25.95,25.61,25.95,2180800.0,2138300.0,0,0,0,0,0,0
,,,,,,107,2026-02-01 08:04:00.851770,WNTR,25.38,25.38,25.39,2353700.0,2267500.0,0,0,0,0,0,0
2.0,1.0,1.0,,Aggregate Position Limit,Your CRO has set the aggregate position limit to 10000 shares for this week.,108,2026-02-01 08:04:01.877447,SPNG,25.51,25.18,25.26,2241800.0,2053900.0,0,0,0,0,0,0
1.0,1.0,1.0,,Welcome to the RITC 2026 Alogithmic Market Making Case - practice server,,108,2026-02-01 08:04:01.877447,SMMR,24.34,24.37,24.43,2293900.0,2290800.0,0,0,0,0,0,0
,,,,,,108,2026-02-01 08:04:01.877447,ATMN,25.61,25.49,25.55,2189100.0,2097600.0,0,0,0,0,0,0
,,,,,,108,2026-02-01 08:04:01.877447,WNTR,25.38,25.38,25.39,2353700.0,2303700.0,0,0,0,0,0,0
2.0,1.0,1.0,,Aggregate Position Limit,Your CRO has set the aggregate position limit to 10000 shares for this week.,109,2026-02-01 08:04:02.914843,SPNG,25.51,25.18,25.26,2249300.0,2053900.0,0,0,0,0,0,0
1.0,1.0,1.0,,Welcome to the RITC 2026 Alogithmic Market Making Case - practice server,,109,2026-02-01 08:04:02.914843,SMMR,24.26,24.26,24.39,2298300.0,2256500.0,0,0,0,0,0,0
,,,,,,109,2026-02-01 08:04:02.914843,ATMN,25.95,25.65,25.95,2191000.0,2114000.0,0,0,0,0,0,0
,,,,,,109,2026-02-01 08:04:02.914843,WNTR,25.17,25.17,25.21,2424500.0,2298400.0,0,0,0,0,0,0
2.0,1.0,1.0,,Aggregate Position Limit,Your CRO has set the aggregate position limit to 10000 shares for this week.,110,2026-02-01 08:04:03.954922,SPNG,25.0,25.0,25.33,2252700.0,2081300.0,0,0,0,0,0,0
1.0,1.0,1.0,,Welcome to the RITC 2026 Alogithmic Market Making Case - practice server,,110,2026-02-01 08:04:03.954922,SMMR,24.4,24.26,24.4,2298300.0,2259400.0,0,0,0,0,0,0
,,,,,,110,2026-02-01 08:04:03.954922,ATMN,25.68,25.68,25.83,2186700.0,2089800.0,0,0,0,0,0,0
,,,,,,110,2026-02-01 08:04:03.954922,WNTR,25.21,25.23,25.29,2415100.0,2304200.0,0,0,0,0,0,0
2.0,1.0,1.0,,Aggregate Position Limit,Your CRO has set the aggregate position limit to 10000 shares for this week.,111,2026-02-01 08:04:04.987858,SPNG,25.54,25.0,25.54,2252700.0,2098500.0,0,0,0,0,0,0
1.0,1.0,1.0,,Welcome to the RITC 2026 Alogithmic Market Making Case - practice server,,111,2026-02-01 08:04:04.987858,SMMR,24.34,24.26,24.34,2262800.0,2280100.0,0,0,0,0,0,0
,,,,,,111,2026-02-01 08:04:04.987858,ATMN,25.68,25.62,25.67,2181900.0,2079700.0,0,0,0,0,0,0
,,,,,,111,2026-02-01 08:04:04.987858,WNTR,25.29,25.3,25.39,2359800.0,2303700.0,0,0,0,0,0,0
2.0,1.0,1.0,,Aggregate Position Limit,Your CRO has set the aggregate position limit to 10000 shares for this week.,112,2026-02-01 08:04:06.022579,SPNG,25.54,25.0,25.05,2251900.0,2088300.0,0,0,0,0,0,0
1.0,1.0,1.0,,Welcome to the RITC 2026 Alogithmic Market Making Case - practice server,,112,2026-02-01 08:04:06.022579,SMMR,24.34,24.26,24.34,2275200.0,2280100.0,0,0,0,0,0,0
,,,,,,112,2026-02-01 08:04:06.022579,ATMN,25.67,25.62,25.67,2181900.0,2068200.0,0,0,0,0,0,0
,,,,,,112,2026-02-01 08:04:06.022579,WNTR,25.39,25.3,25.39,2338300.0,2303700.0,0,0,0,0,0,0
2.0,1.0,1.0,,Aggregate Position Limit,Your CRO has set the aggregate position limit to 10000 shares for this week.,113,2026-02-01 08:04:07.048921,SPNG,25.0,25.0,25.54,2227700.0,2098500.0,0,0,0,0,0,0
1.0,1.0,1.0,,Welcome to the RITC 2026 Alogithmic Market Making Case - practice server,,113,2026-02-01 08:04:07.048921,SMMR,24.34,24.26,24.34,2270600.0,2280100.0,0,0,0,0,0,0
,,,,,,113,2026-02-01 08:04:07.048921,ATMN,25.88,25.62,25.88,2162800.0,2103500.0,0,0,0,0,0,0
,,,,,,113,2026-02-01 08:04:07.048921,WNTR,25.23,25.27,25.39,2384400.0,2303700.0,0,0,0,0,0,0
2.0,1.0,1.0,,Aggregate Position Limit,Your CRO has set the aggregate position limit to 10000 shares for this week.,114,2026-02-01 08:04:08.075637,SPNG,25.56,25.49,25.56,2203100.0,2102700.0,0,0,0,0,0,0
1.0,1.0,1.0,,Welcome to the RITC 2026 Alogithmic Market Making Case - practice server,,114,2026-02-01 08:04:08.075637,SMMR,24.34,24.34,24.4,2289000.0,2292000.0,0,0,0,0,0,0
,,,,,,114,2026-02-01 08:04:08.075637,ATMN,25.62,25.49,25.51,2137400.0,2075700.0,0,0,0,0,0,0
,,,,,,114,2026-02-01 08:04:08.075637,WNTR,25.27,25.27,25.33,2384400.0,2313100.0,0,0,0,0,0,0
2.0,1.0,1.0,,Aggregate Position Limit,Your CRO has set the aggregate position limit to 10000 shares for this week.,115,2026-02-01 08:04:09.099080,SPNG,25.56,25.49,25.56,2203100.0,2130200.0,0,0,0,0,0,0
1.0,1.0,1.0,,Welcome to the RITC 2026 Alogithmic Market Making Case - practice server,,115,2026-02-01 08:04:09.099080,SMMR,24.44,24.34,24.44,2289000.0,2316600.0,0,0,0,0,0,0
,,,,,,115,2026-02-01 08:04:09.099080,ATMN,25.62,25.49,25.51,2175200.0,2075700.0,0,0,0,0,0,0
,,,,,,115,2026-02-01 08:04:09.099080,WNTR,25.33,25.18,25.33,2372000.0,2305400.0,0,0,0,0,0,0
2.0,1.0,1.0,,Aggregate Position Limit,Your CRO has set the aggregate position limit to 10000 shares for this week.,116,2026-02-01 08:04:10.128805,SPNG,25.49,25.0,25.03,2206600.0,2130100.0,0,0,0,0,0,0
1.0,1.0,1.0,,Welcome to the RITC 2026 Alogithmic Market Making Case - practice server,,116,2026-02-01 08:04:10.128805,SMMR,24.42,24.42,24.44,2264300.0,2316600.0,0,0,0,0,0,0
,,,,,,116,2026-02-01 08:04:10.128805,ATMN,25.51,25.76,25.88,2146300.0,2103700.0,0,0,0,0,0,0
,,,,,,116,2026-02-01 08:04:10.128805,WNTR,25.33,25.18,25.33,2357600.0,2305400.0,0,0,0,0,0,0
2.0,1.0,1.0,,Aggregate Position Limit,Your CRO has set the aggregate position limit to 10000 shares for this week.,117,2026-02-01 08:04:11.151794,SPNG,25.03,25.38,25.49,2216700.0,2146700.0,0,0,0,0,0,0
1.0,1.0,1.0,,Welcome to the RITC 2026 Alogithmic Market Making Case - practice server,,117,2026-02-01 08:04:11.151794,SMMR,24.42,24.33,24.37,2299700.0,2320800.0,0,0,0,0,0,0
,,,,,,117,2026-02-01 08:04:11.151794,ATMN,25.72,25.85,25.88,2173100.0,2094900.0,0,0,0,0,0,0
,,,,,,117,2026-02-01 08:04:11.151794,WNTR,25.39,25.18,25.39,2334200.0,2272100.0,0,0,0,0,0,0
2.0,1.0,1.0,,Aggregate Position Limit,Your CRO has set the aggregate position limit to 10000 shares for this week.,118,2026-02-01 08:04:12.178405,SPNG,25.38,25.38,25.49,2216700.0,2131500.0,0,0,0,0,0,0
1.0,1.0,1.0,,Welcome to the RITC 2026 Alogithmic Market Making Case - practice server,,118,2026-02-01 08:04:12.178405,SMMR,24.37,24.36,24.37,2340600.0,2320800.0,0,0,0,0,0,0
,,,,,,118,2026-02-01 08:04:12.178405,ATMN,25.74,25.5,25.74,2150500.0,2140600.0,0,0,0,0,0,0
,,,,,,118,2026-02-01 08:04:12.178405,WNTR,25.39,25.31,25.36,2320800.0,2283100.0,0,0,0,0,0,0
2.0,1.0,1.0,,Aggregate Position Limit,Your CRO has set the aggregate position limit to 10000 shares for this week.,119,2026-02-01 08:04:13.218884,SPNG,24.98,25.3,25.49,2193700.0,2131500.0,0,0,0,0,0,0
1.0,1.0,1.0,,Welcome to the RITC 2026 Alogithmic Market Making Case - practice server,,119,2026-02-01 08:04:13.218884,SMMR,24.36,24.23,24.31,2337100.0,2336000.0,0,0,0,0,0,0
,,,,,,119,2026-02-01 08:04:13.218884,ATMN,25.96,25.5,25.96,2150500.0,2096400.0,0,0,0,0,0,0
,,,,,,119,2026-02-01 08:04:13.218884,WNTR,25.36,25.31,25.36,2320800.0,2269600.0,0,0,0,0,0,0
2.0,1.0,1.0,,Aggregate Position Limit,Your CRO has set the aggregate position limit to 10000 shares for this week.,120,2026-02-01 08:04:14.246914,SPNG,24.47,24.47,25.02,1095100.0,768100.0,0,0,0,0,0,0
1.0,1.0,1.0,,Welcome to the RITC 2026 Alogithmic Market Making Case - practice server,,120,2026-02-01 08:04:14.246914,SMMR,26.78,25.69,25.84,635100.0,726000.0,0,0,0,0,0,0
,,,,,,120,2026-02-01 08:04:14.246914,ATMN,25.96,26.6,26.79,914200.0,807900.0,0,0,0,0,0,0
,,,,,,120,2026-02-01 08:04:14.246914,WNTR,25.22,24.22,24.44,991300.0,890700.0,0,0,0,0,0,0
2.0,1.0,1.0,,Aggregate Position Limit,Your CRO has set the aggregate position limit to 10000 shares for this week.,121,2026-02-01 08:04:15.267374,SPNG,24.47,24.47,24.56,1202200.0,970600.0,0,0,0,0,0,0
1.0,1.0,1.0,,Welcome to the RITC 2026 Alogithmic Market Making Case - practice server,,121,2026-02-01 08:04:15.267374,SMMR,25.84,25.69,25.84,1040000.0,827800.0,0,0,0,0,0,0
,,,,,,121,2026-02-01 08:04:15.267374,ATMN,25.96,26.6,26.79,1019400.0,1104800.0,0,0,0,0,0,0
,,,,,,121,2026-02-01 08:04:15.267374,WNTR,24.22,24.22,24.25,1026200.0,1098700.0,0,0,0,0,0,0
2.0,1.0,1.0,,Aggregate Position Limit,Your CRO has set the aggregate position limit to 10000 shares for this week.,122,2026-02-01 08:04:16.333961,SPNG,24.56,24.53,24.56,1330700.0,970600.0,0,0,0,0,0,0
1.0,1.0,1.0,,Welcome to the RITC 2026 Alogithmic Market Making Case - practice server,,122,2026-02-01 08:04:16.333961,SMMR,25.84,26.03,26.2,1456300.0,803700.0,0,0,0,0,0,0
,,,,,,122,2026-02-01 08:04:16.333961,ATMN,26.6,26.66,26.79,1016000.0,1321600.0,0,0,0,0,0,0
,,,,,,122,2026-02-01 08:04:16.333961,WNTR,24.39,24.3,24.39,1123100.0,1364600.0,0,0,0,0,0,0
2.0,1.0,1.0,,Aggregate Position Limit,Your CRO has set the aggregate position limit to 10000 shares for this week.,123,2026-02-01 08:04:17.361586,SPNG,24.53,24.05,24.11,1416600.0,1209000.0,0,0,0,0,0,0
1.0,1.0,1.0,,Welcome to the RITC 2026 Alogithmic Market Making Case - practice server,,123,2026-02-01 08:04:17.361586,SMMR,26.33,26.11,26.33,1668200.0,828600.0,0,0,0,0,0,0
,,,,,,123,2026-02-01 08:04:17.361586,ATMN,26.66,26.66,26.71,1016000.0,1536000.0,0,0,0,0,0,0
,,,,,,123,2026-02-01 08:04:17.361586,WNTR,24.22,23.81,24.01,1074000.0,1640400.0,0,0,0,0,0,0
2.0,1.0,1.0,,Aggregate Position Limit,Your CRO has set the aggregate position limit to 10000 shares for this week.,124,2026-02-01 08:04:18.386912,SPNG,24.57,24.43,24.57,1634000.0,991800.0,0,0,0,0,0,0
1.0,1.0,1.0,,Welcome to the RITC 2026 Alogithmic Market Making Case - practice server,,124,2026-02-01 08:04:18.386912,SMMR,26.48,26.59,26.7,1900400.0,938900.0,0,0,0,0,0,0
,,,,,,124,2026-02-01 08:04:18.386912,ATMN,26.59,26.59,26.71,915800.0,1648500.0,0,0,0,0,0,0
,,,,,,124,2026-02-01 08:04:18.386912,WNTR,24.01,24.2,24.3,1324800.0,1747300.0,0,0,0,0,0,0
2.0,1.0,1.0,,Aggregate Position Limit,Your CRO has set the aggregate position limit to 10000 shares for this week.,125,2026-02-01 08:04:19.423719,SPNG,24.43,24.43,24.57,1866700.0,991800.0,0,0,0,0,0,0
1.0,1.0,1.0,,Welcome to the RITC 2026 Alogithmic Market Making Case - practice server,,125,2026-02-01 08:04:19.423719,SMMR,26.7,26.68,26.7,2089800.0,938900.0,0,0,0,0,0,0
,,,,,,125,2026-02-01 08:04:19.423719,ATMN,26.57,26.57,26.63,911400.0,1877800.0,0,0,0,0,0,0
,,,,,,125,2026-02-01 08:04:19.423719,WNTR,24.3,24.01,24.3,1303200.0,1747300.0,0,0,0,0,0,0
2.0,1.0,1.0,,Aggregate Position Limit,Your CRO has set the aggregate position limit to 10000 shares for this week.,126,2026-02-01 08:04:20.456726,SPNG,24.57,24.58,24.65,1872400.0,898700.0,0,0,0,0,0,0
1.0,1.0,1.0,,Welcome to the RITC 2026 Alogithmic Market Making Case - practice server,,126,2026-02-01 08:04:20.456726,SMMR,26.71,26.68,26.71,2090300.0,1029800.0,0,0,0,0,0,0
,,,,,,126,2026-02-01 08:04:20.456726,ATMN,26.57,26.04,26.43,913800.0,2068500.0,0,0,0,0,0,0
,,,,,,126,2026-02-01 08:04:20.456726,WNTR,24.3,24.01,24.07,1587600.0,1848900.0,0,0,0,0,0,0
2.0,1.0,1.0,,Aggregate Position Limit,Your CRO has set the aggregate position limit to 10000 shares for this week.,127,2026-02-01 08:04:21.499613,SPNG,24.57,24.58,24.65,1872400.0,1340300.0,0,0,0,0,0,0
1.0,1.0,1.0,,Welcome to the RITC 2026 Alogithmic Market Making Case - practice server,,127,2026-02-01 08:04:21.499613,SMMR,26.68,26.68,26.71,2111600.0,1144500.0,0,0,0,0,0,0
,,,,,,127,2026-02-01 08:04:21.499613,ATMN,26.66,26.7,26.71,1193900.0,1762700.0,0,0,0,0,0,0
,,,,,,127,2026-02-01 08:04:21.499613,WNTR,24.07,24.01,24.07,1824000.0,1848900.0,0,0,0,0,0,0
2.0,1.0,1.0,,Aggregate Position Limit,Your CRO has set the aggregate position limit to 10000 shares for this week.,128,2026-02-01 08:04:22.526375,SPNG,24.35,24.35,24.61,1742500.0,1522900.0,0,0,0,0,0,0
1.0,1.0,1.0,,Welcome to the RITC 2026 Alogithmic Market Making Case - practice server,,128,2026-02-01 08:04:22.526375,SMMR,26.63,26.63,26.71,2121300.0,1053400.0,0,0,0,0,0,0
,,,,,,128,2026-02-01 08:04:22.526375,ATMN,26.7,26.45,26.54,1096400.0,2061500.0,0,0,0,0,0,0
,,,,,,128,2026-02-01 08:04:22.526375,WNTR,24.3,24.36,24.39,2062700.0,1721600.0,0,0,0,0,0,0
2.0,1.0,1.0,,Aggregate Position Limit,Your CRO has set the aggregate position limit to 10000 shares for this week.,129,2026-02-01 08:04:23.568736,SPNG,24.35,24.35,24.61,1957100.0,1600700.0,0,0,0,0,0,0
1.0,1.0,1.0,,Welcome to the RITC 2026 Alogithmic Market Making Case - practice server,,129,2026-02-01 08:04:23.568736,SMMR,26.74,26.63,26.74,2117200.0,938900.0,0,0,0,0,0,0
,,,,,,129,2026-02-01 08:04:23.568736,ATMN,26.39,26.47,26.54,1317500.0,2061500.0,0,0,0,0,0,0
,,,,,,129,2026-02-01 08:04:23.568736,WNTR,24.01,24.24,24.37,2082100.0,1836600.0,0,0,0,0,0,0
2.0,1.0,1.0,,Aggregate Position Limit,Your CRO has set the aggregate position limit to 10000 shares for this week.,130,2026-02-01 08:04:24.610658,SPNG,24.28,24.28,24.61,1847400.0,1873000.0,0,0,0,0,0,0
1.0,1.0,1.0,,Welcome to the RITC 2026 Alogithmic Market Making Case - practice server,,130,2026-02-01 08:04:24.610658,SMMR,26.59,26.59,26.74,2129900.0,938900.0,0,0,0,0,0,0
,,,,,,130,2026-02-01 08:04:24.610658,ATMN,26.54,26.51,26.54,1404100.0,2049300.0,0,0,0,0,0,0
,,,,,,130,2026-02-01 08:04:24.610658,WNTR,24.01,24.01,24.37,1829600.0,1836600.0,0,0,0,0,0,0
2.0,1.0,1.0,,Aggregate Position Limit,Your CRO has set the aggregate position limit to 10000 shares for this week.,131,2026-02-01 08:04:25.647419,SPNG,24.65,24.09,24.65,1883500.0,1774400.0,0,0,0,0,0,0
1.0,1.0,1.0,,Welcome to the RITC 2026 Alogithmic Market Making Case - practice server,,131,2026-02-01 08:04:25.647419,SMMR,26.54,26.56,26.88,2120300.0,824200.0,0,0,0,0,0,0
,,,,,,131,2026-02-01 08:04:25.647419,ATMN,26.54,26.62,26.64,1506200.0,2040400.0,0,0,0,0,0,0
,,,,,,131,2026-02-01 08:04:25.647419,WNTR,24.27,24.01,24.16,1829600.0,1844200.0,0,0,0,0,0,0
2.0,1.0,1.0,,Aggregate Position Limit,Your CRO has set the aggregate position limit to 10000 shares for this week.,132,2026-02-01 08:04:26.681484,SPNG,24.69,24.09,24.69,2014600.0,1749100.0,0,0,0,0,0,0
1.0,1.0,1.0,,Welcome to the RITC 2026 Alogithmic Market Making Case - practice server,,132,2026-02-01 08:04:26.681484,SMMR,26.53,26.53,26.88,2133300.0,824200.0,0,0,0,0,0,0
,,,,,,132,2026-02-01 08:04:26.681484,ATMN,26.58,26.47,26.58,1317500.0,2064500.0,0,0,0,0,0,0
,,,,,,132,2026-02-01 08:04:26.681484,WNTR,24.39,24.01,24.39,1864700.0,1721600.0,0,0,0,0,0,0
2.0,1.0,1.0,,Aggregate Position Limit,Your CRO has set the aggregate position limit to 10000 shares for this week.,133,2026-02-01 08:04:27.714249,SPNG,24.77,24.09,24.57,2109700.0,1760900.0,0,0,0,0,0,0
1.0,1.0,1.0,,Welcome to the RITC 2026 Alogithmic Market Making Case - practice server,,133,2026-02-01 08:04:27.714249,SMMR,26.53,26.73,26.83,2145600.0,1032700.0,0,0,0,0,0,0
,,,,,,133,2026-02-01 08:04:27.714249,ATMN,26.74,26.47,26.74,1317500.0,1981100.0,0,0,0,0,0,0
,,,,,,133,2026-02-01 08:04:27.714249,WNTR,24.39,24.01,24.06,1864700.0,2101800.0,0,0,0,0,0,0
2.0,1.0,1.0,,Aggregate Position Limit,Your CRO has set the aggregate position limit to 10000 shares for this week.,134,2026-02-01 08:04:28.735166,SPNG,24.05,24.05,24.91,2160200.0,1656500.0,0,0,0,0,0,0
1.0,1.0,1.0,,Welcome to the RITC 2026 Alogithmic Market Making Case - practice server,,134,2026-02-01 08:04:28.735166,SMMR,26.88,26.73,26.88,2145600.0,1050900.0,0,0,0,0,0,0
,,,,,,134,2026-02-01 08:04:28.735166,ATMN,26.24,26.46,26.74,1431600.0,1981100.0,0,0,0,0,0,0
,,,,,,134,2026-02-01 08:04:28.735166,WNTR,24.0,24.0,24.06,2015900.0,2101800.0,0,0,0,0,0,0
2.0,1.0,1.0,,Aggregate Position Limit,Your CRO has set the aggregate position limit to 10000 shares for this week.,135,2026-02-01 08:04:29.792605,SPNG,24.47,24.58,24.91,2269300.0,1656500.0,0,0,0,0,0,0
1.0,1.0,1.0,,Welcome to the RITC 2026 Alogithmic Market Making Case - practice server,,135,2026-02-01 08:04:29.792605,SMMR,26.79,26.61,26.79,2133800.0,1245900.0,0,0,0,0,0,0
,,,,,,135,2026-02-01 08:04:29.792605,ATMN,26.35,26.39,26.74,1444200.0,1981100.0,0,0,0,0,0,0
,,,,,,135,2026-02-01 08:04:29.792605,WNTR,24.0,23.95,23.98,2141200.0,2238200.0,0,0,0,0,0,0
2.0,1.0,1.0,,Aggregate Position Limit,Your CRO has set the aggregate position limit to 10000 shares for this week.,136,2026-02-01 08:04:30.828667,SPNG,24.58,24.32,24.54,2251300.0,1903300.0,0,0,0,0,0,0
1.0,1.0,1.0,,Welcome to the RITC 2026 Alogithmic Market Making Case - practice server,,136,2026-02-01 08:04:30.828667,SMMR,26.79,26.85,26.88,2102200.0,1134500.0,0,0,0,0,0,0
,,,,,,136,2026-02-01 08:04:30.828667,ATMN,26.72,26.72,26.74,1637600.0,1981100.0,0,0,0,0,0,0
,,,,,,136,2026-02-01 08:04:30.828667,WNTR,24.32,23.95,24.32,2249400.0,1852600.0,0,0,0,0,0,0
2.0,1.0,1.0,,Aggregate Position Limit,Your CRO has set the aggregate position limit to 10000 shares for this week.,138,2026-02-01 08:04:31.887541,SPNG,24.58,24.4,24.54,2456200.0,2023100.0,0,0,0,0,0,0
1.0,1.0,1.0,,Welcome to the RITC 2026 Alogithmic Market Making Case - practice server,,138,2026-02-01 08:04:31.887541,SMMR,26.72,26.67,26.72,2101500.0,1246000.0,0,0,0,0,0,0
,,,,,,138,2026-02-01 08:04:31.887541,ATMN,26.62,26.39,26.5,1543800.0,2007700.0,0,0,0,0,0,0
,,,,,,138,2026-02-01 08:04:31.887541,WNTR,23.95,23.97,24.23,2460000.0,1966600.0,0,0,0,0,0,0
2.0,1.0,1.0,,Aggregate Position Limit,Your CRO has set the aggregate position limit to 10000 shares for this week.,139,2026-02-01 08:04:32.922905,SPNG,24.32,24.32,24.54,2401400.0,2023100.0,0,0,0,0,0,0
1.0,1.0,1.0,,Welcome to the RITC 2026 Alogithmic Market Making Case - practice server,,139,2026-02-01 08:04:32.922905,SMMR,26.86,26.67,26.81,2094300.0,1363300.0,0,0,0,0,0,0
,,,,,,139,2026-02-01 08:04:32.922905,ATMN,26.65,26.39,26.65,1872200.0,1982900.0,0,0,0,0,0,0
,,,,,,139,2026-02-01 08:04:32.922905,WNTR,23.95,24.1,24.23,2502000.0,1966600.0,0,0,0,0,0,0
2.0,1.0,1.0,,Aggregate Position Limit,Your CRO has set the aggregate position limit to 10000 shares for this week.,140,2026-02-01 08:04:33.955424,SPNG,24.9,24.34,24.9,2340200.0,1854600.0,0,0,0,0,0,0
1.0,1.0,1.0,,Welcome to the RITC 2026 Alogithmic Market Making Case - practice server,,140,2026-02-01 08:04:33.955424,SMMR,26.85,26.67,26.84,2063400.0,1354200.0,0,0,0,0,0,0
,,,,,,140,2026-02-01 08:04:33.955424,ATMN,26.75,26.39,26.75,1992600.0,2004200.0,0,0,0,0,0,0
,,,,,,140,2026-02-01 08:04:33.955424,WNTR,23.95,23.95,24.23,2589900.0,2206200.0,0,0,0,0,0,0
2.0,1.0,1.0,,Aggregate Position Limit,Your CRO has set the aggregate position limit to 10000 shares for this week.,141,2026-02-01 08:04:34.990690,SPNG,24.45,24.34,24.45,2321600.0,1982700.0,0,0,0,0,0,0
1.0,1.0,1.0,,Welcome to the RITC 2026 Alogithmic Market Making Case - practice server,,141,2026-02-01 08:04:34.990690,SMMR,26.88,26.72,26.88,2063400.0,1247900.0,0,0,0,0,0,0
,,,,,,141,2026-02-01 08:04:34.990690,ATMN,26.43,26.39,26.43,2188500.0,2004200.0,0,0,0,0,0,0
,,,,,,141,2026-02-01 08:04:34.990690,WNTR,23.91,23.91,23.99,2455600.0,2316800.0,0,0,0,0,0,0
2.0,1.0,1.0,,Aggregate Position Limit,Your CRO has set the aggregate position limit to 10000 shares for this week.,142,2026-02-01 08:04:36.022128,SPNG,24.45,24.61,24.9,2305600.0,1854600.0,0,0,0,0,0,0
1.0,1.0,1.0,,Welcome to the RITC 2026 Alogithmic Market Making Case - practice server,,142,2026-02-01 08:04:36.022128,SMMR,26.88,26.72,26.88,2109800.0,1357500.0,0,0,0,0,0,0
,,,,,,142,2026-02-01 08:04:36.022128,ATMN,26.69,26.69,26.75,2192000.0,2032300.0,0,0,0,0,0,0
,,,,,,142,2026-02-01 08:04:36.022128,WNTR,24.23,23.91,24.23,2455600.0,2206200.0,0,0,0,0,0,0
2.0,1.0,1.0,,Aggregate Position Limit,Your CRO has set the aggregate position limit to 10000 shares for this week.,143,2026-02-01 08:04:37.043029,SPNG,24.34,24.52,24.67,2305500.0,1958800.0,0,0,0,0,0,0
1.0,1.0,1.0,,Welcome to the RITC 2026 Alogithmic Market Making Case - practice server,,143,2026-02-01 08:04:37.043029,SMMR,26.88,26.73,26.88,2119500.0,1329400.0,0,0,0,0,0,0
,,,,,,143,2026-02-01 08:04:37.043029,ATMN,26.69,26.39,26.46,2163900.0,2063500.0,0,0,0,0,0,0
,,,,,,143,2026-02-01 08:04:37.043029,WNTR,24.32,23.91,24.32,2455600.0,2316400.0,0,0,0,0,0,0
2.0,1.0,1.0,,Aggregate Position Limit,Your CRO has set the aggregate position limit to 10000 shares for this week.,144,2026-02-01 08:04:38.085877,SPNG,24.52,24.34,24.44,2321300.0,2053800.0,0,0,0,0,0,0
1.0,1.0,1.0,,Welcome to the RITC 2026 Alogithmic Market Making Case - practice server,,144,2026-02-01 08:04:38.085877,SMMR,26.93,26.73,26.93,2119500.0,1247000.0,0,0,0,0,0,0
,,,,,,144,2026-02-01 08:04:38.085877,ATMN,26.64,26.39,26.54,2163900.0,2071500.0,0,0,0,0,0,0
,,,,,,144,2026-02-01 08:04:38.085877,WNTR,24.08,23.91,24.08,2593000.0,2352900.0,0,0,0,0,0,0
2.0,1.0,1.0,,Aggregate Position Limit,Your CRO has set the aggregate position limit to 10000 shares for this week.,145,2026-02-01 08:04:39.113356,SPNG,24.44,24.34,24.44,2321300.0,2053800.0,0,0,0,0,0,0
1.0,1.0,1.0,,Welcome to the RITC 2026 Alogithmic Market Making Case - practice server,,145,2026-02-01 08:04:39.113356,SMMR,26.94,26.67,26.94,2099200.0,1238000.0,0,0,0,0,0,0
,,,,,,145,2026-02-01 08:04:39.113356,ATMN,26.79,26.43,26.79,2156600.0,2068200.0,0,0,0,0,0,0
,,,,,,145,2026-02-01 08:04:39.113356,WNTR,24.08,23.91,24.08,2459400.0,2352900.0,0,0,0,0,0,0
2.0,1.0,1.0,,Aggregate Position Limit,Your CRO has set the aggregate position limit to 10000 shares for this week.,146,2026-02-01 08:04:40.134583,SPNG,24.82,24.34,24.82,2321300.0,2024300.0,0,0,0,0,0,0
1.0,1.0,1.0,,Welcome to the RITC 2026 Alogithmic Market Making Case - practice server,,146,2026-02-01 08:04:40.134583,SMMR,26.94,26.76,26.88,2106400.0,1339400.0,0,0,0,0,0,0
,,,,,,146,2026-02-01 08:04:40.134583,ATMN,26.79,26.44,26.55,2121800.0,2102900.0,0,0,0,0,0,0
,,,,,,146,2026-02-01 08:04:40.134583,WNTR,24.08,24.08,24.11,2410400.0,2332800.0,0,0,0,0,0,0
2.0,1.0,1.0,,Aggregate Position Limit,Your CRO has set the aggregate position limit to 10000 shares for this week.,147,2026-02-01 08:04:41.158058,SPNG,24.32,24.32,24.52,2328200.0,2061900.0,0,0,0,0,0,0
1.0,1.0,1.0,,Welcome to the RITC 2026 Alogithmic Market Making Case - practice server,,147,2026-02-01 08:04:41.158058,SMMR,26.76,26.76,26.82,2110500.0,1449700.0,0,0,0,0,0,0
,,,,,,147,2026-02-01 08:04:41.158058,ATMN,26.43,26.43,26.55,2131800.0,2116600.0,0,0,0,0,0,0
,,,,,,147,2026-02-01 08:04:41.158058,WNTR,24.11,24.19,24.24,2441500.0,2360900.0,0,0,0,0,0,0
2.0,1.0,1.0,,Aggregate Position Limit,Your CRO has set the aggregate position limit to 10000 shares for this week.,148,2026-02-01 08:04:42.194848,SPNG,24.75,24.32,24.75,2297500.0,2044200.0,0,0,0,0,0,0
1.0,1.0,1.0,,Welcome to the RITC 2026 Alogithmic Market Making Case - practice server,,148,2026-02-01 08:04:42.194848,SMMR,26.82,26.76,26.82,2110500.0,1634700.0,0,0,0,0,0,0
,,,,,,148,2026-02-01 08:04:42.194848,ATMN,26.55,26.39,26.55,2172900.0,2104200.0,0,0,0,0,0,0
,,,,,,148,2026-02-01 08:04:42.194848,WNTR,24.04,24.04,24.18,2409100.0,2390600.0,0,0,0,0,0,0
2.0,1.0,1.0,,Aggregate Position Limit,Your CRO has set the aggregate position limit to 10000 shares for this week.,149,2026-02-01 08:04:43.224570,SPNG,24.39,24.33,24.39,2244600.0,2084300.0,0,0,0,0,0,0
1.0,1.0,1.0,,Welcome to the RITC 2026 Alogithmic Market Making Case - practice server,,149,2026-02-01 08:04:43.224570,SMMR,26.93,26.61,26.93,2109300.0,1423000.0,0,0,0,0,0,0
,,,,,,149,2026-02-01 08:04:43.224570,ATMN,26.69,26.39,26.51,2172900.0,2081500.0,0,0,0,0,0,0
,,,,,,149,2026-02-01 08:04:43.224570,WNTR,24.04,24.04,24.07,2409100.0,2397900.0,0,0,0,0,0,0
2.0,1.0,1.0,,Aggregate Position Limit,Your CRO has set the aggregate position limit to 10000 shares for this week.,150,2026-02-01 08:04:44.254741,SPNG,24.39,24.39,24.75,2228900.0,2048500.0,0,0,0,0,0,0
1.0,1.0,1.0,,Welcome to the RITC 2026 Alogithmic Market Making Case - practice server,,150,2026-02-01 08:04:44.254741,SMMR,26.93,26.61,26.71,2127300.0,1535300.0,0,0,0,0,0,0
,,,,,,150,2026-02-01 08:04:44.254741,ATMN,26.39,26.5,26.51,2141900.0,2060000.0,0,0,0,0,0,0
,,,,,,150,2026-02-01 08:04:44.254741,WNTR,24.08,24.04,24.08,2388500.0,2402100.0,0,0,0,0,0,0
2.0,1.0,1.0,,Aggregate Position Limit,Your CRO has set the aggregate position limit to 10000 shares for this week.,151,2026-02-01 08:04:45.297909,SPNG,24.39,24.39,24.55,2228900.0,2075000.0,0,0,0,0,0,0
1.0,1.0,1.0,,Welcome to the RITC 2026 Alogithmic Market Making Case - practice server,,151,2026-02-01 08:04:45.297909,SMMR,26.71,26.62,26.71,2152000.0,1535300.0,0,0,0,0,0,0
,,,,,,151,2026-02-01 08:04:45.297909,ATMN,26.5,26.5,26.51,2141900.0,2063600.0,0,0,0,0,0,0
,,,,,,151,2026-02-01 08:04:45.297909,WNTR,24.02,24.02,24.08,2409200.0,2402100.0,0,0,0,0,0,0
2.0,1.0,1.0,,Aggregate Position Limit,Your CRO has set the aggregate position limit to 10000 shares for this week.,152,2026-02-01 08:04:46.330024,SPNG,24.64,24.33,24.64,2222300.0,2071600.0,0,0,0,0,0,0
1.0,1.0,1.0,,Welcome to the RITC 2026 Alogithmic Market Making Case - practice server,,152,2026-02-01 08:04:46.330024,SMMR,26.79,26.79,26.93,2156200.0,1423000.0,0,0,0,0,0,0
,,,,,,152,2026-02-01 08:04:46.330024,ATMN,26.5,26.43,26.44,2138000.0,2096600.0,0,0,0,0,0,0
,,,,,,152,2026-02-01 08:04:46.330024,WNTR,24.11,24.02,24.11,2434200.0,2420800.0,0,0,0,0,0,0
2.0,1.0,1.0,,Aggregate Position Limit,Your CRO has set the aggregate position limit to 10000 shares for this week.,153,2026-02-01 08:04:47.359895,SPNG,24.75,24.32,24.75,2225900.0,2048500.0,0,0,0,0,0,0
1.0,1.0,1.0,,Welcome to the RITC 2026 Alogithmic Market Making Case - practice server,,153,2026-02-01 08:04:47.359895,SMMR,26.65,26.73,26.93,2149700.0,1521600.0,0,0,0,0,0,0
,,,,,,153,2026-02-01 08:04:47.359895,ATMN,26.44,26.61,26.62,2137200.0,2076700.0,0,0,0,0,0,0
,,,,,,153,2026-02-01 08:04:47.359895,WNTR,24.24,24.02,24.24,2434200.0,2382900.0,0,0,0,0,0,0
2.0,1.0,1.0,,Aggregate Position Limit,Your CRO has set the aggregate position limit to 10000 shares for this week.,154,2026-02-01 08:04:48.382832,SPNG,24.31,24.31,24.62,2294700.0,2073900.0,0,0,0,0,0,0
1.0,1.0,1.0,,Welcome to the RITC 2026 Alogithmic Market Making Case - practice server,,154,2026-02-01 08:04:48.382832,SMMR,26.65,26.73,26.83,2144800.0,1702400.0,0,0,0,0,0,0
,,,,,,154,2026-02-01 08:04:48.382832,ATMN,26.69,26.37,26.69,2147600.0,2098000.0,0,0,0,0,0,0
,,,,,,154,2026-02-01 08:04:48.382832,WNTR,24.24,24.02,24.03,2408700.0,2405600.0,0,0,0,0,0,0
2.0,1.0,1.0,,Aggregate Position Limit,Your CRO has set the aggregate position limit to 10000 shares for this week.,155,2026-02-01 08:04:49.409767,SPNG,24.31,24.31,24.62,2331300.0,2073900.0,0,0,0,0,0,0
1.0,1.0,1.0,,Welcome to the RITC 2026 Alogithmic Market Making Case - practice server,,155,2026-02-01 08:04:49.409767,SMMR,26.83,26.72,26.83,2134600.0,1618400.0,0,0,0,0,0,0
,,,,,,155,2026-02-01 08:04:49.409767,ATMN,26.34,26.34,26.69,2170700.0,2072200.0,0,0,0,0,0,0
,,,,,,155,2026-02-01 08:04:49.409767,WNTR,24.24,24.02,24.24,2411900.0,2382900.0,0,0,0,0,0,0
2.0,1.0,1.0,,Aggregate Position Limit,Your CRO has set the aggregate position limit to 10000 shares for this week.,156,2026-02-01 08:04:50.439710,SPNG,24.77,24.31,24.77,2325300.0,2037900.0,0,0,0,0,0,0
1.0,1.0,1.0,,Welcome to the RITC 2026 Alogithmic Market Making Case - practice server,,156,2026-02-01 08:04:50.439710,SMMR,26.83,26.86,26.93,2108200.0,1620500.0,0,0,0,0,0,0
,,,,,,156,2026-02-01 08:04:50.439710,ATMN,26.34,26.34,26.51,2146000.0,2052400.0,0,0,0,0,0,0
,,,,,,156,2026-02-01 08:04:50.439710,WNTR,24.02,24.02,24.19,2430800.0,2423100.0,0,0,0,0,0,0
2.0,1.0,1.0,,Aggregate Position Limit,Your CRO has set the aggregate position limit to 10000 shares for this week.,157,2026-02-01 08:04:51.464885,SPNG,24.25,24.25,24.77,2332600.0,2037900.0,0,0,0,0,0,0
1.0,1.0,1.0,,Welcome to the RITC 2026 Alogithmic Market Making Case - practice server,,157,2026-02-01 08:04:51.464885,SMMR,26.86,26.95,26.97,2104500.0,1405300.0,0,0,0,0,0,0
,,,,,,157,2026-02-01 08:04:51.464885,ATMN,26.67,26.34,26.67,2127800.0,2064500.0,0,0,0,0,0,0
,,,,,,157,2026-02-01 08:04:51.464885,WNTR,24.19,24.16,24.19,2414600.0,2423100.0,0,0,0,0,0,0
2.0,1.0,1.0,,Aggregate Position Limit,Your CRO has set the aggregate position limit to 10000 shares for this week.,158,2026-02-01 08:04:52.494656,SPNG,24.25,24.48,24.67,2311700.0,2058700.0,0,0,0,0,0,0
1.0,1.0,1.0,,Welcome to the RITC 2026 Alogithmic Market Making Case - practice server,,158,2026-02-01 08:04:52.494656,SMMR,26.86,26.86,26.97,2114600.0,1625200.0,0,0,0,0,0,0
,,,,,,158,2026-02-01 08:04:52.494656,ATMN,26.3,26.3,26.67,2146300.0,2066300.0,0,0,0,0,0,0
,,,,,,158,2026-02-01 08:04:52.494656,WNTR,24.16,24.1,24.13,2433600.0,2422000.0,0,0,0,0,0,0
2.0,1.0,1.0,,Aggregate Position Limit,Your CRO has set the aggregate position limit to 10000 shares for this week.,159,2026-02-01 08:04:53.513413,SPNG,24.33,24.49,24.54,2304000.0,2046200.0,0,0,0,0,0,0
1.0,1.0,1.0,,Welcome to the RITC 2026 Alogithmic Market Making Case - practice server,,159,2026-02-01 08:04:53.513413,SMMR,26.86,26.72,26.76,2130900.0,1730300.0,0,0,0,0,0,0
,,,,,,159,2026-02-01 08:04:53.513413,ATMN,26.3,26.3,26.57,2137000.0,2067000.0,0,0,0,0,0,0
,,,,,,159,2026-02-01 08:04:53.513413,WNTR,24.24,24.17,24.24,2438500.0,2377200.0,0,0,0,0,0,0
2.0,1.0,1.0,,Aggregate Position Limit,Your CRO has set the aggregate position limit to 10000 shares for this week.,160,2026-02-01 08:04:54.543683,SPNG,24.54,24.49,24.54,2278800.0,2079200.0,0,0,0,0,0,0
1.0,1.0,1.0,,Welcome to the RITC 2026 Alogithmic Market Making Case - practice server,,160,2026-02-01 08:04:54.543683,SMMR,26.97,26.72,26.78,2130900.0,1923400.0,0,0,0,0,0,0
,,,,,,160,2026-02-01 08:04:54.543683,ATMN,26.57,26.37,26.57,2113700.0,2098700.0,0,0,0,0,0,0
,,,,,,160,2026-02-01 08:04:54.543683,WNTR,24.32,24.17,24.32,2438500.0,2329700.0,0,0,0,0,0,0
2.0,1.0,1.0,,Aggregate Position Limit,Your CRO has set the aggregate position limit to 10000 shares for this week.,161,2026-02-01 08:04:55.587456,SPNG,24.33,24.33,24.54,2321500.0,2079200.0,0,0,0,0,0,0
1.0,1.0,1.0,,Welcome to the RITC 2026 Alogithmic Market Making Case - practice server,,161,2026-02-01 08:04:55.587456,SMMR,26.78,26.72,26.78,2128000.0,1923400.0,0,0,0,0,0,0
,,,,,,161,2026-02-01 08:04:55.587456,ATMN,26.57,26.66,26.67,2128600.0,2078500.0,0,0,0,0,0,0
,,,,,,161,2026-02-01 08:04:55.587456,WNTR,24.36,24.13,24.36,2434600.0,2335300.0,0,0,0,0,0,0
2.0,1.0,1.0,,Aggregate Position Limit,Your CRO has set the aggregate position limit to 10000 shares for this week.,162,2026-02-01 08:04:56.625079,SPNG,24.2,24.38,24.54,2321800.0,2111900.0,0,0,0,0,0,0
1.0,1.0,1.0,,Welcome to the RITC 2026 Alogithmic Market Making Case - practice server,,162,2026-02-01 08:04:56.625079,SMMR,26.91,26.72,26.91,2104200.0,1926600.0,0,0,0,0,0,0
,,,,,,162,2026-02-01 08:04:56.625079,ATMN,26.28,26.28,26.29,2116500.0,2080600.0,0,0,0,0,0,0
,,,,,,162,2026-02-01 08:04:56.625079,WNTR,24.37,24.13,24.37,2451400.0,2336500.0,0,0,0,0,0,0
2.0,1.0,1.0,,Aggregate Position Limit,Your CRO has set the aggregate position limit to 10000 shares for this week.,163,2026-02-01 08:04:57.663800,SPNG,24.2,24.47,24.54,2346700.0,2148800.0,0,0,0,0,0,0
1.0,1.0,1.0,,Welcome to the RITC 2026 Alogithmic Market Making Case - practice server,,163,2026-02-01 08:04:57.663800,SMMR,26.7,26.7,26.9,2094900.0,1946300.0,0,0,0,0,0,0
,,,,,,163,2026-02-01 08:04:57.663800,ATMN,26.3,26.22,26.26,2130400.0,2110900.0,0,0,0,0,0,0
,,,,,,163,2026-02-01 08:04:57.663800,WNTR,24.13,24.13,24.21,2451400.0,2355400.0,0,0,0,0,0,0
2.0,1.0,1.0,,Aggregate Position Limit,Your CRO has set the aggregate position limit to 10000 shares for this week.,164,2026-02-01 08:04:58.701231,SPNG,24.2,24.2,24.54,2332300.0,2161100.0,0,0,0,0,0,0
1.0,1.0,1.0,,Welcome to the RITC 2026 Alogithmic Market Making Case - practice server,,164,2026-02-01 08:04:58.701231,SMMR,26.69,26.69,26.87,2118700.0,2049400.0,0,0,0,0,0,0
,,,,,,164,2026-02-01 08:04:58.701231,ATMN,26.22,26.22,26.47,2115900.0,2096900.0,0,0,0,0,0,0
,,,,,,164,2026-02-01 08:04:58.701231,WNTR,24.1,24.2,24.21,2374500.0,2355400.0,0,0,0,0,0,0
2.0,1.0,1.0,,Aggregate Position Limit,Your CRO has set the aggregate position limit to 10000 shares for this week.,165,2026-02-01 08:04:59.731485,SPNG,24.22,24.36,24.54,2321900.0,2161100.0,0,0,0,0,0,0
1.0,1.0,1.0,,Welcome to the RITC 2026 Alogithmic Market Making Case - practice server,,165,2026-02-01 08:04:59.731485,SMMR,26.68,26.68,26.94,2124300.0,2041200.0,0,0,0,0,0,0
,,,,,,165,2026-02-01 08:04:59.731485,ATMN,26.58,26.34,26.58,2106600.0,2096300.0,0,0,0,0,0,0
,,,,,,165,2026-02-01 08:04:59.731485,WNTR,24.1,24.2,24.21,2355100.0,2355400.0,0,0,0,0,0,0
2.0,1.0,1.0,,Aggregate Position Limit,Your CRO has set the aggregate position limit to 10000 shares for this week.,166,2026-02-01 08:05:00.767597,SPNG,24.27,24.27,24.54,2289900.0,2166600.0,0,0,0,0,0,0
1.0,1.0,1.0,,Welcome to the RITC 2026 Alogithmic Market Making Case - practice server,,166,2026-02-01 08:05:00.767597,SMMR,26.68,26.73,26.94,2151600.0,2066800.0,0,0,0,0,0,0
,,,,,,166,2026-02-01 08:05:00.767597,ATMN,26.34,26.34,26.58,2106600.0,2059800.0,0,0,0,0,0,0
,,,,,,166,2026-02-01 08:05:00.767597,WNTR,24.2,24.2,24.21,2331600.0,2375000.0,0,0,0,0,0,0
2.0,1.0,1.0,,Aggregate Position Limit,Your CRO has set the aggregate position limit to 10000 shares for this week.,167,2026-02-01 08:05:01.810329,SPNG,24.55,24.55,24.63,2263800.0,2153600.0,0,0,0,0,0,0
1.0,1.0,1.0,,Welcome to the RITC 2026 Alogithmic Market Making Case - practice server,,167,2026-02-01 08:05:01.810329,SMMR,26.68,26.73,26.75,2120100.0,2094000.0,0,0,0,0,0,0
,,,,,,167,2026-02-01 08:05:01.810329,ATMN,26.52,26.22,26.48,2115100.0,2056100.0,0,0,0,0,0,0
,,,,,,167,2026-02-01 08:05:01.810329,WNTR,24.23,24.2,24.23,2350500.0,2356600.0,0,0,0,0,0,0
2.0,1.0,1.0,,Aggregate Position Limit,Your CRO has set the aggregate position limit to 10000 shares for this week.,168,2026-02-01 08:05:02.854629,SPNG,24.55,24.27,24.28,2240900.0,2188100.0,0,0,0,0,0,0
1.0,1.0,1.0,,Welcome to the RITC 2026 Alogithmic Market Making Case - practice server,,168,2026-02-01 08:05:02.854629,SMMR,26.75,26.75,26.93,2118900.0,2068700.0,0,0,0,0,0,0
,,,,,,168,2026-02-01 08:05:02.854629,ATMN,26.58,26.22,26.45,2115100.0,2082400.0,0,0,0,0,0,0
,,,,,,168,2026-02-01 08:05:02.854629,WNTR,24.23,24.21,24.23,2305800.0,2397600.0,0,0,0,0,0,0
2.0,1.0,1.0,,Aggregate Position Limit,Your CRO has set the aggregate position limit to 10000 shares for this week.,169,2026-02-01 08:05:03.919704,SPNG,24.63,24.27,24.38,2240900.0,2217100.0,0,0,0,0,0,0
1.0,1.0,1.0,,Welcome to the RITC 2026 Alogithmic Market Making Case - practice server,,169,2026-02-01 08:05:03.919704,SMMR,26.75,26.9,26.93,2131600.0,2068700.0,0,0,0,0,0,0
,,,,,,169,2026-02-01 08:05:03.919704,ATMN,26.45,26.65,26.67,2120700.0,2047600.0,0,0,0,0,0,0
,,,,,,169,2026-02-01 08:05:03.919704,WNTR,24.16,24.16,24.23,2355300.0,2382900.0,0,0,0,0,0,0
2.0,1.0,1.0,,Aggregate Position Limit,Your CRO has set the aggregate position limit to 10000 shares for this week.,170,2026-02-01 08:05:04.957515,SPNG,24.38,24.4,24.63,2240600.0,2207600.0,0,0,0,0,0,0
1.0,1.0,1.0,,Welcome to the RITC 2026 Alogithmic Market Making Case - practice server,,170,2026-02-01 08:05:04.957515,SMMR,26.9,26.78,26.88,2116100.0,2096500.0,0,0,0,0,0,0
,,,,,,170,2026-02-01 08:05:04.957515,ATMN,26.65,26.29,26.41,2146800.0,2037800.0,0,0,0,0,0,0
,,,,,,170,2026-02-01 08:05:04.957515,WNTR,24.15,24.15,24.23,2361600.0,2291700.0,0,0,0,0,0,0
2.0,1.0,1.0,,Aggregate Position Limit,Your CRO has set the aggregate position limit to 10000 shares for this week.,171,2026-02-01 08:05:06.009208,SPNG,24.32,24.32,24.63,2236500.0,2207600.0,0,0,0,0,0,0
1.0,1.0,1.0,,Welcome to the RITC 2026 Alogithmic Market Making Case - practice server,,171,2026-02-01 08:05:06.009208,SMMR,26.93,26.87,26.93,2121200.0,2096500.0,0,0,0,0,0,0
,,,,,,171,2026-02-01 08:05:06.009208,ATMN,26.19,26.19,26.27,2125100.0,2053600.0,0,0,0,0,0,0
,,,,,,171,2026-02-01 08:05:06.009208,WNTR,24.13,24.13,24.24,2363700.0,2320400.0,0,0,0,0,0,0
2.0,1.0,1.0,,Aggregate Position Limit,Your CRO has set the aggregate position limit to 10000 shares for this week.,173,2026-02-01 08:05:07.040252,SPNG,24.32,24.6,24.63,2240600.0,2192400.0,0,0,0,0,0,0
1.0,1.0,1.0,,Welcome to the RITC 2026 Alogithmic Market Making Case - practice server,,173,2026-02-01 08:05:07.040252,SMMR,26.84,26.84,26.93,2119800.0,2097900.0,0,0,0,0,0,0
,,,,,,173,2026-02-01 08:05:07.040252,ATMN,26.19,26.19,26.38,2125100.0,2064100.0,0,0,0,0,0,0
,,,,,,173,2026-02-01 08:05:07.040252,WNTR,24.08,24.12,24.24,2382500.0,2300500.0,0,0,0,0,0,0
2.0,1.0,1.0,,Aggregate Position Limit,Your CRO has set the aggregate position limit to 10000 shares for this week.,174,2026-02-01 08:05:08.104722,SPNG,24.65,24.2,24.65,2245300.0,2208100.0,0,0,0,0,0,0
1.0,1.0,1.0,,Welcome to the RITC 2026 Alogithmic Market Making Case - practice server,,174,2026-02-01 08:05:08.104722,SMMR,26.84,26.84,26.85,2119800.0,2035300.0,0,0,0,0,0,0
,,,,,,174,2026-02-01 08:05:08.104722,ATMN,26.38,26.37,26.38,2113300.0,2081300.0,0,0,0,0,0,0
,,,,,,174,2026-02-01 08:05:08.104722,WNTR,24.25,24.12,24.25,2382500.0,2315500.0,0,0,0,0,0,0
2.0,1.0,1.0,,Aggregate Position Limit,Your CRO has set the aggregate position limit to 10000 shares for this week.,175,2026-02-01 08:05:09.164617,SPNG,24.66,24.2,24.66,2275800.0,2177600.0,0,0,0,0,0,0
1.0,1.0,1.0,,Welcome to the RITC 2026 Alogithmic Market Making Case - practice server,,175,2026-02-01 08:05:09.164617,SMMR,26.78,26.78,26.85,2107600.0,2035300.0,0,0,0,0,0,0
,,,,,,175,2026-02-01 08:05:09.164617,ATMN,26.37,26.19,26.33,2104500.0,2053700.0,0,0,0,0,0,0
,,,,,,175,2026-02-01 08:05:09.164617,WNTR,24.25,24.12,24.14,2382500.0,2349100.0,0,0,0,0,0,0
2.0,1.0,1.0,,Aggregate Position Limit,Your CRO has set the aggregate position limit to 10000 shares for this week.,176,2026-02-01 08:05:10.198891,SPNG,24.22,24.51,24.67,2243800.0,2165800.0,0,0,0,0,0,0
1.0,1.0,1.0,,Welcome to the RITC 2026 Alogithmic Market Making Case - practice server,,176,2026-02-01 08:05:10.198891,SMMR,26.94,26.75,26.94,2115700.0,2045600.0,0,0,0,0,0,0
,,,,,,176,2026-02-01 08:05:10.198891,ATMN,26.34,26.19,26.24,2104500.0,2066300.0,0,0,0,0,0,0
,,,,,,176,2026-02-01 08:05:10.198891,WNTR,24.25,24.12,24.14,2340100.0,2307700.0,0,0,0,0,0,0
2.0,1.0,1.0,,Aggregate Position Limit,Your CRO has set the aggregate position limit to 10000 shares for this week.,177,2026-02-01 08:05:11.234500,SPNG,24.58,24.64,24.67,2263500.0,2187900.0,0,0,0,0,0,0
1.0,1.0,1.0,,Welcome to the RITC 2026 Alogithmic Market Making Case - practice server,,177,2026-02-01 08:05:11.234500,SMMR,26.94,26.85,26.86,2113100.0,2032900.0,0,0,0,0,0,0
,,,,,,177,2026-02-01 08:05:11.234500,ATMN,26.57,26.2,26.57,2125000.0,2073800.0,0,0,0,0,0,0
,,,,,,177,2026-02-01 08:05:11.234500,WNTR,24.14,24.12,24.14,2340100.0,2348300.0,0,0,0,0,0,0
2.0,1.0,1.0,,Aggregate Position Limit,Your CRO has set the aggregate position limit to 10000 shares for this week.,178,2026-02-01 08:05:12.259783,SPNG,24.64,24.2,24.61,2255300.0,2175600.0,0,0,0,0,0,0
1.0,1.0,1.0,,Welcome to the RITC 2026 Alogithmic Market Making Case - practice server,,178,2026-02-01 08:05:12.259783,SMMR,26.85,26.85,26.86,2113100.0,1977600.0,0,0,0,0,0,0
,,,,,,178,2026-02-01 08:05:12.259783,ATMN,26.2,26.2,26.47,2125000.0,2079800.0,0,0,0,0,0,0
,,,,,,178,2026-02-01 08:05:12.259783,WNTR,24.18,24.12,24.18,2326200.0,2323000.0,0,0,0,0,0,0
2.0,1.0,1.0,,Aggregate Position Limit,Your CRO has set the aggregate position limit to 10000 shares for this week.,179,2026-02-01 08:05:13.336880,SPNG,24.68,24.44,24.68,2272400.0,2184300.0,0,0,0,0,0,0
1.0,1.0,1.0,,Welcome to the RITC 2026 Alogithmic Market Making Case - practice server,,179,2026-02-01 08:05:13.336880,SMMR,26.74,26.74,26.77,2097800.0,2009600.0,0,0,0,0,0,0
,,,,,,179,2026-02-01 08:05:13.336880,ATMN,26.2,26.34,26.47,2122200.0,2078300.0,0,0,0,0,0,0
,,,,,,179,2026-02-01 08:05:13.336880,WNTR,24.18,24.12,24.15,2317900.0,2295400.0,0,0,0,0,0,0
2.0,1.0,1.0,,Aggregate Position Limit,Your CRO has set the aggregate position limit to 10000 shares for this week.,180,2026-02-01 08:05:14.367362,SPNG,25.47,25.47,25.88,815200.0,683200.0,0,0,0,0,0,0
1.0,1.0,1.0,,Welcome to the RITC 2026 Alogithmic Market Making Case - practice server,,180,2026-02-01 08:05:14.367362,SMMR,26.77,25.53,25.96,920100.0,867200.0,0,0,0,0,0,0
,,,,,,180,2026-02-01 08:05:14.367362,ATMN,26.34,24.84,25.31,957200.0,773100.0,0,0,0,0,0,0
,,,,,,180,2026-02-01 08:05:14.367362,WNTR,24.08,24.45,24.58,942300.0,868100.0,0,0,0,0,0,0
2.0,1.0,1.0,,Aggregate Position Limit,Your CRO has set the aggregate position limit to 10000 shares for this week.,181,2026-02-01 08:05:15.401846,SPNG,25.35,25.41,25.61,1076600.0,909700.0,0,0,0,0,0,0
1.0,1.0,1.0,,Welcome to the RITC 2026 Alogithmic Market Making Case - practice server,,181,2026-02-01 08:05:15.401846,SMMR,25.32,25.32,25.57,1089900.0,961100.0,0,0,0,0,0,0
,,,,,,181,2026-02-01 08:05:15.401846,ATMN,24.84,24.84,25.19,986000.0,1072400.0,0,0,0,0,0,0
,,,,,,181,2026-02-01 08:05:15.401846,WNTR,24.41,24.48,24.58,1075200.0,957100.0,0,0,0,0,0,0
2.0,1.0,1.0,,Aggregate Position Limit,Your CRO has set the aggregate position limit to 10000 shares for this week.,182,2026-02-01 08:05:16.437380,SPNG,25.43,25.44,25.61,1199200.0,1017700.0,0,0,0,0,0,0
1.0,1.0,1.0,,Welcome to the RITC 2026 Alogithmic Market Making Case - practice server,,182,2026-02-01 08:05:16.437380,SMMR,25.57,25.6,25.96,1367200.0,867200.0,0,0,0,0,0,0
,,,,,,182,2026-02-01 08:05:16.437380,ATMN,25.25,24.76,25.18,1102600.0,1068100.0,0,0,0,0,0,0
,,,,,,182,2026-02-01 08:05:16.437380,WNTR,24.48,24.22,24.45,935200.0,1320500.0,0,0,0,0,0,0
2.0,1.0,1.0,,Aggregate Position Limit,Your CRO has set the aggregate position limit to 10000 shares for this week.,183,2026-02-01 08:05:17.468272,SPNG,24.71,24.71,25.61,974700.0,1216000.0,0,0,0,0,0,0
1.0,1.0,1.0,,Welcome to the RITC 2026 Alogithmic Market Making Case - practice server,,183,2026-02-01 08:05:17.468272,SMMR,25.6,25.44,25.53,1352100.0,1097500.0,0,0,0,0,0,0
,,,,,,183,2026-02-01 08:05:17.468272,ATMN,24.76,24.32,24.72,1238800.0,1178500.0,0,0,0,0,0,0
,,,,,,183,2026-02-01 08:05:17.468272,WNTR,24.3,24.36,24.45,1072700.0,1444200.0,0,0,0,0,0,0
2.0,1.0,1.0,,Aggregate Position Limit,Your CRO has set the aggregate position limit to 10000 shares for this week.,184,2026-02-01 08:05:18.506682,SPNG,25.28,24.71,25.26,974700.0,1201700.0,0,0,0,0,0,0
1.0,1.0,1.0,,Welcome to the RITC 2026 Alogithmic Market Making Case - practice server,,184,2026-02-01 08:05:18.506682,SMMR,25.6,25.5,25.53,1584100.0,1338500.0,0,0,0,0,0,0
,,,,,,184,2026-02-01 08:05:18.506682,ATMN,24.8,24.44,24.52,1365700.0,1164800.0,0,0,0,0,0,0
,,,,,,184,2026-02-01 08:05:18.506682,WNTR,24.22,24.22,24.45,954200.0,1677400.0,0,0,0,0,0,0
2.0,1.0,1.0,,Aggregate Position Limit,Your CRO has set the aggregate position limit to 10000 shares for this week.,185,2026-02-01 08:05:19.531661,SPNG,25.54,25.13,25.32,1203900.0,1189500.0,0,0,0,0,0,0
1.0,1.0,1.0,,Welcome to the RITC 2026 Alogithmic Market Making Case - practice server,,185,2026-02-01 08:05:19.531661,SMMR,25.5,25.5,25.55,1688500.0,1230200.0,0,0,0,0,0,0
,,,,,,185,2026-02-01 08:05:19.531661,ATMN,24.91,24.91,24.96,1495700.0,1305000.0,0,0,0,0,0,0
,,,,,,185,2026-02-01 08:05:19.531661,WNTR,24.22,24.06,24.15,1245600.0,1919400.0,0,0,0,0,0,0
