news_id,period,tick,ticker,headline,body,tick,timestamp,ticker,last_price,bid_price,ask_price,BUY_ANON,SELL_ANON
2.0,1.0,1.0,,Aggregate Position Limit,Your CRO has set the aggregate position limit to 12000 shares for this week.,2,2026-02-01 01:58:05.244474,SPNG,25.2,24.81,24.94,2170500.0,2011600.0
1.0,1.0,1.0,,Welcome to the RITC 2026 Alogithmic Market Making Case - practice server,,2,2026-02-01 01:58:05.244474,SMMR,25.0,24.97,25.0,1813700.0,1955900.0
,,,,,,2,2026-02-01 01:58:05.244474,ATMN,25.13,24.91,25.13,2226200.0,1999000.0
,,,,,,2,2026-02-01 01:58:05.244474,WNTR,25.03,24.9,25.03,1830100.0,2171200.0
2.0,1.0,1.0,,Aggregate Position Limit,Your CRO has set the aggregate position limit to 12000 shares for this week.,3,2026-02-01 01:58:06.291965,SPNG,25.29,24.98,25.29,2139300.0,1895600.0
1.0,1.0,1.0,,Welcome to the RITC 2026 Alogithmic Market Making Case - practice server,,3,2026-02-01 01:58:06.291965,SMMR,24.97,24.89,24.91,1791800.0,1945300.0
,,,,,,3,2026-02-01 01:58:06.291965,ATMN,24.91,24.91,25.01,2229100.0,2117100.0
,,,,,,3,2026-02-01 01:58:06.291965,WNTR,25.18,24.9,25.18,1830100.0,2166000.0
2.0,1.0,1.0,,Aggregate Position Limit,Your CRO has set the aggregate position limit to 12000 shares for this week.,4,2026-02-01 01:58:07.341322,SPNG,24.72,24.72,25.24,2032700.0,1982600.0
1.0,1.0,1.0,,Welcome to the RITC 2026 Alogithmic Market Making Case - practice server,,4,2026-02-01 01:58:07.341322,SMMR,24.88,24.88,24.91,1911200.0,1945300.0
,,,,,,4,2026-02-01 01:58:07.341322,ATMN,25.25,24.91,25.25,2221200.0,1898300.0
,,,,,,4,2026-02-01 01:58:07.341322,WNTR,25.18,24.9,24.98,2027300.0,2126400.0
2.0,1.0,1.0,,Aggregate Position Limit,Your CRO has set the aggregate position limit to 12000 shares for this week.,5,2026-02-01 01:58:08.390603,SPNG,25.29,24.72,25.29,1961400.0,1895600.0
1.0,1.0,1.0,,Welcome to the RITC 2026 Alogithmic Market Making Case - practice server,,5,2026-02-01 01:58:08.390603,SMMR,25.1,24.99,25.04,2007400.0,1976100.0
,,,,,,5,2026-02-01 01:58:08.390603,ATMN,24.89,25.11,25.25,2222100.0,1898300.0
,,,,,,5,2026-02-01 01:58:08.390603,WNTR,25.18,24.9,25.18,2148700.0,2143500.0
2.0,1.0,1.0,,Aggregate Position Limit,Your CRO has set the aggregate position limit to 12000 shares for this week.,6,2026-02-01 01:58:09.440137,SPNG,24.72,24.72,25.93,1961400.0,1778000.0
1.0,1.0,1.0,,Welcome to the RITC 2026 Alogithmic Market Making Case - practice server,,6,2026-02-01 01:58:09.440137,SMMR,24.99,24.91,24.92,1995500.0,1973000.0
,,,,,,6,2026-02-01 01:58:09.440137,ATMN,24.91,25.05,25.25,2249300.0,1898300.0
,,,,,,6,2026-02-01 01:58:09.440137,WNTR,25.2,25.09,25.2,2160900.0,2136700.0
2.0,1.0,1.0,,Aggregate Position Limit,Your CRO has set the aggregate position limit to 12000 shares for this week.,7,2026-02-01 01:58:10.507452,SPNG,24.72,24.2,24.54,1840600.0,1962700.0
1.0,1.0,1.0,,Welcome to the RITC 2026 Alogithmic Market Making Case - practice server,,7,2026-02-01 01:58:10.507452,SMMR,24.91,24.88,24.91,2021000.0,1998500.0
,,,,,,7,2026-02-01 01:58:10.507452,ATMN,25.05,25.05,25.18,2249300.0,2019600.0
,,,,,,7,2026-02-01 01:58:10.507452,WNTR,25.2,25.09,25.2,2160900.0,2134800.0
2.0,1.0,1.0,,Aggregate Position Limit,Your CRO has set the aggregate position limit to 12000 shares for this week.,9,2026-02-01 01:58:11.558254,SPNG,24.72,24.2,24.54,2240400.0,1962700.0
1.0,1.0,1.0,,Welcome to the RITC 2026 Alogithmic Market Making Case - practice server,,9,2026-02-01 01:58:11.558254,SMMR,24.85,24.85,24.92,2050800.0,1976300.0
,,,,,,9,2026-02-01 01:58:11.558254,ATMN,24.86,25.18,25.27,2267600.0,1787000.0
,,,,,,9,2026-02-01 01:58:11.558254,WNTR,25.09,25.09,25.2,2138700.0,2135600.0
2.0,1.0,1.0,,Aggregate Position Limit,Your CRO has set the aggregate position limit to 12000 shares for this week.,10,2026-02-01 01:58:12.604510,SPNG,24.72,24.48,24.54,2177300.0,1962700.0
1.0,1.0,1.0,,Welcome to the RITC 2026 Alogithmic Market Making Case - practice server,,10,2026-02-01 01:58:12.604510,SMMR,25.17,24.85,25.17,2049600.0,1983900.0
,,,,,,10,2026-02-01 01:58:12.604510,ATMN,24.86,25.18,25.27,2267600.0,2084800.0
,,,,,,10,2026-02-01 01:58:12.604510,WNTR,25.22,24.96,25.22,2119600.0,2152400.0
2.0,1.0,1.0,,Aggregate Position Limit,Your CRO has set the aggregate position limit to 12000 shares for this week.,11,2026-02-01 01:58:13.641208,SPNG,24.54,24.61,24.86,2158800.0,1973800.0
1.0,1.0,1.0,,Welcome to the RITC 2026 Alogithmic Market Making Case - practice server,,11,2026-02-01 01:58:13.641208,SMMR,25.2,24.85,24.94,2049600.0,1952100.0
,,,,,,11,2026-02-01 01:58:13.641208,ATMN,25.07,25.14,25.27,2271300.0,2079900.0
,,,,,,11,2026-02-01 01:58:13.641208,WNTR,25.22,25.18,25.22,2129600.0,2165200.0
2.0,1.0,1.0,,Aggregate Position Limit,Your CRO has set the aggregate position limit to 12000 shares for this week.,12,2026-02-01 01:58:14.673817,SPNG,24.48,24.48,25.2,2177300.0,1987700.0
1.0,1.0,1.0,,Welcome to the RITC 2026 Alogithmic Market Making Case - practice server,,12,2026-02-01 01:58:14.673817,SMMR,24.94,24.94,25.1,2025100.0,1976000.0
,,,,,,12,2026-02-01 01:58:14.673817,ATMN,25.11,24.86,25.11,2254600.0,2079100.0
,,,,,,12,2026-02-01 01:58:14.673817,WNTR,25.18,25.18,25.19,2100000.0,2174100.0
2.0,1.0,1.0,,Aggregate Position Limit,Your CRO has set the aggregate position limit to 12000 shares for this week.,13,2026-02-01 01:58:15.703919,SPNG,24.48,24.6,25.12,2176900.0,1990900.0
1.0,1.0,1.0,,Welcome to the RITC 2026 Alogithmic Market Making Case - practice server,,13,2026-02-01 01:58:15.703919,SMMR,24.94,24.94,24.95,2016700.0,1964900.0
,,,,,,13,2026-02-01 01:58:15.703919,ATMN,24.82,24.82,25.11,2229800.0,2091500.0
,,,,,,13,2026-02-01 01:58:15.703919,WNTR,25.19,25.21,25.22,2092800.0,2183100.0
2.0,1.0,1.0,,Aggregate Position Limit,Your CRO has set the aggregate position limit to 12000 shares for this week.,14,2026-02-01 01:58:16.759901,SPNG,25.2,24.6,25.2,2200200.0,1987700.0
1.0,1.0,1.0,,Welcome to the RITC 2026 Alogithmic Market Making Case - practice server,,14,2026-02-01 01:58:16.759901,SMMR,24.95,25.01,25.1,2019500.0,1976000.0
,,,,,,14,2026-02-01 01:58:16.759901,ATMN,24.81,24.81,25.01,2208300.0,2091000.0
,,,,,,14,2026-02-01 01:58:16.759901,WNTR,25.19,25.21,25.22,2092800.0,2166800.0
2.0,1.0,1.0,,Aggregate Position Limit,Your CRO has set the aggregate position limit to 12000 shares for this week.,15,2026-02-01 01:58:17.817833,SPNG,24.6,24.7,25.2,2184500.0,1997400.0
1.0,1.0,1.0,,Welcome to the RITC 2026 Alogithmic Market Making Case - practice server,,15,2026-02-01 01:58:17.817833,SMMR,25.01,24.94,24.97,2016600.0,1983400.0
,,,,,,15,2026-02-01 01:58:17.817833,ATMN,25.12,24.81,25.12,2209000.0,2102200.0
,,,,,,15,2026-02-01 01:58:17.817833,WNTR,25.21,25.18,25.19,2100000.0,2189200.0
2.0,1.0,1.0,,Aggregate Position Limit,Your CRO has set the aggregate position limit to 12000 shares for this week.,16,2026-02-01 01:58:18.857258,SPNG,24.97,24.97,25.2,2213200.0,1978100.0
1.0,1.0,1.0,,Welcome to the RITC 2026 Alogithmic Market Making Case - practice server,,16,2026-02-01 01:58:18.857258,SMMR,24.94,24.94,24.97,2056800.0,1983400.0
,,,,,,16,2026-02-01 01:58:18.857258,ATMN,25.12,25.04,25.12,2212100.0,2121200.0
,,,,,,16,2026-02-01 01:58:18.857258,WNTR,25.18,24.98,25.09,2120200.0,2192000.0
2.0,1.0,1.0,,Aggregate Position Limit,Your CRO has set the aggregate position limit to 12000 shares for this week.,17,2026-02-01 01:58:19.907729,SPNG,25.02,24.97,25.02,2213200.0,2004900.0
1.0,1.0,1.0,,Welcome to the RITC 2026 Alogithmic Market Making Case - practice server,,17,2026-02-01 01:58:19.907729,SMMR,24.94,24.94,24.97,2074500.0,1983400.0
,,,,,,17,2026-02-01 01:58:19.907729,ATMN,25.15,24.81,25.15,2204500.0,2118300.0
,,,,,,17,2026-02-01 01:58:19.907729,WNTR,25.21,25.03,25.14,2111800.0,2198000.0
2.0,1.0,1.0,,Aggregate Position Limit,Your CRO has set the aggregate position limit to 12000 shares for this week.,18,2026-02-01 01:58:20.953567,SPNG,24.46,24.46,25.02,2170200.0,2004900.0
1.0,1.0,1.0,,Welcome to the RITC 2026 Alogithmic Market Making Case - practice server,,18,2026-02-01 01:58:20.953567,SMMR,25.1,24.94,24.95,2074500.0,2006700.0
,,,,,,18,2026-02-01 01:58:20.953567,ATMN,25.22,24.96,25.22,2202700.0,2092200.0
,,,,,,18,2026-02-01 01:58:20.953567,WNTR,25.03,25.03,25.22,2111800.0,2177300.0
2.0,1.0,1.0,,Aggregate Position Limit,Your CRO has set the aggregate position limit to 12000 shares for this week.,19,2026-02-01 01:58:22.003026,SPNG,25.29,24.62,25.29,2191700.0,1974500.0
1.0,1.0,1.0,,Welcome to the RITC 2026 Alogithmic Market Making Case - practice server,,19,2026-02-01 01:58:22.003026,SMMR,24.95,24.94,24.95,2089100.0,2006700.0
,,,,,,19,2026-02-01 01:58:22.003026,ATMN,24.96,24.8,24.86,2223500.0,2089500.0
,,,,,,19,2026-02-01 01:58:22.003026,WNTR,25.25,24.96,25.18,2119600.0,2181400.0
2.0,1.0,1.0,,Aggregate Position Limit,Your CRO has set the aggregate position limit to 12000 shares for this week.,20,2026-02-01 01:58:23.057602,SPNG,24.62,24.62,25.01,2191700.0,1971200.0
1.0,1.0,1.0,,Welcome to the RITC 2026 Alogithmic Market Making Case - practice server,,20,2026-02-01 01:58:23.057602,SMMR,24.92,24.92,25.15,2101900.0,1972000.0
,,,,,,20,2026-02-01 01:58:23.057602,ATMN,25.27,24.9,25.27,2210900.0,2079900.0
,,,,,,20,2026-02-01 01:58:23.057602,WNTR,25.25,25.1,25.15,2089100.0,2209900.0
2.0,1.0,1.0,,Aggregate Position Limit,Your CRO has set the aggregate position limit to 12000 shares for this week.,21,2026-02-01 01:58:24.106982,SPNG,25.01,24.62,25.01,2185900.0,1971200.0
1.0,1.0,1.0,,Welcome to the RITC 2026 Alogithmic Market Making Case - practice server,,21,2026-02-01 01:58:24.106982,SMMR,25.0,25.0,25.15,2048000.0,1972000.0
,,,,,,21,2026-02-01 01:58:24.106982,ATMN,25.27,24.9,25.18,2229900.0,2064800.0
,,,,,,21,2026-02-01 01:58:24.106982,WNTR,25.15,25.1,25.12,2067000.0,2216400.0
2.0,1.0,1.0,,Aggregate Position Limit,Your CRO has set the aggregate position limit to 12000 shares for this week.,22,2026-02-01 01:58:25.195828,SPNG,24.98,24.98,25.01,2185700.0,1971200.0
1.0,1.0,1.0,,Welcome to the RITC 2026 Alogithmic Market Making Case - practice server,,22,2026-02-01 01:58:25.195828,SMMR,25.0,25.0,25.07,2048000.0,2013600.0
,,,,,,22,2026-02-01 01:58:25.195828,ATMN,24.9,25.25,25.27,2205900.0,2079900.0
,,,,,,22,2026-02-01 01:58:25.195828,WNTR,25.15,25.16,25.18,2065600.0,2214800.0
2.0,1.0,1.0,,Aggregate Position Limit,Your CRO has set the aggregate position limit to 12000 shares for this week.,23,2026-02-01 01:58:26.240290,SPNG,24.98,24.98,25.01,2185700.0,1978100.0
1.0,1.0,1.0,,Welcome to the RITC 2026 Alogithmic Market Making Case - practice server,,23,2026-02-01 01:58:26.240290,SMMR,25.2,25.0,25.2,2033500.0,1972200.0
,,,,,,23,2026-02-01 01:58:26.240290,ATMN,24.84,24.89,25.27,2215800.0,2079900.0
,,,,,,23,2026-02-01 01:58:26.240290,WNTR,25.16,25.16,25.18,2065600.0,2192100.0
2.0,1.0,1.0,,Aggregate Position Limit,Your CRO has set the aggregate position limit to 12000 shares for this week.,24,2026-02-01 01:58:27.279275,SPNG,24.98,24.75,24.84,2200400.0,1994900.0
1.0,1.0,1.0,,Welcome to the RITC 2026 Alogithmic Market Making Case - practice server,,24,2026-02-01 01:58:27.279275,SMMR,25.2,25.0,25.09,2030700.0,1996500.0
,,,,,,24,2026-02-01 01:58:27.279275,ATMN,25.27,25.28,25.34,2225000.0,2066500.0
,,,,,,24,2026-02-01 01:58:27.279275,WNTR,25.13,25.1,25.13,2067000.0,2206600.0
2.0,1.0,1.0,,Aggregate Position Limit,Your CRO has set the aggregate position limit to 12000 shares for this week.,25,2026-02-01 01:58:28.327985,SPNG,25.01,25.02,25.27,2185500.0,1998100.0
1.0,1.0,1.0,,Welcome to the RITC 2026 Alogithmic Market Making Case - practice server,,25,2026-02-01 01:58:28.327985,SMMR,25.2,25.0,25.2,2030700.0,1967100.0
,,,,,,25,2026-02-01 01:58:28.327985,ATMN,24.89,25.12,25.17,2212300.0,2096800.0
,,,,,,25,2026-02-01 01:58:28.327985,WNTR,25.07,25.07,25.13,2062200.0,2189300.0
2.0,1.0,1.0,,Aggregate Position Limit,Your CRO has set the aggregate position limit to 12000 shares for this week.,26,2026-02-01 01:58:29.402009,SPNG,24.71,24.71,24.98,2228300.0,1966500.0
1.0,1.0,1.0,,Welcome to the RITC 2026 Alogithmic Market Making Case - practice server,,26,2026-02-01 01:58:29.402009,SMMR,25.0,25.0,25.03,2030700.0,1952100.0
,,,,,,26,2026-02-01 01:58:29.402009,ATMN,25.12,24.89,25.0,2249600.0,2125700.0
,,,,,,26,2026-02-01 01:58:29.402009,WNTR,25.23,25.06,25.23,2073300.0,2183300.0
2.0,1.0,1.0,,Aggregate Position Limit,Your CRO has set the aggregate position limit to 12000 shares for this week.,27,2026-02-01 01:58:30.453047,SPNG,24.98,24.65,24.98,2196800.0,1966500.0
1.0,1.0,1.0,,Welcome to the RITC 2026 Alogithmic Market Making Case - practice server,,27,2026-02-01 01:58:30.453047,SMMR,25.03,25.0,25.03,2021300.0,1952100.0
,,,,,,27,2026-02-01 01:58:30.453047,ATMN,25.0,25.06,25.17,2209600.0,2119700.0
,,,,,,27,2026-02-01 01:58:30.453047,WNTR,25.06,25.06,25.23,2073300.0,2183300.0
2.0,1.0,1.0,,Aggregate Position Limit,Your CRO has set the aggregate position limit to 12000 shares for this week.,28,2026-02-01 01:58:31.493662,SPNG,24.62,24.62,25.24,2220000.0,1965700.0
1.0,1.0,1.0,,Welcome to the RITC 2026 Alogithmic Market Making Case - practice server,,28,2026-02-01 01:58:31.493662,SMMR,25.2,25.0,25.2,2021500.0,1978900.0
,,,,,,28,2026-02-01 01:58:31.493662,ATMN,24.89,24.89,25.17,2227200.0,2119800.0
,,,,,,28,2026-02-01 01:58:31.493662,WNTR,25.23,25.06,25.21,2084400.0,2183600.0
2.0,1.0,1.0,,Aggregate Position Limit,Your CRO has set the aggregate position limit to 12000 shares for this week.,29,2026-02-01 01:58:32.541252,SPNG,25.06,24.62,24.8,2220000.0,2022800.0
1.0,1.0,1.0,,Welcome to the RITC 2026 Alogithmic Market Making Case - practice server,,29,2026-02-01 01:58:32.541252,SMMR,24.96,24.96,25.01,2022400.0,1958200.0
,,,,,,29,2026-02-01 01:58:32.541252,ATMN,25.17,24.99,25.17,2222700.0,2119800.0
,,,,,,29,2026-02-01 01:58:32.541252,WNTR,25.21,25.21,25.23,2086300.0,2185100.0
2.0,1.0,1.0,,Aggregate Position Limit,Your CRO has set the aggregate position limit to 12000 shares for this week.,30,2026-02-01 01:58:33.621400,SPNG,24.79,25.1,25.24,2200400.0,1965700.0
1.0,1.0,1.0,,Welcome to the RITC 2026 Alogithmic Market Making Case - practice server,,30,2026-02-01 01:58:33.621400,SMMR,25.2,25.0,25.2,2057100.0,1990400.0
,,,,,,30,2026-02-01 01:58:33.621400,ATMN,24.99,24.99,25.17,2188400.0,2138600.0
,,,,,,30,2026-02-01 01:58:33.621400,WNTR,25.21,25.21,25.23,2086300.0,2180600.0
2.0,1.0,1.0,,Aggregate Position Limit,Your CRO has set the aggregate position limit to 12000 shares for this week.,32,2026-02-01 01:58:34.844337,SPNG,25.27,24.62,25.27,2200200.0,1998100.0
1.0,1.0,1.0,,Welcome to the RITC 2026 Alogithmic Market Making Case - practice server,,32,2026-02-01 01:58:34.844337,SMMR,25.0,24.93,24.94,2034600.0,1970200.0
,,,,,,32,2026-02-01 01:58:34.844337,ATMN,25.17,25.13,25.17,2239700.0,2137400.0
,,,,,,32,2026-02-01 01:58:34.844337,WNTR,25.25,25.06,25.25,2112000.0,2136900.0
2.0,1.0,1.0,,Aggregate Position Limit,Your CRO has set the aggregate position limit to 12000 shares for this week.,33,2026-02-01 01:58:35.963895,SPNG,25.29,24.77,25.29,2215500.0,1984900.0
1.0,1.0,1.0,,Welcome to the RITC 2026 Alogithmic Market Making Case - practice server,,33,2026-02-01 01:58:35.963895,SMMR,24.95,24.93,24.94,2034600.0,1956900.0
,,,,,,33,2026-02-01 01:58:35.963895,ATMN,25.34,25.13,25.34,2239700.0,2118500.0
,,,,,,33,2026-02-01 01:58:35.963895,WNTR,25.06,25.06,25.26,2116000.0,2136700.0
2.0,1.0,1.0,,Aggregate Position Limit,Your CRO has set the aggregate position limit to 12000 shares for this week.,34,2026-02-01 01:58:37.040576,SPNG,25.29,25.31,25.34,2208600.0,1990700.0
1.0,1.0,1.0,,Welcome to the RITC 2026 Alogithmic Market Making Case - practice server,,34,2026-02-01 01:58:37.040576,SMMR,24.94,24.94,25.22,2041600.0,1965400.0
,,,,,,34,2026-02-01 01:58:37.040576,ATMN,25.11,25.11,25.15,2228500.0,2112300.0
,,,,,,34,2026-02-01 01:58:37.040576,WNTR,25.26,25.24,25.26,2137500.0,2136700.0
2.0,1.0,1.0,,Aggregate Position Limit,Your CRO has set the aggregate position limit to 12000 shares for this week.,35,2026-02-01 01:58:38.093436,SPNG,24.61,25.05,25.34,2221700.0,1982400.0
1.0,1.0,1.0,,Welcome to the RITC 2026 Alogithmic Market Making Case - practice server,,35,2026-02-01 01:58:38.093436,SMMR,25.05,24.95,25.05,2052800.0,1969300.0
,,,,,,35,2026-02-01 01:58:38.093436,ATMN,25.15,25.33,25.34,2177800.0,2118500.0
,,,,,,35,2026-02-01 01:58:38.093436,WNTR,25.26,25.24,25.26,2137500.0,2093900.0
2.0,1.0,1.0,,Aggregate Position Limit,Your CRO has set the aggregate position limit to 12000 shares for this week.,36,2026-02-01 01:58:39.141845,SPNG,25.05,24.33,24.85,2208400.0,1906500.0
1.0,1.0,1.0,,Welcome to the RITC 2026 Alogithmic Market Making Case - practice server,,36,2026-02-01 01:58:39.141845,SMMR,25.05,25.19,25.22,2065500.0,1965400.0
,,,,,,36,2026-02-01 01:58:39.141845,ATMN,25.0,25.0,25.34,2183500.0,2118500.0
,,,,,,36,2026-02-01 01:58:39.141845,WNTR,25.28,25.05,25.28,2119000.0,2130900.0
2.0,1.0,1.0,,Aggregate Position Limit,Your CRO has set the aggregate position limit to 12000 shares for this week.,37,2026-02-01 01:58:40.192144,SPNG,25.34,25.16,25.34,2223300.0,1939400.0
1.0,1.0,1.0,,Welcome to the RITC 2026 Alogithmic Market Making Case - practice server,,37,2026-02-01 01:58:40.192144,SMMR,25.13,25.18,25.22,2036900.0,1982000.0
,,,,,,37,2026-02-01 01:58:40.192144,ATMN,25.0,25.06,25.34,2213200.0,2118500.0
,,,,,,37,2026-02-01 01:58:40.192144,WNTR,25.1,25.22,25.28,2151000.0,2130900.0
2.0,1.0,1.0,,Aggregate Position Limit,Your CRO has set the aggregate position limit to 12000 shares for this week.,38,2026-02-01 01:58:41.224695,SPNG,25.16,25.16,25.21,2223300.0,1920700.0
1.0,1.0,1.0,,Welcome to the RITC 2026 Alogithmic Market Making Case - practice server,,38,2026-02-01 01:58:41.224695,SMMR,24.93,25.05,25.12,2054400.0,1955500.0
,,,,,,38,2026-02-01 01:58:41.224695,ATMN,25.06,25.06,25.34,2213200.0,2118500.0
,,,,,,38,2026-02-01 01:58:41.224695,WNTR,25.2,25.21,25.28,2147600.0,2130900.0
2.0,1.0,1.0,,Aggregate Position Limit,Your CRO has set the aggregate position limit to 12000 shares for this week.,39,2026-02-01 01:58:42.267558,SPNG,25.16,24.33,25.15,2208400.0,1937700.0
1.0,1.0,1.0,,Welcome to the RITC 2026 Alogithmic Market Making Case - practice server,,39,2026-02-01 01:58:42.267558,SMMR,25.23,25.05,25.14,2054400.0,1994200.0
,,,,,,39,2026-02-01 01:58:42.267558,ATMN,24.8,24.88,25.12,2210300.0,2108100.0
,,,,,,39,2026-02-01 01:58:42.267558,WNTR,25.17,25.05,25.15,2121400.0,2130900.0
2.0,1.0,1.0,,Aggregate Position Limit,Your CRO has set the aggregate position limit to 12000 shares for this week.,40,2026-02-01 01:58:43.326628,SPNG,25.16,24.99,25.15,2247200.0,1930900.0
1.0,1.0,1.0,,Welcome to the RITC 2026 Alogithmic Market Making Case - practice server,,40,2026-02-01 01:58:43.326628,SMMR,25.09,25.05,25.09,2050900.0,1985200.0
,,,,,,40,2026-02-01 01:58:43.326628,ATMN,24.78,24.78,25.12,2203600.0,2108100.0
,,,,,,40,2026-02-01 01:58:43.326628,WNTR,25.15,25.25,25.28,2156700.0,2130900.0
2.0,1.0,1.0,,Aggregate Position Limit,Your CRO has set the aggregate position limit to 12000 shares for this week.,41,2026-02-01 01:58:44.409625,SPNG,24.33,24.33,25.15,2215600.0,1931700.0
1.0,1.0,1.0,,Welcome to the RITC 2026 Alogithmic Market Making Case - practice server,,41,2026-02-01 01:58:44.409625,SMMR,25.14,25.05,25.14,2050900.0,1994200.0
,,,,,,41,2026-02-01 01:58:44.409625,ATMN,25.03,25.03,25.08,2197100.0,2138600.0
,,,,,,41,2026-02-01 01:58:44.409625,WNTR,25.15,25.15,25.28,2188200.0,2118600.0
2.0,1.0,1.0,,Aggregate Position Limit,Your CRO has set the aggregate position limit to 12000 shares for this week.,42,2026-02-01 01:58:45.492296,SPNG,25.21,24.42,25.21,2251500.0,1914400.0
1.0,1.0,1.0,,Welcome to the RITC 2026 Alogithmic Market Making Case - practice server,,42,2026-02-01 01:58:45.492296,SMMR,24.98,24.98,25.13,2075400.0,1990800.0
,,,,,,42,2026-02-01 01:58:45.492296,ATMN,25.03,24.78,24.98,2203600.0,2118200.0
,,,,,,42,2026-02-01 01:58:45.492296,WNTR,25.15,25.15,25.16,2163800.0,2127800.0
2.0,1.0,1.0,,Aggregate Position Limit,Your CRO has set the aggregate position limit to 12000 shares for this week.,43,2026-02-01 01:58:46.550452,SPNG,25.38,24.42,25.38,2261900.0,1922700.0
1.0,1.0,1.0,,Welcome to the RITC 2026 Alogithmic Market Making Case - practice server,,43,2026-02-01 01:58:46.550452,SMMR,25.0,25.0,25.04,2070700.0,1995700.0
,,,,,,43,2026-02-01 01:58:46.550452,ATMN,25.08,24.78,25.08,2175600.0,2130200.0
,,,,,,43,2026-02-01 01:58:46.550452,WNTR,25.16,25.15,25.16,2205800.0,2127800.0
2.0,1.0,1.0,,Aggregate Position Limit,Your CRO has set the aggregate position limit to 12000 shares for this week.,44,2026-02-01 01:58:47.606853,SPNG,25.43,24.42,24.73,2277100.0,1939500.0
1.0,1.0,1.0,,Welcome to the RITC 2026 Alogithmic Market Making Case - practice server,,44,2026-02-01 01:58:47.606853,SMMR,25.13,24.97,25.13,2052000.0,1990800.0
,,,,,,44,2026-02-01 01:58:47.606853,ATMN,25.08,24.81,25.08,2147600.0,2155000.0
,,,,,,44,2026-02-01 01:58:47.606853,WNTR,25.15,25.15,25.16,2184500.0,2127800.0
2.0,1.0,1.0,,Aggregate Position Limit,Your CRO has set the aggregate position limit to 12000 shares for this week.,45,2026-02-01 01:58:48.679265,SPNG,24.42,24.72,24.76,2270400.0,1958300.0
1.0,1.0,1.0,,Welcome to the RITC 2026 Alogithmic Market Making Case - practice server,,45,2026-02-01 01:58:48.679265,SMMR,25.13,25.01,25.03,2043100.0,1963400.0
,,,,,,45,2026-02-01 01:58:48.679265,ATMN,24.87,24.87,25.08,2166100.0,2142900.0
,,,,,,45,2026-02-01 01:58:48.679265,WNTR,25.23,25.19,25.23,2131400.0,2119200.0
2.0,1.0,1.0,,Aggregate Position Limit,Your CRO has set the aggregate position limit to 12000 shares for this week.,46,2026-02-01 01:58:49.775732,SPNG,24.76,25.02,25.41,2246000.0,1952900.0
1.0,1.0,1.0,,Welcome to the RITC 2026 Alogithmic Market Making Case - practice server,,46,2026-02-01 01:58:49.775732,SMMR,25.13,25.01,25.03,2043100.0,1969900.0
,,,,,,46,2026-02-01 01:58:49.775732,ATMN,24.87,25.0,25.08,2177000.0,2129900.0
,,,,,,46,2026-02-01 01:58:49.775732,WNTR,25.1,25.1,25.28,2172900.0,2104200.0
2.0,1.0,1.0,,Aggregate Position Limit,Your CRO has set the aggregate position limit to 12000 shares for this week.,48,2026-02-01 01:58:50.824545,SPNG,24.72,24.72,24.78,2270400.0,1959300.0
1.0,1.0,1.0,,Welcome to the RITC 2026 Alogithmic Market Making Case - practice server,,48,2026-02-01 01:58:50.824545,SMMR,25.09,25.01,25.09,2028100.0,1986600.0
,,,,,,48,2026-02-01 01:58:50.824545,ATMN,24.87,25.0,25.08,2177000.0,2119800.0
,,,,,,48,2026-02-01 01:58:50.824545,WNTR,25.29,25.08,25.12,2208500.0,2082200.0
2.0,1.0,1.0,,Aggregate Position Limit,Your CRO has set the aggregate position limit to 12000 shares for this week.,49,2026-02-01 01:58:51.875864,SPNG,25.01,24.72,24.87,2260800.0,1986800.0
1.0,1.0,1.0,,Welcome to the RITC 2026 Alogithmic Market Making Case - practice server,,49,2026-02-01 01:58:51.875864,SMMR,25.17,25.01,25.17,2043800.0,1996000.0
,,,,,,49,2026-02-01 01:58:51.875864,ATMN,24.86,25.09,25.12,2146700.0,2109000.0
,,,,,,49,2026-02-01 01:58:51.875864,WNTR,25.06,25.06,25.27,2213400.0,2113700.0
2.0,1.0,1.0,,Aggregate Position Limit,Your CRO has set the aggregate position limit to 12000 shares for this week.,50,2026-02-01 01:58:52.931905,SPNG,24.87,24.65,24.87,2278800.0,1986800.0
1.0,1.0,1.0,,Welcome to the RITC 2026 Alogithmic Market Making Case - practice server,,50,2026-02-01 01:58:52.931905,SMMR,25.08,25.08,25.17,2025400.0,1998000.0
,,,,,,50,2026-02-01 01:58:52.931905,ATMN,25.22,25.09,25.18,2146700.0,2101200.0
,,,,,,50,2026-02-01 01:58:52.931905,WNTR,25.05,25.05,25.27,2197000.0,2092800.0
2.0,1.0,1.0,,Aggregate Position Limit,Your CRO has set the aggregate position limit to 12000 shares for this week.,51,2026-02-01 01:58:53.987960,SPNG,24.99,24.65,24.68,2278800.0,1968200.0
1.0,1.0,1.0,,Welcome to the RITC 2026 Alogithmic Market Making Case - practice server,,51,2026-02-01 01:58:53.987960,SMMR,25.24,25.08,25.24,2025400.0,1956300.0
,,,,,,51,2026-02-01 01:58:53.987960,ATMN,24.81,25.11,25.18,2155100.0,2101200.0
,,,,,,51,2026-02-01 01:58:53.987960,WNTR,25.04,25.04,25.21,2191400.0,2102500.0
2.0,1.0,1.0,,Aggregate Position Limit,Your CRO has set the aggregate position limit to 12000 shares for this week.,52,2026-02-01 01:58:55.044776,SPNG,24.68,24.69,25.01,2315900.0,1978600.0
1.0,1.0,1.0,,Welcome to the RITC 2026 Alogithmic Market Making Case - practice server,,52,2026-02-01 01:58:55.044776,SMMR,25.01,25.01,25.04,2043800.0,1993900.0
,,,,,,52,2026-02-01 01:58:55.044776,ATMN,25.18,24.87,25.18,2157600.0,2101200.0
,,,,,,52,2026-02-01 01:58:55.044776,WNTR,25.18,25.18,25.21,2169600.0,2091800.0
2.0,1.0,1.0,,Aggregate Position Limit,Your CRO has set the aggregate position limit to 12000 shares for this week.,53,2026-02-01 01:58:56.196050,SPNG,24.68,24.69,25.01,2308800.0,1990700.0
1.0,1.0,1.0,,Welcome to the RITC 2026 Alogithmic Market Making Case - practice server,,53,2026-02-01 01:58:56.196050,SMMR,25.11,25.01,25.09,2043800.0,1977000.0
,,,,,,53,2026-02-01 01:58:56.196050,ATMN,24.87,24.87,25.18,2157600.0,2101200.0
,,,,,,53,2026-02-01 01:58:56.196050,WNTR,25.23,25.01,25.23,2164200.0,2129900.0
2.0,1.0,1.0,,Aggregate Position Limit,Your CRO has set the aggregate position limit to 12000 shares for this week.,54,2026-02-01 01:58:57.345556,SPNG,24.68,24.69,25.01,2309900.0,1990700.0
1.0,1.0,1.0,,Welcome to the RITC 2026 Alogithmic Market Making Case - practice server,,54,2026-02-01 01:58:57.345556,SMMR,25.16,25.01,25.16,2055100.0,1985600.0
,,,,,,54,2026-02-01 01:58:57.345556,ATMN,24.77,24.77,24.83,2139100.0,2078300.0
,,,,,,54,2026-02-01 01:58:57.345556,WNTR,25.23,25.14,25.16,2178900.0,2140200.0
2.0,1.0,1.0,,Aggregate Position Limit,Your CRO has set the aggregate position limit to 12000 shares for this week.,55,2026-02-01 01:58:58.434999,SPNG,25.41,24.89,25.41,2324700.0,1965000.0
1.0,1.0,1.0,,Welcome to the RITC 2026 Alogithmic Market Making Case - practice server,,55,2026-02-01 01:58:58.434999,SMMR,25.16,25.01,25.05,2055100.0,1967500.0
,,,,,,55,2026-02-01 01:58:58.434999,ATMN,24.83,25.09,25.17,2140800.0,2080900.0
,,,,,,55,2026-02-01 01:58:58.434999,WNTR,25.23,25.14,25.23,2167700.0,2129900.0
2.0,1.0,1.0,,Aggregate Position Limit,Your CRO has set the aggregate position limit to 12000 shares for this week.,56,2026-02-01 01:58:59.519791,SPNG,25.41,24.89,25.21,2324700.0,1955900.0
1.0,1.0,1.0,,Welcome to the RITC 2026 Alogithmic Market Making Case - practice server,,56,2026-02-01 01:58:59.519791,SMMR,25.05,25.08,25.22,2038900.0,1982100.0
,,,,,,56,2026-02-01 01:58:59.519791,ATMN,24.77,24.84,25.17,2141100.0,2080900.0
,,,,,,56,2026-02-01 01:58:59.519791,WNTR,25.23,25.08,25.23,2167700.0,2150900.0
2.0,1.0,1.0,,Aggregate Position Limit,Your CRO has set the aggregate position limit to 12000 shares for this week.,57,2026-02-01 01:59:00.560194,SPNG,24.67,24.82,25.21,2287400.0,1955900.0
1.0,1.0,1.0,,Welcome to the RITC 2026 Alogithmic Market Making Case - practice server,,57,2026-02-01 01:59:00.560194,SMMR,25.08,24.97,25.0,2065400.0,1983900.0
,,,,,,57,2026-02-01 01:59:00.560194,ATMN,24.77,25.15,25.17,2155200.0,2116000.0
,,,,,,57,2026-02-01 01:59:00.560194,WNTR,25.23,25.14,25.15,2156400.0,2137100.0
2.0,1.0,1.0,,Aggregate Position Limit,Your CRO has set the aggregate position limit to 12000 shares for this week.,58,2026-02-01 01:59:01.600748,SPNG,24.82,25.14,25.21,2302400.0,1969800.0
1.0,1.0,1.0,,Welcome to the RITC 2026 Alogithmic Market Making Case - practice server,,58,2026-02-01 01:59:01.600748,SMMR,25.0,25.21,25.22,2051800.0,1983300.0
,,,,,,58,2026-02-01 01:59:01.600748,ATMN,25.17,24.84,25.17,2141100.0,2116000.0
,,,,,,58,2026-02-01 01:59:01.600748,WNTR,25.19,25.14,25.19,2147200.0,2150000.0
2.0,1.0,1.0,,Aggregate Position Limit,Your CRO has set the aggregate position limit to 12000 shares for this week.,59,2026-02-01 01:59:02.637350,SPNG,24.67,24.67,25.19,2293400.0,1974500.0
1.0,1.0,1.0,,Welcome to the RITC 2026 Alogithmic Market Making Case - practice server,,59,2026-02-01 01:59:02.637350,SMMR,25.21,24.97,25.17,2065400.0,2008800.0
,,,,,,59,2026-02-01 01:59:02.637350,ATMN,25.17,24.84,25.17,2141100.0,2077200.0
,,,,,,59,2026-02-01 01:59:02.637350,WNTR,25.23,25.08,25.23,2158900.0,2150900.0
2.0,1.0,1.0,,Aggregate Position Limit,Your CRO has set the aggregate position limit to 12000 shares for this week.,60,2026-02-01 01:59:03.688868,SPNG,25.19,24.24,24.79,905100.0,848000.0
1.0,1.0,1.0,,Welcome to the RITC 2026 Alogithmic Market Making Case - practice server,,60,2026-02-01 01:59:03.688868,SMMR,25.21,24.94,25.08,816000.0,864300.0
,,,,,,60,2026-02-01 01:59:03.688868,ATMN,25.17,25.19,25.43,894600.0,796600.0
,,,,,,60,2026-02-01 01:59:03.688868,WNTR,25.23,24.06,24.71,909900.0,916100.0
2.0,1.0,1.0,,Aggregate Position Limit,Your CRO has set the aggregate position limit to 12000 shares for this week.,61,2026-02-01 01:59:04.727752,SPNG,24.15,24.15,24.66,959100.0,969500.0
1.0,1.0,1.0,,Welcome to the RITC 2026 Alogithmic Market Making Case - practice server,,61,2026-02-01 01:59:04.727752,SMMR,25.21,24.94,25.02,816000.0,1194800.0
,,,,,,61,2026-02-01 01:59:04.727752,ATMN,25.17,25.19,25.43,894600.0,1140700.0
,,,,,,61,2026-02-01 01:59:04.727752,WNTR,23.85,23.85,24.5,922700.0,1207100.0
2.0,1.0,1.0,,Aggregate Position Limit,Your CRO has set the aggregate position limit to 12000 shares for this week.,62,2026-02-01 01:59:05.779322,SPNG,24.15,24.02,24.05,1359600.0,1096100.0
1.0,1.0,1.0,,Welcome to the RITC 2026 Alogithmic Market Making Case - practice server,,62,2026-02-01 01:59:05.779322,SMMR,25.21,24.94,24.97,816000.0,1595000.0
,,,,,,62,2026-02-01 01:59:05.779322,ATMN,25.19,25.19,25.4,894600.0,1459800.0
,,,,,,62,2026-02-01 01:59:05.779322,WNTR,23.85,23.64,23.77,949500.0,1539100.0
2.0,1.0,1.0,,Aggregate Position Limit,Your CRO has set the aggregate position limit to 12000 shares for this week.,63,2026-02-01 01:59:06.832243,SPNG,24.66,24.02,24.05,1585200.0,1083200.0
1.0,1.0,1.0,,Welcome to the RITC 2026 Alogithmic Market Making Case - practice server,,63,2026-02-01 01:59:06.832243,SMMR,24.94,24.83,24.9,936300.0,1799700.0
,,,,,,63,2026-02-01 01:59:06.832243,ATMN,24.47,24.47,24.81,889600.0,1668900.0
,,,,,,63,2026-02-01 01:59:06.832243,WNTR,23.9,23.72,23.9,1160900.0,1561000.0
2.0,1.0,1.0,,Aggregate Position Limit,Your CRO has set the aggregate position limit to 12000 shares for this week.,64,2026-02-01 01:59:07.880507,SPNG,24.35,24.02,24.2,1585200.0,1098100.0
1.0,1.0,1.0,,Welcome to the RITC 2026 Alogithmic Market Making Case - practice server,,64,2026-02-01 01:59:07.880507,SMMR,24.93,24.83,24.9,936300.0,1901600.0
,,,,,,64,2026-02-01 01:59:07.880507,ATMN,24.47,24.47,24.81,889600.0,1980400.0
,,,,,,64,2026-02-01 01:59:07.880507,WNTR,23.65,23.65,23.9,1067200.0,1766200.0
2.0,1.0,1.0,,Aggregate Position Limit,Your CRO has set the aggregate position limit to 12000 shares for this week.,66,2026-02-01 01:59:08.936153,SPNG,24.34,24.02,24.31,1585200.0,1184300.0
1.0,1.0,1.0,,Welcome to the RITC 2026 Alogithmic Market Making Case - practice server,,66,2026-02-01 01:59:08.936153,SMMR,24.93,24.83,24.9,1031500.0,1997600.0
,,,,,,66,2026-02-01 01:59:08.936153,ATMN,24.13,24.13,24.81,958400.0,2051300.0
,,,,,,66,2026-02-01 01:59:08.936153,WNTR,23.65,23.65,23.9,1335500.0,2002600.0
2.0,1.0,1.0,,Aggregate Position Limit,Your CRO has set the aggregate position limit to 12000 shares for this week.,67,2026-02-01 01:59:10.002161,SPNG,24.55,24.13,24.26,1688600.0,1270200.0
1.0,1.0,1.0,,Welcome to the RITC 2026 Alogithmic Market Making Case - practice server,,67,2026-02-01 01:59:10.002161,SMMR,24.83,24.83,24.9,1031500.0,2019400.0
,,,,,,67,2026-02-01 01:59:10.002161,ATMN,24.13,23.99,24.12,1079500.0,2084400.0
,,,,,,67,2026-02-01 01:59:10.002161,WNTR,23.91,23.65,23.91,1335500.0,2127200.0
2.0,1.0,1.0,,Aggregate Position Limit,Your CRO has set the aggregate position limit to 12000 shares for this week.,68,2026-02-01 01:59:11.081156,SPNG,24.13,24.13,24.55,1688600.0,1260600.0
1.0,1.0,1.0,,Welcome to the RITC 2026 Alogithmic Market Making Case - practice server,,68,2026-02-01 01:59:11.081156,SMMR,24.93,24.7,24.93,946400.0,2005600.0
,,,,,,68,2026-02-01 01:59:11.081156,ATMN,23.99,23.99,24.26,1079500.0,2091100.0
,,,,,,68,2026-02-01 01:59:11.081156,WNTR,23.91,23.89,23.91,1461500.0,2125200.0
2.0,1.0,1.0,,Aggregate Position Limit,Your CRO has set the aggregate position limit to 12000 shares for this week.,69,2026-02-01 01:59:12.274853,SPNG,24.13,24.02,24.04,1853900.0,1469500.0
1.0,1.0,1.0,,Welcome to the RITC 2026 Alogithmic Market Making Case - practice server,,69,2026-02-01 01:59:12.274853,SMMR,24.97,24.7,24.97,1184700.0,1977200.0
,,,,,,69,2026-02-01 01:59:12.274853,ATMN,23.68,23.68,24.26,974100.0,2091100.0
,,,,,,69,2026-02-01 01:59:12.274853,WNTR,23.89,23.65,23.72,1335500.0,2138600.0
2.0,1.0,1.0,,Aggregate Position Limit,Your CRO has set the aggregate position limit to 12000 shares for this week.,70,2026-02-01 01:59:13.410814,SPNG,24.02,24.02,24.51,1853900.0,1444600.0
1.0,1.0,1.0,,Welcome to the RITC 2026 Alogithmic Market Making Case - practice server,,70,2026-02-01 01:59:13.410814,SMMR,24.94,24.94,24.97,1299100.0,1997800.0
,,,,,,70,2026-02-01 01:59:13.410814,ATMN,23.68,24.02,24.13,974100.0,2187200.0
,,,,,,70,2026-02-01 01:59:13.410814,WNTR,23.64,23.64,23.93,1519000.0,2102800.0
2.0,1.0,1.0,,Aggregate Position Limit,Your CRO has set the aggregate position limit to 12000 shares for this week.,71,2026-02-01 01:59:14.493817,SPNG,24.51,24.03,24.51,2095600.0,1444600.0
1.0,1.0,1.0,,Welcome to the RITC 2026 Alogithmic Market Making Case - practice server,,71,2026-02-01 01:59:14.493817,SMMR,24.8,24.93,24.97,1283700.0,1997800.0
,,,,,,71,2026-02-01 01:59:14.493817,ATMN,23.81,23.87,24.13,1484200.0,2143400.0
,,,,,,71,2026-02-01 01:59:14.493817,WNTR,23.64,23.64,23.7,1519000.0,2090800.0
2.0,1.0,1.0,,Aggregate Position Limit,Your CRO has set the aggregate position limit to 12000 shares for this week.,72,2026-02-01 01:59:15.542688,SPNG,23.88,24.39,24.51,2187300.0,1537300.0
1.0,1.0,1.0,,Welcome to the RITC 2026 Alogithmic Market Making Case - practice server,,72,2026-02-01 01:59:15.542688,SMMR,24.82,24.84,24.97,1365200.0,1997800.0
,,,,,,72,2026-02-01 01:59:15.542688,ATMN,23.89,23.87,23.89,1484200.0,2160800.0
,,,,,,72,2026-02-01 01:59:15.542688,WNTR,23.7,23.64,23.7,1752900.0,2090800.0
2.0,1.0,1.0,,Aggregate Position Limit,Your CRO has set the aggregate position limit to 12000 shares for this week.,73,2026-02-01 01:59:16.588032,SPNG,23.86,23.86,24.44,2096900.0,1748800.0
1.0,1.0,1.0,,Welcome to the RITC 2026 Alogithmic Market Making Case - practice server,,73,2026-02-01 01:59:16.588032,SMMR,24.82,24.84,24.91,1471800.0,2006800.0
,,,,,,73,2026-02-01 01:59:16.588032,ATMN,23.89,24.11,24.13,1739700.0,2143400.0
,,,,,,73,2026-02-01 01:59:16.588032,WNTR,23.7,23.67,23.7,2066600.0,2090800.0
2.0,1.0,1.0,,Aggregate Position Limit,Your CRO has set the aggregate position limit to 12000 shares for this week.,74,2026-02-01 01:59:17.654205,SPNG,24.44,24.48,24.51,2461400.0,1632200.0
1.0,1.0,1.0,,Welcome to the RITC 2026 Alogithmic Market Making Case - practice server,,74,2026-02-01 01:59:17.654205,SMMR,24.86,24.84,24.86,1471800.0,2016700.0
,,,,,,74,2026-02-01 01:59:17.654205,ATMN,24.11,24.11,24.13,1739700.0,2196800.0
,,,,,,74,2026-02-01 01:59:17.654205,WNTR,23.85,23.77,23.85,2156500.0,2087300.0
2.0,1.0,1.0,,Aggregate Position Limit,Your CRO has set the aggregate position limit to 12000 shares for this week.,75,2026-02-01 01:59:18.711362,SPNG,24.48,23.89,24.1,2419400.0,1754400.0
1.0,1.0,1.0,,Welcome to the RITC 2026 Alogithmic Market Making Case - practice server,,75,2026-02-01 01:59:18.711362,SMMR,24.79,24.79,24.86,1467300.0,1983300.0
,,,,,,75,2026-02-01 01:59:18.711362,ATMN,23.77,24.12,24.13,1575600.0,2212300.0
,,,,,,75,2026-02-01 01:59:18.711362,WNTR,23.89,23.84,23.89,2286000.0,2063500.0
2.0,1.0,1.0,,Aggregate Position Limit,Your CRO has set the aggregate position limit to 12000 shares for this week.,76,2026-02-01 01:59:19.759366,SPNG,24.48,24.02,24.1,2350100.0,1754400.0
1.0,1.0,1.0,,Welcome to the RITC 2026 Alogithmic Market Making Case - practice server,,76,2026-02-01 01:59:19.759366,SMMR,24.86,24.75,24.86,1442700.0,1979700.0
,,,,,,76,2026-02-01 01:59:19.759366,ATMN,24.13,23.77,24.13,1478500.0,2212300.0
,,,,,,76,2026-02-01 01:59:19.759366,WNTR,23.99,23.67,23.99,2066600.0,1988500.0
2.0,1.0,1.0,,Aggregate Position Limit,Your CRO has set the aggregate position limit to 12000 shares for this week.,77,2026-02-01 01:59:20.813741,SPNG,24.1,24.14,24.51,2313500.0,1632200.0
1.0,1.0,1.0,,Welcome to the RITC 2026 Alogithmic Market Making Case - practice server,,77,2026-02-01 01:59:20.813741,SMMR,24.87,24.75,24.87,1669400.0,1986300.0
,,,,,,77,2026-02-01 01:59:20.813741,ATMN,24.29,24.06,24.08,1604200.0,2162600.0
,,,,,,77,2026-02-01 01:59:20.813741,WNTR,23.99,23.67,23.81,2187900.0,2117200.0
2.0,1.0,1.0,,Aggregate Position Limit,Your CRO has set the aggregate position limit to 12000 shares for this week.,78,2026-02-01 01:59:21.864915,SPNG,24.55,24.57,24.63,2311100.0,1561800.0
1.0,1.0,1.0,,Welcome to the RITC 2026 Alogithmic Market Making Case - practice server,,78,2026-02-01 01:59:21.864915,SMMR,24.92,24.75,24.92,1909200.0,1984200.0
,,,,,,78,2026-02-01 01:59:21.864915,ATMN,23.77,23.77,24.08,1478500.0,2173400.0
,,,,,,78,2026-02-01 01:59:21.864915,WNTR,23.99,23.77,23.81,2291200.0,2117200.0
2.0,1.0,1.0,,Aggregate Position Limit,Your CRO has set the aggregate position limit to 12000 shares for this week.,80,2026-02-01 01:59:23.016210,SPNG,24.17,24.37,24.63,2339400.0,1561800.0
1.0,1.0,1.0,,Welcome to the RITC 2026 Alogithmic Market Making Case - practice server,,80,2026-02-01 01:59:23.016210,SMMR,24.98,24.89,24.98,1909200.0,2019300.0
,,,,,,80,2026-02-01 01:59:23.016210,ATMN,24.08,23.77,23.93,1478500.0,2189000.0
,,,,,,80,2026-02-01 01:59:23.016210,WNTR,23.77,23.77,23.81,2261200.0,2117200.0
2.0,1.0,1.0,,Aggregate Position Limit,Your CRO has set the aggregate position limit to 12000 shares for this week.,81,2026-02-01 01:59:24.076658,SPNG,24.15,24.02,24.14,2321300.0,1660700.0
1.0,1.0,1.0,,Welcome to the RITC 2026 Alogithmic Market Making Case - practice server,,81,2026-02-01 01:59:24.076658,SMMR,24.84,24.9,24.98,1795600.0,2019300.0
,,,,,,81,2026-02-01 01:59:24.076658,ATMN,24.08,23.79,23.93,1704200.0,2189000.0
,,,,,,81,2026-02-01 01:59:24.076658,WNTR,23.72,23.72,23.81,2242800.0,2128100.0
24,5,2,,TEMPERATURE Forecast for DAY 6,The average temperature tomorrow is forecasted to be between 17 and 26 degrees Celsius.,16.0,2026-02-01 02:06:20.813739,NG,2.01,1.99,2.03,800000.0,800000.0
23,4,181,,SPOT PRICE AND VOLUMES FOR DAY 5,The Regulatory Authority for Electricity board decided that on day 5 the following prices and volumes will be enforced:<br><br>364 contracts are available for market participants to buy at a price of $20.77<br><br>364 contracts are available for market participants to sell at a price of $20.76,16.0,2026-02-01 02:06:20.813739,ELEC-day2,0.0,0.0,0.0,,
22,4,150,,PRICE AND VOLUME BULLETIN,"Given the expected supply and demand in the market, the Regulatory Authority for Electricity board expects that the price for tomorrow will be between $17.34 and $26.34.<br><br>There will be 728 contracts available in the entire ELEC market, 364 contracts for buying and 364 contracts for selling. There are a total of 19 Producers, 19 Distributors and 38 Traders in the market.<br><br>Please note that the RAE will charge a bid-ask spread of 1 cent",16.0,2026-02-01 02:06:20.813739,ELEC-day3,0.0,0.0,0.0,,
21,4,150,,TEMPERATURE Forecast for DAY 5,The average temperature tomorrow will be 18 degrees Celsius.,16.0,2026-02-01 02:06:20.813739,ELEC-day4,0.0,0.0,0.0,,
20,4,90,,TEMPERATURE Forecast for DAY 5,The average temperature tomorrow is forecasted to be between 11 and 19 degrees Celsius.,16.0,2026-02-01 02:06:20.813739,ELEC-day5,0.0,20.76,20.77,364.0,364.0
19,4,2,,TEMPERATURE Forecast for DAY 5,The average temperature tomorrow is forecasted to be between 12 and 21 degrees Celsius.,16.0,2026-02-01 02:06:20.813739,ELEC-day6,0.0,0.0,0.0,,
18,3,181,,SPOT PRICE AND VOLUMES FOR DAY 4,The Regulatory Authority for Electricity board decided that on day 4 the following prices and volumes will be enforced:<br><br>364 contracts are available for market participants to buy at a price of $20.77<br><br>364 contracts are available for market participants to sell at a price of $20.76,16.0,2026-02-01 02:06:20.813739,ELEC-F,0.0,0.0,0.0,,
17,3,150,,PRICE AND VOLUME BULLETIN,"Given the expected supply and demand in the market, the Regulatory Authority for Electricity board expects that the price for tomorrow will be between $18.11 and $23.11.<br><br>There will be 728 contracts available in the entire ELEC market, 364 contracts for buying and 364 contracts for selling. There are a total of 19 Producers, 19 Distributors and 38 Traders in the market.<br><br>Please note that the RAE will charge a bid-ask spread of 1 cent",,,,,,,,
16,3,150,,TEMPERATURE Forecast for DAY 4,The average temperature tomorrow will be 22 degrees Celsius.,,,,,,,,
15,3,90,,TEMPERATURE Forecast for DAY 4,The average temperature tomorrow is forecasted to be between 22 and 27 degrees Celsius.,,,,,,,,
14,3,2,,TEMPERATURE Forecast for DAY 4,The average temperature tomorrow is forecasted to be between 15 and 23 degrees Celsius.,,,,,,,,
13,2,181,,SPOT PRICE AND VOLUMES FOR DAY 3,The Regulatory Authority for Electricity board decided that on day 3 the following prices and volumes will be enforced:<br><br>288 contracts are available for market participants to buy at a price of $19.58<br><br>288 contracts are available for market participants to sell at a price of $19.57,,,,,,,,
12,2,150,,PRICE AND VOLUME BULLETIN,"Given the expected supply and demand in the market, the Regulatory Authority for Electricity board expects that the price for tomorrow will be between $16.69 and $24.69.<br><br>There will be 576 contracts available in the entire ELEC market, 288 contracts for buying and 288 contracts for selling. There are a total of 19 Producers, 19 Distributors and 38 Traders in the market.<br><br>Please note that the RAE will charge a bid-ask spread of 1 cent",,,,,,,,
11,2,150,,TEMPERATURE Forecast for DAY 3,The average temperature tomorrow will be 14 degrees Celsius.,,,,,,,,
10,2,90,,TEMPERATURE Forecast for DAY 3,The average temperature tomorrow is forecasted to be between 9 and 14 degrees Celsius.,,,,,,,,
9,2,2,,TEMPERATURE Forecast for DAY 3,The average temperature tomorrow is forecasted to be between 8 and 16 degrees Celsius.,,,,,,,,
8,1,181,,SPOT PRICE AND VOLUMES FOR DAY 2,The Regulatory Authority for Electricity board decided that on day 2 the following prices and volumes will be enforced:<br><br>250 contracts are available for market participants to buy at a price of $20.01<br><br>250 contracts are available for market participants to sell at a price of $20.00,,,,,,,,
7,1,150,,PRICE AND VOLUME BULLETIN,"Given the expected supply and demand in the market, the Regulatory Authority for Electricity board expects that the price for tomorrow will be between $17.00 and $22.00.<br><br>There will be 500 contracts available in the entire ELEC market, 250 contracts for buying and 250 contracts for selling. There are a total of 19 Producers, 19 Distributors and 38 Traders in the market.<br><br>Please note that the RAE will charge a bid-ask spread of 1 cent",,,,,,,,
6,1,150,,TEMPERATURE Forecast for DAY 2,The average temperature tomorrow will be 29 degrees Celsius.,,,,,,,,
5,1,90,,TEMPERATURE Forecast for DAY 2,The average temperature tomorrow is forecasted to be between 28 and 36 degrees Celsius.,,,,,,,,
24,5,2,,TEMPERATURE Forecast for DAY 6,The average temperature tomorrow is forecasted to be between 17 and 26 degrees Celsius.,17.0,2026-02-01 02:06:21.861491,NG,2.01,1.99,2.03,800000.0,800000.0
23,4,181,,SPOT PRICE AND VOLUMES FOR DAY 5,The Regulatory Authority for Electricity board decided that on day 5 the following prices and volumes will be enforced:<br><br>364 contracts are available for market participants to buy at a price of $20.77<br><br>364 contracts are available for market participants to sell at a price of $20.76,17.0,2026-02-01 02:06:21.861491,ELEC-day2,0.0,0.0,0.0,,
22,4,150,,PRICE AND VOLUME BULLETIN,"Given the expected supply and demand in the market, the Regulatory Authority for Electricity board expects that the price for tomorrow will be between $17.34 and $26.34.<br><br>There will be 728 contracts available in the entire ELEC market, 364 contracts for buying and 364 contracts for selling. There are a total of 19 Producers, 19 Distributors and 38 Traders in the market.<br><br>Please note that the RAE will charge a bid-ask spread of 1 cent",17.0,2026-02-01 02:06:21.861491,ELEC-day3,0.0,0.0,0.0,,
21,4,150,,TEMPERATURE Forecast for DAY 5,The average temperature tomorrow will be 18 degrees Celsius.,17.0,2026-02-01 02:06:21.861491,ELEC-day4,0.0,0.0,0.0,,
20,4,90,,TEMPERATURE Forecast for DAY 5,The average temperature tomorrow is forecasted to be between 11 and 19 degrees Celsius.,17.0,2026-02-01 02:06:21.861491,ELEC-day5,0.0,20.76,20.77,364.0,364.0
19,4,2,,TEMPERATURE Forecast for DAY 5,The average temperature tomorrow is forecasted to be between 12 and 21 degrees Celsius.,17.0,2026-02-01 02:06:21.861491,ELEC-day6,0.0,0.0,0.0,,
18,3,181,,SPOT PRICE AND VOLUMES FOR DAY 4,The Regulatory Authority for Electricity board decided that on day 4 the following prices and volumes will be enforced:<br><br>364 contracts are available for market participants to buy at a price of $20.77<br><br>364 contracts are available for market participants to sell at a price of $20.76,17.0,2026-02-01 02:06:21.861491,ELEC-F,0.0,0.0,0.0,,
17,3,150,,PRICE AND VOLUME BULLETIN,"Given the expected supply and demand in the market, the Regulatory Authority for Electricity board expects that the price for tomorrow will be between $18.11 and $23.11.<br><br>There will be 728 contracts available in the entire ELEC market, 364 contracts for buying and 364 contracts for selling. There are a total of 19 Producers, 19 Distributors and 38 Traders in the market.<br><br>Please note that the RAE will charge a bid-ask spread of 1 cent",,,,,,,,
16,3,150,,TEMPERATURE Forecast for DAY 4,The average temperature tomorrow will be 22 degrees Celsius.,,,,,,,,
15,3,90,,TEMPERATURE Forecast for DAY 4,The average temperature tomorrow is forecasted to be between 22 and 27 degrees Celsius.,,,,,,,,
14,3,2,,TEMPERATURE Forecast for DAY 4,The average temperature tomorrow is forecasted to be between 15 and 23 degrees Celsius.,,,,,,,,
13,2,181,,SPOT PRICE AND VOLUMES FOR DAY 3,The Regulatory Authority for Electricity board decided that on day 3 the following prices and volumes will be enforced:<br><br>288 contracts are available for market participants to buy at a price of $19.58<br><br>288 contracts are available for market participants to sell at a price of $19.57,,,,,,,,
12,2,150,,PRICE AND VOLUME BULLETIN,"Given the expected supply and demand in the market, the Regulatory Authority for Electricity board expects that the price for tomorrow will be between $16.69 and $24.69.<br><br>There will be 576 contracts available in the entire ELEC market, 288 contracts for buying and 288 contracts for selling. There are a total of 19 Producers, 19 Distributors and 38 Traders in the market.<br><br>Please note that the RAE will charge a bid-ask spread of 1 cent",,,,,,,,
11,2,150,,TEMPERATURE Forecast for DAY 3,The average temperature tomorrow will be 14 degrees Celsius.,,,,,,,,
10,2,90,,TEMPERATURE Forecast for DAY 3,The average temperature tomorrow is forecasted to be between 9 and 14 degrees Celsius.,,,,,,,,
9,2,2,,TEMPERATURE Forecast for DAY 3,The average temperature tomorrow is forecasted to be between 8 and 16 degrees Celsius.,,,,,,,,
8,1,181,,SPOT PRICE AND VOLUMES FOR DAY 2,The Regulatory Authority for Electricity board decided that on day 2 the following prices and volumes will be enforced:<br><br>250 contracts are available for market participants to buy at a price of $20.01<br><br>250 contracts are available for market participants to sell at a price of $20.00,,,,,,,,
7,1,150,,PRICE AND VOLUME BULLETIN,"Given the expected supply and demand in the market, the Regulatory Authority for Electricity board expects that the price for tomorrow will be between $17.00 and $22.00.<br><br>There will be 500 contracts available in the entire ELEC market, 250 contracts for buying and 250 contracts for selling. There are a total of 19 Producers, 19 Distributors and 38 Traders in the market.<br><br>Please note that the RAE will charge a bid-ask spread of 1 cent",,,,,,,,
6,1,150,,TEMPERATURE Forecast for DAY 2,The average temperature tomorrow will be 29 degrees Celsius.,,,,,,,,
5,1,90,,TEMPERATURE Forecast for DAY 2,The average temperature tomorrow is forecasted to be between 28 and 36 degrees Celsius.,,,,,,,,
24,5,2,,TEMPERATURE Forecast for DAY 6,The average temperature tomorrow is forecasted to be between 17 and 26 degrees Celsius.,18.0,2026-02-01 02:06:22.900211,NG,2.01,1.99,2.03,800000.0,800000.0
23,4,181,,SPOT PRICE AND VOLUMES FOR DAY 5,The Regulatory Authority for Electricity board decided that on day 5 the following prices and volumes will be enforced:<br><br>364 contracts are available for market participants to buy at a price of $20.77<br><br>364 contracts are available for market participants to sell at a price of $20.76,18.0,2026-02-01 02:06:22.900211,ELEC-day2,0.0,0.0,0.0,,
22,4,150,,PRICE AND VOLUME BULLETIN,"Given the expected supply and demand in the market, the Regulatory Authority for Electricity board expects that the price for tomorrow will be between $17.34 and $26.34.<br><br>There will be 728 contracts available in the entire ELEC market, 364 contracts for buying and 364 contracts for selling. There are a total of 19 Producers, 19 Distributors and 38 Traders in the market.<br><br>Please note that the RAE will charge a bid-ask spread of 1 cent",18.0,2026-02-01 02:06:22.900211,ELEC-day3,0.0,0.0,0.0,,
21,4,150,,TEMPERATURE Forecast for DAY 5,The average temperature tomorrow will be 18 degrees Celsius.,18.0,2026-02-01 02:06:22.900211,ELEC-day4,0.0,0.0,0.0,,
20,4,90,,TEMPERATURE Forecast for DAY 5,The average temperature tomorrow is forecasted to be between 11 and 19 degrees Celsius.,18.0,2026-02-01 02:06:22.900211,ELEC-day5,0.0,20.76,20.77,364.0,364.0
19,4,2,,TEMPERATURE Forecast for DAY 5,The average temperature tomorrow is forecasted to be between 12 and 21 degrees Celsius.,18.0,2026-02-01 02:06:22.900211,ELEC-day6,0.0,0.0,0.0,,
18,3,181,,SPOT PRICE AND VOLUMES FOR DAY 4,The Regulatory Authority for Electricity board decided that on day 4 the following prices and volumes will be enforced:<br><br>364 contracts are available for market participants to buy at a price of $20.77<br><br>364 contracts are available for market participants to sell at a price of $20.76,18.0,2026-02-01 02:06:22.900211,ELEC-F,0.0,0.0,0.0,,
17,3,150,,PRICE AND VOLUME BULLETIN,"Given the expected supply and demand in the market, the Regulatory Authority for Electricity board expects that the price for tomorrow will be between $18.11 and $23.11.<br><br>There will be 728 contracts available in the entire ELEC market, 364 contracts for buying and 364 contracts for selling. There are a total of 19 Producers, 19 Distributors and 38 Traders in the market.<br><br>Please note that the RAE will charge a bid-ask spread of 1 cent",,,,,,,,
16,3,150,,TEMPERATURE Forecast for DAY 4,The average temperature tomorrow will be 22 degrees Celsius.,,,,,,,,
15,3,90,,TEMPERATURE Forecast for DAY 4,The average temperature tomorrow is forecasted to be between 22 and 27 degrees Celsius.,,,,,,,,
14,3,2,,TEMPERATURE Forecast for DAY 4,The average temperature tomorrow is forecasted to be between 15 and 23 degrees Celsius.,,,,,,,,
13,2,181,,SPOT PRICE AND VOLUMES FOR DAY 3,The Regulatory Authority for Electricity board decided that on day 3 the following prices and volumes will be enforced:<br><br>288 contracts are available for market participants to buy at a price of $19.58<br><br>288 contracts are available for market participants to sell at a price of $19.57,,,,,,,,
12,2,150,,PRICE AND VOLUME BULLETIN,"Given the expected supply and demand in the market, the Regulatory Authority for Electricity board expects that the price for tomorrow will be between $16.69 and $24.69.<br><br>There will be 576 contracts available in the entire ELEC market, 288 contracts for buying and 288 contracts for selling. There are a total of 19 Producers, 19 Distributors and 38 Traders in the market.<br><br>Please note that the RAE will charge a bid-ask spread of 1 cent",,,,,,,,
11,2,150,,TEMPERATURE Forecast for DAY 3,The average temperature tomorrow will be 14 degrees Celsius.,,,,,,,,
10,2,90,,TEMPERATURE Forecast for DAY 3,The average temperature tomorrow is forecasted to be between 9 and 14 degrees Celsius.,,,,,,,,
9,2,2,,TEMPERATURE Forecast for DAY 3,The average temperature tomorrow is forecasted to be between 8 and 16 degrees Celsius.,,,,,,,,
8,1,181,,SPOT PRICE AND VOLUMES FOR DAY 2,The Regulatory Authority for Electricity board decided that on day 2 the following prices and volumes will be enforced:<br><br>250 contracts are available for market participants to buy at a price of $20.01<br><br>250 contracts are available for market participants to sell at a price of $20.00,,,,,,,,
7,1,150,,PRICE AND VOLUME BULLETIN,"Given the expected supply and demand in the market, the Regulatory Authority for Electricity board expects that the price for tomorrow will be between $17.00 and $22.00.<br><br>There will be 500 contracts available in the entire ELEC market, 250 contracts for buying and 250 contracts for selling. There are a total of 19 Producers, 19 Distributors and 38 Traders in the market.<br><br>Please note that the RAE will charge a bid-ask spread of 1 cent",,,,,,,,
6,1,150,,TEMPERATURE Forecast for DAY 2,The average temperature tomorrow will be 29 degrees Celsius.,,,,,,,,
5,1,90,,TEMPERATURE Forecast for DAY 2,The average temperature tomorrow is forecasted to be between 28 and 36 degrees Celsius.,,,,,,,,
24,5,2,,TEMPERATURE Forecast for DAY 6,The average temperature tomorrow is forecasted to be between 17 and 26 degrees Celsius.,19.0,2026-02-01 02:06:23.930155,NG,2.01,1.99,2.03,800000.0,800000.0
23,4,181,,SPOT PRICE AND VOLUMES FOR DAY 5,The Regulatory Authority for Electricity board decided that on day 5 the following prices and volumes will be enforced:<br><br>364 contracts are available for market participants to buy at a price of $20.77<br><br>364 contracts are available for market participants to sell at a price of $20.76,19.0,2026-02-01 02:06:23.930155,ELEC-day2,0.0,0.0,0.0,,
22,4,150,,PRICE AND VOLUME BULLETIN,"Given the expected supply and demand in the market, the Regulatory Authority for Electricity board expects that the price for tomorrow will be between $17.34 and $26.34.<br><br>There will be 728 contracts available in the entire ELEC market, 364 contracts for buying and 364 contracts for selling. There are a total of 19 Producers, 19 Distributors and 38 Traders in the market.<br><br>Please note that the RAE will charge a bid-ask spread of 1 cent",19.0,2026-02-01 02:06:23.930155,ELEC-day3,0.0,0.0,0.0,,
21,4,150,,TEMPERATURE Forecast for DAY 5,The average temperature tomorrow will be 18 degrees Celsius.,19.0,2026-02-01 02:06:23.930155,ELEC-day4,0.0,0.0,0.0,,
20,4,90,,TEMPERATURE Forecast for DAY 5,The average temperature tomorrow is forecasted to be between 11 and 19 degrees Celsius.,19.0,2026-02-01 02:06:23.930155,ELEC-day5,0.0,20.76,20.77,364.0,364.0
19,4,2,,TEMPERATURE Forecast for DAY 5,The average temperature tomorrow is forecasted to be between 12 and 21 degrees Celsius.,19.0,2026-02-01 02:06:23.930155,ELEC-day6,0.0,0.0,0.0,,
18,3,181,,SPOT PRICE AND VOLUMES FOR DAY 4,The Regulatory Authority for Electricity board decided that on day 4 the following prices and volumes will be enforced:<br><br>364 contracts are available for market participants to buy at a price of $20.77<br><br>364 contracts are available for market participants to sell at a price of $20.76,19.0,2026-02-01 02:06:23.930155,ELEC-F,0.0,0.0,0.0,,
17,3,150,,PRICE AND VOLUME BULLETIN,"Given the expected supply and demand in the market, the Regulatory Authority for Electricity board expects that the price for tomorrow will be between $18.11 and $23.11.<br><br>There will be 728 contracts available in the entire ELEC market, 364 contracts for buying and 364 contracts for selling. There are a total of 19 Producers, 19 Distributors and 38 Traders in the market.<br><br>Please note that the RAE will charge a bid-ask spread of 1 cent",,,,,,,,
16,3,150,,TEMPERATURE Forecast for DAY 4,The average temperature tomorrow will be 22 degrees Celsius.,,,,,,,,
15,3,90,,TEMPERATURE Forecast for DAY 4,The average temperature tomorrow is forecasted to be between 22 and 27 degrees Celsius.,,,,,,,,
14,3,2,,TEMPERATURE Forecast for DAY 4,The average temperature tomorrow is forecasted to be between 15 and 23 degrees Celsius.,,,,,,,,
13,2,181,,SPOT PRICE AND VOLUMES FOR DAY 3,The Regulatory Authority for Electricity board decided that on day 3 the following prices and volumes will be enforced:<br><br>288 contracts are available for market participants to buy at a price of $19.58<br><br>288 contracts are available for market participants to sell at a price of $19.57,,,,,,,,
12,2,150,,PRICE AND VOLUME BULLETIN,"Given the expected supply and demand in the market, the Regulatory Authority for Electricity board expects that the price for tomorrow will be between $16.69 and $24.69.<br><br>There will be 576 contracts available in the entire ELEC market, 288 contracts for buying and 288 contracts for selling. There are a total of 19 Producers, 19 Distributors and 38 Traders in the market.<br><br>Please note that the RAE will charge a bid-ask spread of 1 cent",,,,,,,,
11,2,150,,TEMPERATURE Forecast for DAY 3,The average temperature tomorrow will be 14 degrees Celsius.,,,,,,,,
10,2,90,,TEMPERATURE Forecast for DAY 3,The average temperature tomorrow is forecasted to be between 9 and 14 degrees Celsius.,,,,,,,,
9,2,2,,TEMPERATURE Forecast for DAY 3,The average temperature tomorrow is forecasted to be between 8 and 16 degrees Celsius.,,,,,,,,
8,1,181,,SPOT PRICE AND VOLUMES FOR DAY 2,The Regulatory Authority for Electricity board decided that on day 2 the following prices and volumes will be enforced:<br><br>250 contracts are available for market participants to buy at a price of $20.01<br><br>250 contracts are available for market participants to sell at a price of $20.00,,,,,,,,
7,1,150,,PRICE AND VOLUME BULLETIN,"Given the expected supply and demand in the market, the Regulatory Authority for Electricity board expects that the price for tomorrow will be between $17.00 and $22.00.<br><br>There will be 500 contracts available in the entire ELEC market, 250 contracts for buying and 250 contracts for selling. There are a total of 19 Producers, 19 Distributors and 38 Traders in the market.<br><br>Please note that the RAE will charge a bid-ask spread of 1 cent",,,,,,,,
6,1,150,,TEMPERATURE Forecast for DAY 2,The average temperature tomorrow will be 29 degrees Celsius.,,,,,,,,
5,1,90,,TEMPERATURE Forecast for DAY 2,The average temperature tomorrow is forecasted to be between 28 and 36 degrees Celsius.,,,,,,,,
24,5,2,,TEMPERATURE Forecast for DAY 6,The average temperature tomorrow is forecasted to be between 17 and 26 degrees Celsius.,20.0,2026-02-01 02:06:24.963849,NG,2.02,2.0,2.04,800000.0,800000.0
23,4,181,,SPOT PRICE AND VOLUMES FOR DAY 5,The Regulatory Authority for Electricity board decided that on day 5 the following prices and volumes will be enforced:<br><br>364 contracts are available for market participants to buy at a price of $20.77<br><br>364 contracts are available for market participants to sell at a price of $20.76,20.0,2026-02-01 02:06:24.963849,ELEC-day2,0.0,0.0,0.0,,
22,4,150,,PRICE AND VOLUME BULLETIN,"Given the expected supply and demand in the market, the Regulatory Authority for Electricity board expects that the price for tomorrow will be between $17.34 and $26.34.<br><br>There will be 728 contracts available in the entire ELEC market, 364 contracts for buying and 364 contracts for selling. There are a total of 19 Producers, 19 Distributors and 38 Traders in the market.<br><br>Please note that the RAE will charge a bid-ask spread of 1 cent",20.0,2026-02-01 02:06:24.963849,ELEC-day3,0.0,0.0,0.0,,
21,4,150,,TEMPERATURE Forecast for DAY 5,The average temperature tomorrow will be 18 degrees Celsius.,20.0,2026-02-01 02:06:24.963849,ELEC-day4,0.0,0.0,0.0,,
20,4,90,,TEMPERATURE Forecast for DAY 5,The average temperature tomorrow is forecasted to be between 11 and 19 degrees Celsius.,20.0,2026-02-01 02:06:24.963849,ELEC-day5,0.0,20.76,20.77,364.0,364.0
19,4,2,,TEMPERATURE Forecast for DAY 5,The average temperature tomorrow is forecasted to be between 12 and 21 degrees Celsius.,20.0,2026-02-01 02:06:24.963849,ELEC-day6,0.0,0.0,0.0,,
18,3,181,,SPOT PRICE AND VOLUMES FOR DAY 4,The Regulatory Authority for Electricity board decided that on day 4 the following prices and volumes will be enforced:<br><br>364 contracts are available for market participants to buy at a price of $20.77<br><br>364 contracts are available for market participants to sell at a price of $20.76,20.0,2026-02-01 02:06:24.963849,ELEC-F,0.0,0.0,0.0,,
17,3,150,,PRICE AND VOLUME BULLETIN,"Given the expected supply and demand in the market, the Regulatory Authority for Electricity board expects that the price for tomorrow will be between $18.11 and $23.11.<br><br>There will be 728 contracts available in the entire ELEC market, 364 contracts for buying and 364 contracts for selling. There are a total of 19 Producers, 19 Distributors and 38 Traders in the market.<br><br>Please note that the RAE will charge a bid-ask spread of 1 cent",,,,,,,,
16,3,150,,TEMPERATURE Forecast for DAY 4,The average temperature tomorrow will be 22 degrees Celsius.,,,,,,,,
15,3,90,,TEMPERATURE Forecast for DAY 4,The average temperature tomorrow is forecasted to be between 22 and 27 degrees Celsius.,,,,,,,,
14,3,2,,TEMPERATURE Forecast for DAY 4,The average temperature tomorrow is forecasted to be between 15 and 23 degrees Celsius.,,,,,,,,
13,2,181,,SPOT PRICE AND VOLUMES FOR DAY 3,The Regulatory Authority for Electricity board decided that on day 3 the following prices and volumes will be enforced:<br><br>288 contracts are available for market participants to buy at a price of $19.58<br><br>288 contracts are available for market participants to sell at a price of $19.57,,,,,,,,
12,2,150,,PRICE AND VOLUME BULLETIN,"Given the expected supply and demand in the market, the Regulatory Authority for Electricity board expects that the price for tomorrow will be between $16.69 and $24.69.<br><br>There will be 576 contracts available in the entire ELEC market, 288 contracts for buying and 288 contracts for selling. There are a total of 19 Producers, 19 Distributors and 38 Traders in the market.<br><br>Please note that the RAE will charge a bid-ask spread of 1 cent",,,,,,,,
11,2,150,,TEMPERATURE Forecast for DAY 3,The average temperature tomorrow will be 14 degrees Celsius.,,,,,,,,
10,2,90,,TEMPERATURE Forecast for DAY 3,The average temperature tomorrow is forecasted to be between 9 and 14 degrees Celsius.,,,,,,,,
9,2,2,,TEMPERATURE Forecast for DAY 3,The average temperature tomorrow is forecasted to be between 8 and 16 degrees Celsius.,,,,,,,,
8,1,181,,SPOT PRICE AND VOLUMES FOR DAY 2,The Regulatory Authority for Electricity board decided that on day 2 the following prices and volumes will be enforced:<br><br>250 contracts are available for market participants to buy at a price of $20.01<br><br>250 contracts are available for market participants to sell at a price of $20.00,,,,,,,,
7,1,150,,PRICE AND VOLUME BULLETIN,"Given the expected supply and demand in the market, the Regulatory Authority for Electricity board expects that the price for tomorrow will be between $17.00 and $22.00.<br><br>There will be 500 contracts available in the entire ELEC market, 250 contracts for buying and 250 contracts for selling. There are a total of 19 Producers, 19 Distributors and 38 Traders in the market.<br><br>Please note that the RAE will charge a bid-ask spread of 1 cent",,,,,,,,
6,1,150,,TEMPERATURE Forecast for DAY 2,The average temperature tomorrow will be 29 degrees Celsius.,,,,,,,,
5,1,90,,TEMPERATURE Forecast for DAY 2,The average temperature tomorrow is forecasted to be between 28 and 36 degrees Celsius.,,,,,,,,
24,5,2,,TEMPERATURE Forecast for DAY 6,The average temperature tomorrow is forecasted to be between 17 and 26 degrees Celsius.,21.0,2026-02-01 02:06:25.996731,NG,2.03,2.01,2.05,800000.0,800000.0
23,4,181,,SPOT PRICE AND VOLUMES FOR DAY 5,The Regulatory Authority for Electricity board decided that on day 5 the following prices and volumes will be enforced:<br><br>364 contracts are available for market participants to buy at a price of $20.77<br><br>364 contracts are available for market participants to sell at a price of $20.76,21.0,2026-02-01 02:06:25.996731,ELEC-day2,0.0,0.0,0.0,,
22,4,150,,PRICE AND VOLUME BULLETIN,"Given the expected supply and demand in the market, the Regulatory Authority for Electricity board expects that the price for tomorrow will be between $17.34 and $26.34.<br><br>There will be 728 contracts available in the entire ELEC market, 364 contracts for buying and 364 contracts for selling. There are a total of 19 Producers, 19 Distributors and 38 Traders in the market.<br><br>Please note that the RAE will charge a bid-ask spread of 1 cent",21.0,2026-02-01 02:06:25.996731,ELEC-day3,0.0,0.0,0.0,,
21,4,150,,TEMPERATURE Forecast for DAY 5,The average temperature tomorrow will be 18 degrees Celsius.,21.0,2026-02-01 02:06:25.996731,ELEC-day4,0.0,0.0,0.0,,
20,4,90,,TEMPERATURE Forecast for DAY 5,The average temperature tomorrow is forecasted to be between 11 and 19 degrees Celsius.,21.0,2026-02-01 02:06:25.996731,ELEC-day5,0.0,20.76,20.77,364.0,364.0
19,4,2,,TEMPERATURE Forecast for DAY 5,The average temperature tomorrow is forecasted to be between 12 and 21 degrees Celsius.,21.0,2026-02-01 02:06:25.996731,ELEC-day6,0.0,0.0,0.0,,
18,3,181,,SPOT PRICE AND VOLUMES FOR DAY 4,The Regulatory Authority for Electricity board decided that on day 4 the following prices and volumes will be enforced:<br><br>364 contracts are available for market participants to buy at a price of $20.77<br><br>364 contracts are available for market participants to sell at a price of $20.76,21.0,2026-02-01 02:06:25.996731,ELEC-F,0.0,0.0,0.0,,
17,3,150,,PRICE AND VOLUME BULLETIN,"Given the expected supply and demand in the market, the Regulatory Authority for Electricity board expects that the price for tomorrow will be between $18.11 and $23.11.<br><br>There will be 728 contracts available in the entire ELEC market, 364 contracts for buying and 364 contracts for selling. There are a total of 19 Producers, 19 Distributors and 38 Traders in the market.<br><br>Please note that the RAE will charge a bid-ask spread of 1 cent",,,,,,,,
16,3,150,,TEMPERATURE Forecast for DAY 4,The average temperature tomorrow will be 22 degrees Celsius.,,,,,,,,
15,3,90,,TEMPERATURE Forecast for DAY 4,The average temperature tomorrow is forecasted to be between 22 and 27 degrees Celsius.,,,,,,,,
14,3,2,,TEMPERATURE Forecast for DAY 4,The average temperature tomorrow is forecasted to be between 15 and 23 degrees Celsius.,,,,,,,,
13,2,181,,SPOT PRICE AND VOLUMES FOR DAY 3,The Regulatory Authority for Electricity board decided that on day 3 the following prices and volumes will be enforced:<br><br>288 contracts are available for market participants to buy at a price of $19.58<br><br>288 contracts are available for market participants to sell at a price of $19.57,,,,,,,,
12,2,150,,PRICE AND VOLUME BULLETIN,"Given the expected supply and demand in the market, the Regulatory Authority for Electricity board expects that the price for tomorrow will be between $16.69 and $24.69.<br><br>There will be 576 contracts available in the entire ELEC market, 288 contracts for buying and 288 contracts for selling. There are a total of 19 Producers, 19 Distributors and 38 Traders in the market.<br><br>Please note that the RAE will charge a bid-ask spread of 1 cent",,,,,,,,
11,2,150,,TEMPERATURE Forecast for DAY 3,The average temperature tomorrow will be 14 degrees Celsius.,,,,,,,,
10,2,90,,TEMPERATURE Forecast for DAY 3,The average temperature tomorrow is forecasted to be between 9 and 14 degrees Celsius.,,,,,,,,
9,2,2,,TEMPERATURE Forecast for DAY 3,The average temperature tomorrow is forecasted to be between 8 and 16 degrees Celsius.,,,,,,,,
8,1,181,,SPOT PRICE AND VOLUMES FOR DAY 2,The Regulatory Authority for Electricity board decided that on day 2 the following prices and volumes will be enforced:<br><br>250 contracts are available for market participants to buy at a price of $20.01<br><br>250 contracts are available for market participants to sell at a price of $20.00,,,,,,,,
7,1,150,,PRICE AND VOLUME BULLETIN,"Given the expected supply and demand in the market, the Regulatory Authority for Electricity board expects that the price for tomorrow will be between $17.00 and $22.00.<br><br>There will be 500 contracts available in the entire ELEC market, 250 contracts for buying and 250 contracts for selling. There are a total of 19 Producers, 19 Distributors and 38 Traders in the market.<br><br>Please note that the RAE will charge a bid-ask spread of 1 cent",,,,,,,,
6,1,150,,TEMPERATURE Forecast for DAY 2,The average temperature tomorrow will be 29 degrees Celsius.,,,,,,,,
5,1,90,,TEMPERATURE Forecast for DAY 2,The average temperature tomorrow is forecasted to be between 28 and 36 degrees Celsius.,,,,,,,,
24,5,2,,TEMPERATURE Forecast for DAY 6,The average temperature tomorrow is forecasted to be between 17 and 26 degrees Celsius.,22.0,2026-02-01 02:06:27.039737,NG,2.02,2.0,2.04,800000.0,800000.0
23,4,181,,SPOT PRICE AND VOLUMES FOR DAY 5,The Regulatory Authority for Electricity board decided that on day 5 the following prices and volumes will be enforced:<br><br>364 contracts are available for market participants to buy at a price of $20.77<br><br>364 contracts are available for market participants to sell at a price of $20.76,22.0,2026-02-01 02:06:27.039737,ELEC-day2,0.0,0.0,0.0,,
22,4,150,,PRICE AND VOLUME BULLETIN,"Given the expected supply and demand in the market, the Regulatory Authority for Electricity board expects that the price for tomorrow will be between $17.34 and $26.34.<br><br>There will be 728 contracts available in the entire ELEC market, 364 contracts for buying and 364 contracts for selling. There are a total of 19 Producers, 19 Distributors and 38 Traders in the market.<br><br>Please note that the RAE will charge a bid-ask spread of 1 cent",22.0,2026-02-01 02:06:27.039737,ELEC-day3,0.0,0.0,0.0,,
21,4,150,,TEMPERATURE Forecast for DAY 5,The average temperature tomorrow will be 18 degrees Celsius.,22.0,2026-02-01 02:06:27.039737,ELEC-day4,0.0,0.0,0.0,,
20,4,90,,TEMPERATURE Forecast for DAY 5,The average temperature tomorrow is forecasted to be between 11 and 19 degrees Celsius.,22.0,2026-02-01 02:06:27.039737,ELEC-day5,0.0,20.76,20.77,364.0,364.0
19,4,2,,TEMPERATURE Forecast for DAY 5,The average temperature tomorrow is forecasted to be between 12 and 21 degrees Celsius.,22.0,2026-02-01 02:06:27.039737,ELEC-day6,0.0,0.0,0.0,,
18,3,181,,SPOT PRICE AND VOLUMES FOR DAY 4,The Regulatory Authority for Electricity board decided that on day 4 the following prices and volumes will be enforced:<br><br>364 contracts are available for market participants to buy at a price of $20.77<br><br>364 contracts are available for market participants to sell at a price of $20.76,22.0,2026-02-01 02:06:27.039737,ELEC-F,0.0,0.0,0.0,,
17,3,150,,PRICE AND VOLUME BULLETIN,"Given the expected supply and demand in the market, the Regulatory Authority for Electricity board expects that the price for tomorrow will be between $18.11 and $23.11.<br><br>There will be 728 contracts available in the entire ELEC market, 364 contracts for buying and 364 contracts for selling. There are a total of 19 Producers, 19 Distributors and 38 Traders in the market.<br><br>Please note that the RAE will charge a bid-ask spread of 1 cent",,,,,,,,
16,3,150,,TEMPERATURE Forecast for DAY 4,The average temperature tomorrow will be 22 degrees Celsius.,,,,,,,,
15,3,90,,TEMPERATURE Forecast for DAY 4,The average temperature tomorrow is forecasted to be between 22 and 27 degrees Celsius.,,,,,,,,
14,3,2,,TEMPERATURE Forecast for DAY 4,The average temperature tomorrow is forecasted to be between 15 and 23 degrees Celsius.,,,,,,,,
13,2,181,,SPOT PRICE AND VOLUMES FOR DAY 3,The Regulatory Authority for Electricity board decided that on day 3 the following prices and volumes will be enforced:<br><br>288 contracts are available for market participants to buy at a price of $19.58<br><br>288 contracts are available for market participants to sell at a price of $19.57,,,,,,,,
12,2,150,,PRICE AND VOLUME BULLETIN,"Given the expected supply and demand in the market, the Regulatory Authority for Electricity board expects that the price for tomorrow will be between $16.69 and $24.69.<br><br>There will be 576 contracts available in the entire ELEC market, 288 contracts for buying and 288 contracts for selling. There are a total of 19 Producers, 19 Distributors and 38 Traders in the market.<br><br>Please note that the RAE will charge a bid-ask spread of 1 cent",,,,,,,,
11,2,150,,TEMPERATURE Forecast for DAY 3,The average temperature tomorrow will be 14 degrees Celsius.,,,,,,,,
10,2,90,,TEMPERATURE Forecast for DAY 3,The average temperature tomorrow is forecasted to be between 9 and 14 degrees Celsius.,,,,,,,,
9,2,2,,TEMPERATURE Forecast for DAY 3,The average temperature tomorrow is forecasted to be between 8 and 16 degrees Celsius.,,,,,,,,
8,1,181,,SPOT PRICE AND VOLUMES FOR DAY 2,The Regulatory Authority for Electricity board decided that on day 2 the following prices and volumes will be enforced:<br><br>250 contracts are available for market participants to buy at a price of $20.01<br><br>250 contracts are available for market participants to sell at a price of $20.00,,,,,,,,
7,1,150,,PRICE AND VOLUME BULLETIN,"Given the expected supply and demand in the market, the Regulatory Authority for Electricity board expects that the price for tomorrow will be between $17.00 and $22.00.<br><br>There will be 500 contracts available in the entire ELEC market, 250 contracts for buying and 250 contracts for selling. There are a total of 19 Producers, 19 Distributors and 38 Traders in the market.<br><br>Please note that the RAE will charge a bid-ask spread of 1 cent",,,,,,,,
6,1,150,,TEMPERATURE Forecast for DAY 2,The average temperature tomorrow will be 29 degrees Celsius.,,,,,,,,
5,1,90,,TEMPERATURE Forecast for DAY 2,The average temperature tomorrow is forecasted to be between 28 and 36 degrees Celsius.,,,,,,,,
24,5,2,,TEMPERATURE Forecast for DAY 6,The average temperature tomorrow is forecasted to be between 17 and 26 degrees Celsius.,23.0,2026-02-01 02:06:28.068568,NG,2.01,1.99,2.03,800000.0,800000.0
23,4,181,,SPOT PRICE AND VOLUMES FOR DAY 5,The Regulatory Authority for Electricity board decided that on day 5 the following prices and volumes will be enforced:<br><br>364 contracts are available for market participants to buy at a price of $20.77<br><br>364 contracts are available for market participants to sell at a price of $20.76,23.0,2026-02-01 02:06:28.068568,ELEC-day2,0.0,0.0,0.0,,
22,4,150,,PRICE AND VOLUME BULLETIN,"Given the expected supply and demand in the market, the Regulatory Authority for Electricity board expects that the price for tomorrow will be between $17.34 and $26.34.<br><br>There will be 728 contracts available in the entire ELEC market, 364 contracts for buying and 364 contracts for selling. There are a total of 19 Producers, 19 Distributors and 38 Traders in the market.<br><br>Please note that the RAE will charge a bid-ask spread of 1 cent",23.0,2026-02-01 02:06:28.068568,ELEC-day3,0.0,0.0,0.0,,
21,4,150,,TEMPERATURE Forecast for DAY 5,The average temperature tomorrow will be 18 degrees Celsius.,23.0,2026-02-01 02:06:28.068568,ELEC-day4,0.0,0.0,0.0,,
20,4,90,,TEMPERATURE Forecast for DAY 5,The average temperature tomorrow is forecasted to be between 11 and 19 degrees Celsius.,23.0,2026-02-01 02:06:28.068568,ELEC-day5,0.0,20.76,20.77,364.0,364.0
19,4,2,,TEMPERATURE Forecast for DAY 5,The average temperature tomorrow is forecasted to be between 12 and 21 degrees Celsius.,23.0,2026-02-01 02:06:28.068568,ELEC-day6,0.0,0.0,0.0,,
18,3,181,,SPOT PRICE AND VOLUMES FOR DAY 4,The Regulatory Authority for Electricity board decided that on day 4 the following prices and volumes will be enforced:<br><br>364 contracts are available for market participants to buy at a price of $20.77<br><br>364 contracts are available for market participants to sell at a price of $20.76,23.0,2026-02-01 02:06:28.068568,ELEC-F,0.0,0.0,0.0,,
17,3,150,,PRICE AND VOLUME BULLETIN,"Given the expected supply and demand in the market, the Regulatory Authority for Electricity board expects that the price for tomorrow will be between $18.11 and $23.11.<br><br>There will be 728 contracts available in the entire ELEC market, 364 contracts for buying and 364 contracts for selling. There are a total of 19 Producers, 19 Distributors and 38 Traders in the market.<br><br>Please note that the RAE will charge a bid-ask spread of 1 cent",,,,,,,,
16,3,150,,TEMPERATURE Forecast for DAY 4,The average temperature tomorrow will be 22 degrees Celsius.,,,,,,,,
15,3,90,,TEMPERATURE Forecast for DAY 4,The average temperature tomorrow is forecasted to be between 22 and 27 degrees Celsius.,,,,,,,,
14,3,2,,TEMPERATURE Forecast for DAY 4,The average temperature tomorrow is forecasted to be between 15 and 23 degrees Celsius.,,,,,,,,
13,2,181,,SPOT PRICE AND VOLUMES FOR DAY 3,The Regulatory Authority for Electricity board decided that on day 3 the following prices and volumes will be enforced:<br><br>288 contracts are available for market participants to buy at a price of $19.58<br><br>288 contracts are available for market participants to sell at a price of $19.57,,,,,,,,
12,2,150,,PRICE AND VOLUME BULLETIN,"Given the expected supply and demand in the market, the Regulatory Authority for Electricity board expects that the price for tomorrow will be between $16.69 and $24.69.<br><br>There will be 576 contracts available in the entire ELEC market, 288 contracts for buying and 288 contracts for selling. There are a total of 19 Producers, 19 Distributors and 38 Traders in the market.<br><br>Please note that the RAE will charge a bid-ask spread of 1 cent",,,,,,,,
11,2,150,,TEMPERATURE Forecast for DAY 3,The average temperature tomorrow will be 14 degrees Celsius.,,,,,,,,
10,2,90,,TEMPERATURE Forecast for DAY 3,The average temperature tomorrow is forecasted to be between 9 and 14 degrees Celsius.,,,,,,,,
9,2,2,,TEMPERATURE Forecast for DAY 3,The average temperature tomorrow is forecasted to be between 8 and 16 degrees Celsius.,,,,,,,,
8,1,181,,SPOT PRICE AND VOLUMES FOR DAY 2,The Regulatory Authority for Electricity board decided that on day 2 the following prices and volumes will be enforced:<br><br>250 contracts are available for market participants to buy at a price of $20.01<br><br>250 contracts are available for market participants to sell at a price of $20.00,,,,,,,,
7,1,150,,PRICE AND VOLUME BULLETIN,"Given the expected supply and demand in the market, the Regulatory Authority for Electricity board expects that the price for tomorrow will be between $17.00 and $22.00.<br><br>There will be 500 contracts available in the entire ELEC market, 250 contracts for buying and 250 contracts for selling. There are a total of 19 Producers, 19 Distributors and 38 Traders in the market.<br><br>Please note that the RAE will charge a bid-ask spread of 1 cent",,,,,,,,
6,1,150,,TEMPERATURE Forecast for DAY 2,The average temperature tomorrow will be 29 degrees Celsius.,,,,,,,,
5,1,90,,TEMPERATURE Forecast for DAY 2,The average temperature tomorrow is forecasted to be between 28 and 36 degrees Celsius.,,,,,,,,
24,5,2,,TEMPERATURE Forecast for DAY 6,The average temperature tomorrow is forecasted to be between 17 and 26 degrees Celsius.,24.0,2026-02-01 02:06:29.099866,NG,2.01,1.99,2.03,800000.0,800000.0
23,4,181,,SPOT PRICE AND VOLUMES FOR DAY 5,The Regulatory Authority for Electricity board decided that on day 5 the following prices and volumes will be enforced:<br><br>364 contracts are available for market participants to buy at a price of $20.77<br><br>364 contracts are available for market participants to sell at a price of $20.76,24.0,2026-02-01 02:06:29.099866,ELEC-day2,0.0,0.0,0.0,,
22,4,150,,PRICE AND VOLUME BULLETIN,"Given the expected supply and demand in the market, the Regulatory Authority for Electricity board expects that the price for tomorrow will be between $17.34 and $26.34.<br><br>There will be 728 contracts available in the entire ELEC market, 364 contracts for buying and 364 contracts for selling. There are a total of 19 Producers, 19 Distributors and 38 Traders in the market.<br><br>Please note that the RAE will charge a bid-ask spread of 1 cent",24.0,2026-02-01 02:06:29.099866,ELEC-day3,0.0,0.0,0.0,,
21,4,150,,TEMPERATURE Forecast for DAY 5,The average temperature tomorrow will be 18 degrees Celsius.,24.0,2026-02-01 02:06:29.099866,ELEC-day4,0.0,0.0,0.0,,
20,4,90,,TEMPERATURE Forecast for DAY 5,The average temperature tomorrow is forecasted to be between 11 and 19 degrees Celsius.,24.0,2026-02-01 02:06:29.099866,ELEC-day5,0.0,20.76,20.77,364.0,364.0
19,4,2,,TEMPERATURE Forecast for DAY 5,The average temperature tomorrow is forecasted to be between 12 and 21 degrees Celsius.,24.0,2026-02-01 02:06:29.099866,ELEC-day6,0.0,0.0,0.0,,
18,3,181,,SPOT PRICE AND VOLUMES FOR DAY 4,The Regulatory Authority for Electricity board decided that on day 4 the following prices and volumes will be enforced:<br><br>364 contracts are available for market participants to buy at a price of $20.77<br><br>364 contracts are available for market participants to sell at a price of $20.76,24.0,2026-02-01 02:06:29.099866,ELEC-F,0.0,0.0,0.0,,
17,3,150,,PRICE AND VOLUME BULLETIN,"Given the expected supply and demand in the market, the Regulatory Authority for Electricity board expects that the price for tomorrow will be between $18.11 and $23.11.<br><br>There will be 728 contracts available in the entire ELEC market, 364 contracts for buying and 364 contracts for selling. There are a total of 19 Producers, 19 Distributors and 38 Traders in the market.<br><br>Please note that the RAE will charge a bid-ask spread of 1 cent",,,,,,,,
16,3,150,,TEMPERATURE Forecast for DAY 4,The average temperature tomorrow will be 22 degrees Celsius.,,,,,,,,
15,3,90,,TEMPERATURE Forecast for DAY 4,The average temperature tomorrow is forecasted to be between 22 and 27 degrees Celsius.,,,,,,,,
14,3,2,,TEMPERATURE Forecast for DAY 4,The average temperature tomorrow is forecasted to be between 15 and 23 degrees Celsius.,,,,,,,,
13,2,181,,SPOT PRICE AND VOLUMES FOR DAY 3,The Regulatory Authority for Electricity board decided that on day 3 the following prices and volumes will be enforced:<br><br>288 contracts are available for market participants to buy at a price of $19.58<br><br>288 contracts are available for market participants to sell at a price of $19.57,,,,,,,,
12,2,150,,PRICE AND VOLUME BULLETIN,"Given the expected supply and demand in the market, the Regulatory Authority for Electricity board expects that the price for tomorrow will be between $16.69 and $24.69.<br><br>There will be 576 contracts available in the entire ELEC market, 288 contracts for buying and 288 contracts for selling. There are a total of 19 Producers, 19 Distributors and 38 Traders in the market.<br><br>Please note that the RAE will charge a bid-ask spread of 1 cent",,,,,,,,
11,2,150,,TEMPERATURE Forecast for DAY 3,The average temperature tomorrow will be 14 degrees Celsius.,,,,,,,,
10,2,90,,TEMPERATURE Forecast for DAY 3,The average temperature tomorrow is forecasted to be between 9 and 14 degrees Celsius.,,,,,,,,
9,2,2,,TEMPERATURE Forecast for DAY 3,The average temperature tomorrow is forecasted to be between 8 and 16 degrees Celsius.,,,,,,,,
8,1,181,,SPOT PRICE AND VOLUMES FOR DAY 2,The Regulatory Authority for Electricity board decided that on day 2 the following prices and volumes will be enforced:<br><br>250 contracts are available for market participants to buy at a price of $20.01<br><br>250 contracts are available for market participants to sell at a price of $20.00,,,,,,,,
7,1,150,,PRICE AND VOLUME BULLETIN,"Given the expected supply and demand in the market, the Regulatory Authority for Electricity board expects that the price for tomorrow will be between $17.00 and $22.00.<br><br>There will be 500 contracts available in the entire ELEC market, 250 contracts for buying and 250 contracts for selling. There are a total of 19 Producers, 19 Distributors and 38 Traders in the market.<br><br>Please note that the RAE will charge a bid-ask spread of 1 cent",,,,,,,,
6,1,150,,TEMPERATURE Forecast for DAY 2,The average temperature tomorrow will be 29 degrees Celsius.,,,,,,,,
5,1,90,,TEMPERATURE Forecast for DAY 2,The average temperature tomorrow is forecasted to be between 28 and 36 degrees Celsius.,,,,,,,,
24,5,2,,TEMPERATURE Forecast for DAY 6,The average temperature tomorrow is forecasted to be between 17 and 26 degrees Celsius.,25.0,2026-02-01 02:06:30.140504,NG,2.01,1.99,2.03,800000.0,800000.0
23,4,181,,SPOT PRICE AND VOLUMES FOR DAY 5,The Regulatory Authority for Electricity board decided that on day 5 the following prices and volumes will be enforced:<br><br>364 contracts are available for market participants to buy at a price of $20.77<br><br>364 contracts are available for market participants to sell at a price of $20.76,25.0,2026-02-01 02:06:30.140504,ELEC-day2,0.0,0.0,0.0,,
22,4,150,,PRICE AND VOLUME BULLETIN,"Given the expected supply and demand in the market, the Regulatory Authority for Electricity board expects that the price for tomorrow will be between $17.34 and $26.34.<br><br>There will be 728 contracts available in the entire ELEC market, 364 contracts for buying and 364 contracts for selling. There are a total of 19 Producers, 19 Distributors and 38 Traders in the market.<br><br>Please note that the RAE will charge a bid-ask spread of 1 cent",25.0,2026-02-01 02:06:30.140504,ELEC-day3,0.0,0.0,0.0,,
21,4,150,,TEMPERATURE Forecast for DAY 5,The average temperature tomorrow will be 18 degrees Celsius.,25.0,2026-02-01 02:06:30.140504,ELEC-day4,0.0,0.0,0.0,,
20,4,90,,TEMPERATURE Forecast for DAY 5,The average temperature tomorrow is forecasted to be between 11 and 19 degrees Celsius.,25.0,2026-02-01 02:06:30.140504,ELEC-day5,0.0,20.76,20.77,364.0,364.0
19,4,2,,TEMPERATURE Forecast for DAY 5,The average temperature tomorrow is forecasted to be between 12 and 21 degrees Celsius.,25.0,2026-02-01 02:06:30.140504,ELEC-day6,0.0,0.0,0.0,,
18,3,181,,SPOT PRICE AND VOLUMES FOR DAY 4,The Regulatory Authority for Electricity board decided that on day 4 the following prices and volumes will be enforced:<br><br>364 contracts are available for market participants to buy at a price of $20.77<br><br>364 contracts are available for market participants to sell at a price of $20.76,25.0,2026-02-01 02:06:30.140504,ELEC-F,0.0,0.0,0.0,,
17,3,150,,PRICE AND VOLUME BULLETIN,"Given the expected supply and demand in the market, the Regulatory Authority for Electricity board expects that the price for tomorrow will be between $18.11 and $23.11.<br><br>There will be 728 contracts available in the entire ELEC market, 364 contracts for buying and 364 contracts for selling. There are a total of 19 Producers, 19 Distributors and 38 Traders in the market.<br><br>Please note that the RAE will charge a bid-ask spread of 1 cent",,,,,,,,
16,3,150,,TEMPERATURE Forecast for DAY 4,The average temperature tomorrow will be 22 degrees Celsius.,,,,,,,,
15,3,90,,TEMPERATURE Forecast for DAY 4,The average temperature tomorrow is forecasted to be between 22 and 27 degrees Celsius.,,,,,,,,
14,3,2,,TEMPERATURE Forecast for DAY 4,The average temperature tomorrow is forecasted to be between 15 and 23 degrees Celsius.,,,,,,,,
13,2,181,,SPOT PRICE AND VOLUMES FOR DAY 3,The Regulatory Authority for Electricity board decided that on day 3 the following prices and volumes will be enforced:<br><br>288 contracts are available for market participants to buy at a price of $19.58<br><br>288 contracts are available for market participants to sell at a price of $19.57,,,,,,,,
12,2,150,,PRICE AND VOLUME BULLETIN,"Given the expected supply and demand in the market, the Regulatory Authority for Electricity board expects that the price for tomorrow will be between $16.69 and $24.69.<br><br>There will be 576 contracts available in the entire ELEC market, 288 contracts for buying and 288 contracts for selling. There are a total of 19 Producers, 19 Distributors and 38 Traders in the market.<br><br>Please note that the RAE will charge a bid-ask spread of 1 cent",,,,,,,,
11,2,150,,TEMPERATURE Forecast for DAY 3,The average temperature tomorrow will be 14 degrees Celsius.,,,,,,,,
10,2,90,,TEMPERATURE Forecast for DAY 3,The average temperature tomorrow is forecasted to be between 9 and 14 degrees Celsius.,,,,,,,,
9,2,2,,TEMPERATURE Forecast for DAY 3,The average temperature tomorrow is forecasted to be between 8 and 16 degrees Celsius.,,,,,,,,
8,1,181,,SPOT PRICE AND VOLUMES FOR DAY 2,The Regulatory Authority for Electricity board decided that on day 2 the following prices and volumes will be enforced:<br><br>250 contracts are available for market participants to buy at a price of $20.01<br><br>250 contracts are available for market participants to sell at a price of $20.00,,,,,,,,
7,1,150,,PRICE AND VOLUME BULLETIN,"Given the expected supply and demand in the market, the Regulatory Authority for Electricity board expects that the price for tomorrow will be between $17.00 and $22.00.<br><br>There will be 500 contracts available in the entire ELEC market, 250 contracts for buying and 250 contracts for selling. There are a total of 19 Producers, 19 Distributors and 38 Traders in the market.<br><br>Please note that the RAE will charge a bid-ask spread of 1 cent",,,,,,,,
6,1,150,,TEMPERATURE Forecast for DAY 2,The average temperature tomorrow will be 29 degrees Celsius.,,,,,,,,
5,1,90,,TEMPERATURE Forecast for DAY 2,The average temperature tomorrow is forecasted to be between 28 and 36 degrees Celsius.,,,,,,,,
24,5,2,,TEMPERATURE Forecast for DAY 6,The average temperature tomorrow is forecasted to be between 17 and 26 degrees Celsius.,26.0,2026-02-01 02:06:31.174082,NG,2.01,1.99,2.03,800000.0,800000.0
23,4,181,,SPOT PRICE AND VOLUMES FOR DAY 5,The Regulatory Authority for Electricity board decided that on day 5 the following prices and volumes will be enforced:<br><br>364 contracts are available for market participants to buy at a price of $20.77<br><br>364 contracts are available for market participants to sell at a price of $20.76,26.0,2026-02-01 02:06:31.174082,ELEC-day2,0.0,0.0,0.0,,
22,4,150,,PRICE AND VOLUME BULLETIN,"Given the expected supply and demand in the market, the Regulatory Authority for Electricity board expects that the price for tomorrow will be between $17.34 and $26.34.<br><br>There will be 728 contracts available in the entire ELEC market, 364 contracts for buying and 364 contracts for selling. There are a total of 19 Producers, 19 Distributors and 38 Traders in the market.<br><br>Please note that the RAE will charge a bid-ask spread of 1 cent",26.0,2026-02-01 02:06:31.174082,ELEC-day3,0.0,0.0,0.0,,
21,4,150,,TEMPERATURE Forecast for DAY 5,The average temperature tomorrow will be 18 degrees Celsius.,26.0,2026-02-01 02:06:31.174082,ELEC-day4,0.0,0.0,0.0,,
20,4,90,,TEMPERATURE Forecast for DAY 5,The average temperature tomorrow is forecasted to be between 11 and 19 degrees Celsius.,26.0,2026-02-01 02:06:31.174082,ELEC-day5,0.0,20.76,20.77,364.0,364.0
19,4,2,,TEMPERATURE Forecast for DAY 5,The average temperature tomorrow is forecasted to be between 12 and 21 degrees Celsius.,26.0,2026-02-01 02:06:31.174082,ELEC-day6,0.0,0.0,0.0,,
18,3,181,,SPOT PRICE AND VOLUMES FOR DAY 4,The Regulatory Authority for Electricity board decided that on day 4 the following prices and volumes will be enforced:<br><br>364 contracts are available for market participants to buy at a price of $20.77<br><br>364 contracts are available for market participants to sell at a price of $20.76,26.0,2026-02-01 02:06:31.174082,ELEC-F,0.0,0.0,0.0,,
17,3,150,,PRICE AND VOLUME BULLETIN,"Given the expected supply and demand in the market, the Regulatory Authority for Electricity board expects that the price for tomorrow will be between $18.11 and $23.11.<br><br>There will be 728 contracts available in the entire ELEC market, 364 contracts for buying and 364 contracts for selling. There are a total of 19 Producers, 19 Distributors and 38 Traders in the market.<br><br>Please note that the RAE will charge a bid-ask spread of 1 cent",,,,,,,,
16,3,150,,TEMPERATURE Forecast for DAY 4,The average temperature tomorrow will be 22 degrees Celsius.,,,,,,,,
15,3,90,,TEMPERATURE Forecast for DAY 4,The average temperature tomorrow is forecasted to be between 22 and 27 degrees Celsius.,,,,,,,,
14,3,2,,TEMPERATURE Forecast for DAY 4,The average temperature tomorrow is forecasted to be between 15 and 23 degrees Celsius.,,,,,,,,
13,2,181,,SPOT PRICE AND VOLUMES FOR DAY 3,The Regulatory Authority for Electricity board decided that on day 3 the following prices and volumes will be enforced:<br><br>288 contracts are available for market participants to buy at a price of $19.58<br><br>288 contracts are available for market participants to sell at a price of $19.57,,,,,,,,
12,2,150,,PRICE AND VOLUME BULLETIN,"Given the expected supply and demand in the market, the Regulatory Authority for Electricity board expects that the price for tomorrow will be between $16.69 and $24.69.<br><br>There will be 576 contracts available in the entire ELEC market, 288 contracts for buying and 288 contracts for selling. There are a total of 19 Producers, 19 Distributors and 38 Traders in the market.<br><br>Please note that the RAE will charge a bid-ask spread of 1 cent",,,,,,,,
11,2,150,,TEMPERATURE Forecast for DAY 3,The average temperature tomorrow will be 14 degrees Celsius.,,,,,,,,
10,2,90,,TEMPERATURE Forecast for DAY 3,The average temperature tomorrow is forecasted to be between 9 and 14 degrees Celsius.,,,,,,,,
9,2,2,,TEMPERATURE Forecast for DAY 3,The average temperature tomorrow is forecasted to be between 8 and 16 degrees Celsius.,,,,,,,,
8,1,181,,SPOT PRICE AND VOLUMES FOR DAY 2,The Regulatory Authority for Electricity board decided that on day 2 the following prices and volumes will be enforced:<br><br>250 contracts are available for market participants to buy at a price of $20.01<br><br>250 contracts are available for market participants to sell at a price of $20.00,,,,,,,,
7,1,150,,PRICE AND VOLUME BULLETIN,"Given the expected supply and demand in the market, the Regulatory Authority for Electricity board expects that the price for tomorrow will be between $17.00 and $22.00.<br><br>There will be 500 contracts available in the entire ELEC market, 250 contracts for buying and 250 contracts for selling. There are a total of 19 Producers, 19 Distributors and 38 Traders in the market.<br><br>Please note that the RAE will charge a bid-ask spread of 1 cent",,,,,,,,
6,1,150,,TEMPERATURE Forecast for DAY 2,The average temperature tomorrow will be 29 degrees Celsius.,,,,,,,,
5,1,90,,TEMPERATURE Forecast for DAY 2,The average temperature tomorrow is forecasted to be between 28 and 36 degrees Celsius.,,,,,,,,
24,5,2,,TEMPERATURE Forecast for DAY 6,The average temperature tomorrow is forecasted to be between 17 and 26 degrees Celsius.,27.0,2026-02-01 02:06:32.212912,NG,2.02,2.0,2.04,800000.0,800000.0
23,4,181,,SPOT PRICE AND VOLUMES FOR DAY 5,The Regulatory Authority for Electricity board decided that on day 5 the following prices and volumes will be enforced:<br><br>364 contracts are available for market participants to buy at a price of $20.77<br><br>364 contracts are available for market participants to sell at a price of $20.76,27.0,2026-02-01 02:06:32.212912,ELEC-day2,0.0,0.0,0.0,,
22,4,150,,PRICE AND VOLUME BULLETIN,"Given the expected supply and demand in the market, the Regulatory Authority for Electricity board expects that the price for tomorrow will be between $17.34 and $26.34.<br><br>There will be 728 contracts available in the entire ELEC market, 364 contracts for buying and 364 contracts for selling. There are a total of 19 Producers, 19 Distributors and 38 Traders in the market.<br><br>Please note that the RAE will charge a bid-ask spread of 1 cent",27.0,2026-02-01 02:06:32.212912,ELEC-day3,0.0,0.0,0.0,,
21,4,150,,TEMPERATURE Forecast for DAY 5,The average temperature tomorrow will be 18 degrees Celsius.,27.0,2026-02-01 02:06:32.212912,ELEC-day4,0.0,0.0,0.0,,
20,4,90,,TEMPERATURE Forecast for DAY 5,The average temperature tomorrow is forecasted to be between 11 and 19 degrees Celsius.,27.0,2026-02-01 02:06:32.212912,ELEC-day5,0.0,20.76,20.77,364.0,364.0
19,4,2,,TEMPERATURE Forecast for DAY 5,The average temperature tomorrow is forecasted to be between 12 and 21 degrees Celsius.,27.0,2026-02-01 02:06:32.212912,ELEC-day6,0.0,0.0,0.0,,
18,3,181,,SPOT PRICE AND VOLUMES FOR DAY 4,The Regulatory Authority for Electricity board decided that on day 4 the following prices and volumes will be enforced:<br><br>364 contracts are available for market participants to buy at a price of $20.77<br><br>364 contracts are available for market participants to sell at a price of $20.76,27.0,2026-02-01 02:06:32.212912,ELEC-F,0.0,0.0,0.0,,
17,3,150,,PRICE AND VOLUME BULLETIN,"Given the expected supply and demand in the market, the Regulatory Authority for Electricity board expects that the price for tomorrow will be between $18.11 and $23.11.<br><br>There will be 728 contracts available in the entire ELEC market, 364 contracts for buying and 364 contracts for selling. There are a total of 19 Producers, 19 Distributors and 38 Traders in the market.<br><br>Please note that the RAE will charge a bid-ask spread of 1 cent",,,,,,,,
16,3,150,,TEMPERATURE Forecast for DAY 4,The average temperature tomorrow will be 22 degrees Celsius.,,,,,,,,
15,3,90,,TEMPERATURE Forecast for DAY 4,The average temperature tomorrow is forecasted to be between 22 and 27 degrees Celsius.,,,,,,,,
14,3,2,,TEMPERATURE Forecast for DAY 4,The average temperature tomorrow is forecasted to be between 15 and 23 degrees Celsius.,,,,,,,,
13,2,181,,SPOT PRICE AND VOLUMES FOR DAY 3,The Regulatory Authority for Electricity board decided that on day 3 the following prices and volumes will be enforced:<br><br>288 contracts are available for market participants to buy at a price of $19.58<br><br>288 contracts are available for market participants to sell at a price of $19.57,,,,,,,,
12,2,150,,PRICE AND VOLUME BULLETIN,"Given the expected supply and demand in the market, the Regulatory Authority for Electricity board expects that the price for tomorrow will be between $16.69 and $24.69.<br><br>There will be 576 contracts available in the entire ELEC market, 288 contracts for buying and 288 contracts for selling. There are a total of 19 Producers, 19 Distributors and 38 Traders in the market.<br><br>Please note that the RAE will charge a bid-ask spread of 1 cent",,,,,,,,
11,2,150,,TEMPERATURE Forecast for DAY 3,The average temperature tomorrow will be 14 degrees Celsius.,,,,,,,,
10,2,90,,TEMPERATURE Forecast for DAY 3,The average temperature tomorrow is forecasted to be between 9 and 14 degrees Celsius.,,,,,,,,
9,2,2,,TEMPERATURE Forecast for DAY 3,The average temperature tomorrow is forecasted to be between 8 and 16 degrees Celsius.,,,,,,,,
