news_id,period,tick,ticker,headline,body,tick,timestamp,ticker,last_price,bid_price,ask_price,BUY_ANON,SELL_ANON,SELL_LUIS-3,BUY_LUIS-3,SELL_CALG-1,BUY_CALG-1
2.0,1.0,1.0,,Aggregate Position Limit,Your CRO has set the aggregate position limit to 11000 shares for this week.,2,2026-02-01 04:17:27.498266,SPNG,25.09,24.85,25.09,2169900.0,2157900.0,0,0,0,0
1.0,1.0,1.0,,Welcome to the RITC 2026 Alogithmic Market Making Case - practice server,,2,2026-02-01 04:17:27.498266,SMMR,24.91,24.75,24.77,2123200.0,2228500.0,0,0,0,0
,,,,,,2,2026-02-01 04:17:27.498266,ATMN,25.14,25.06,25.14,1889000.0,2106000.0,0,0,0,0
,,,,,,2,2026-02-01 04:17:27.498266,WNTR,25.1,24.82,25.1,2197400.0,2286200.0,0,0,0,0
2.0,1.0,1.0,,Aggregate Position Limit,Your CRO has set the aggregate position limit to 11000 shares for this week.,4,2026-02-01 04:17:28.530502,SPNG,24.76,24.76,25.09,2051300.0,2157900.0,0,0,0,0
1.0,1.0,1.0,,Welcome to the RITC 2026 Alogithmic Market Making Case - practice server,,4,2026-02-01 04:17:28.530502,SMMR,24.75,24.75,25.08,2140000.0,2230000.0,0,0,0,0
,,,,,,4,2026-02-01 04:17:28.530502,ATMN,25.14,25.06,25.14,1889000.0,2159200.0,0,0,0,0
,,,,,,4,2026-02-01 04:17:28.530502,WNTR,25.13,25.06,25.13,2203300.0,2261300.0,0,0,0,0
2.0,1.0,1.0,,Aggregate Position Limit,Your CRO has set the aggregate position limit to 11000 shares for this week.,5,2026-02-01 04:17:29.570499,SPNG,25.11,24.76,25.11,2185800.0,2187400.0,0,0,0,0
1.0,1.0,1.0,,Welcome to the RITC 2026 Alogithmic Market Making Case - practice server,,5,2026-02-01 04:17:29.570499,SMMR,24.97,24.75,24.76,2140000.0,2239500.0,0,0,0,0
,,,,,,5,2026-02-01 04:17:29.570499,ATMN,25.06,24.94,25.02,2040900.0,2174000.0,0,0,0,0
,,,,,,5,2026-02-01 04:17:29.570499,WNTR,25.06,24.82,25.0,2197400.0,2238100.0,0,0,0,0
2.0,1.0,1.0,,Aggregate Position Limit,Your CRO has set the aggregate position limit to 11000 shares for this week.,6,2026-02-01 04:17:30.601325,SPNG,25.11,24.86,25.11,2260500.0,2170800.0,0,0,0,0
1.0,1.0,1.0,,Welcome to the RITC 2026 Alogithmic Market Making Case - practice server,,6,2026-02-01 04:17:30.601325,SMMR,24.94,24.94,25.08,2155200.0,2230000.0,0,0,0,0
,,,,,,6,2026-02-01 04:17:30.601325,ATMN,25.14,24.94,25.14,2040900.0,2120400.0,0,0,0,0
,,,,,,6,2026-02-01 04:17:30.601325,WNTR,25.06,24.84,24.95,2201000.0,2241900.0,0,0,0,0
2.0,1.0,1.0,,Aggregate Position Limit,Your CRO has set the aggregate position limit to 11000 shares for this week.,7,2026-02-01 04:17:31.636255,SPNG,25.11,24.86,25.11,2260500.0,2177800.0,0,0,0,0
1.0,1.0,1.0,,Welcome to the RITC 2026 Alogithmic Market Making Case - practice server,,7,2026-02-01 04:17:31.636255,SMMR,24.76,24.75,24.76,2130600.0,2248200.0,0,0,0,0
,,,,,,7,2026-02-01 04:17:31.636255,ATMN,25.14,24.94,25.09,2142800.0,2150000.0,0,0,0,0
,,,,,,7,2026-02-01 04:17:31.636255,WNTR,25.2,24.84,25.2,2159300.0,2238300.0,0,0,0,0
2.0,1.0,1.0,,Aggregate Position Limit,Your CRO has set the aggregate position limit to 11000 shares for this week.,8,2026-02-01 04:17:32.675291,SPNG,25.16,24.86,25.16,2245300.0,2193900.0,0,0,0,0
1.0,1.0,1.0,,Welcome to the RITC 2026 Alogithmic Market Making Case - practice server,,8,2026-02-01 04:17:32.675291,SMMR,24.76,24.95,25.08,2123700.0,2214400.0,0,0,0,0
,,,,,,8,2026-02-01 04:17:32.675291,ATMN,25.14,25.03,25.09,2139700.0,2121300.0,0,0,0,0
,,,,,,8,2026-02-01 04:17:32.675291,WNTR,25.13,24.86,25.13,2181400.0,2252900.0,0,0,0,0
2.0,1.0,1.0,,Aggregate Position Limit,Your CRO has set the aggregate position limit to 11000 shares for this week.,9,2026-02-01 04:17:33.697885,SPNG,25.16,24.86,24.9,2249100.0,2244100.0,0,0,0,0
1.0,1.0,1.0,,Welcome to the RITC 2026 Alogithmic Market Making Case - practice server,,9,2026-02-01 04:17:33.697885,SMMR,25.08,25.06,25.08,2109000.0,2214400.0,0,0,0,0
,,,,,,9,2026-02-01 04:17:33.697885,ATMN,25.03,24.94,25.02,2143400.0,2123600.0,0,0,0,0
,,,,,,9,2026-02-01 04:17:33.697885,WNTR,25.13,25.02,25.13,2191900.0,2252900.0,0,0,0,0
2.0,1.0,1.0,,Aggregate Position Limit,Your CRO has set the aggregate position limit to 11000 shares for this week.,10,2026-02-01 04:17:34.730801,SPNG,24.9,24.96,25.16,2282200.0,2214500.0,0,0,0,0
1.0,1.0,1.0,,Welcome to the RITC 2026 Alogithmic Market Making Case - practice server,,10,2026-02-01 04:17:34.730801,SMMR,25.12,25.06,25.12,2109000.0,2224700.0,0,0,0,0
,,,,,,10,2026-02-01 04:17:34.730801,ATMN,25.02,25.05,25.09,2167300.0,2148700.0,0,0,0,0
,,,,,,10,2026-02-01 04:17:34.730801,WNTR,24.89,25.0,25.13,2213500.0,2252900.0,0,0,0,0
2.0,1.0,1.0,,Aggregate Position Limit,Your CRO has set the aggregate position limit to 11000 shares for this week.,11,2026-02-01 04:17:35.770024,SPNG,25.18,24.96,25.18,2282200.0,2216800.0,0,0,0,0
1.0,1.0,1.0,,Welcome to the RITC 2026 Alogithmic Market Making Case - practice server,,11,2026-02-01 04:17:35.770024,SMMR,24.99,24.91,24.94,2108300.0,2216500.0,0,0,0,0
,,,,,,11,2026-02-01 04:17:35.770024,ATMN,24.94,24.94,25.09,2143400.0,2122200.0,0,0,0,0
,,,,,,11,2026-02-01 04:17:35.770024,WNTR,25.13,25.0,25.13,2213500.0,2252900.0,0,0,0,0
2.0,1.0,1.0,,Aggregate Position Limit,Your CRO has set the aggregate position limit to 11000 shares for this week.,12,2026-02-01 04:17:36.804448,SPNG,24.96,24.96,24.99,2280700.0,2240300.0,0,0,0,0
1.0,1.0,1.0,,Welcome to the RITC 2026 Alogithmic Market Making Case - practice server,,12,2026-02-01 04:17:36.804448,SMMR,25.03,24.91,25.03,2108300.0,2218500.0,0,0,0,0
,,,,,,12,2026-02-01 04:17:36.804448,ATMN,24.76,24.76,24.8,2142800.0,2121900.0,0,0,0,0
,,,,,,12,2026-02-01 04:17:36.804448,WNTR,25.13,25.16,25.18,2235600.0,2262900.0,0,0,0,0
2.0,1.0,1.0,,Aggregate Position Limit,Your CRO has set the aggregate position limit to 11000 shares for this week.,13,2026-02-01 04:17:37.840282,SPNG,25.18,24.96,25.18,2305000.0,2216800.0,0,0,0,0
1.0,1.0,1.0,,Welcome to the RITC 2026 Alogithmic Market Making Case - practice server,,13,2026-02-01 04:17:37.840282,SMMR,25.03,24.82,25.03,2122800.0,2218500.0,0,0,0,0
,,,,,,13,2026-02-01 04:17:37.840282,ATMN,25.09,24.92,25.09,2158100.0,2154600.0,0,0,0,0
,,,,,,13,2026-02-01 04:17:37.840282,WNTR,25.0,24.89,24.93,2195600.0,2254400.0,0,0,0,0
2.0,1.0,1.0,,Aggregate Position Limit,Your CRO has set the aggregate position limit to 11000 shares for this week.,14,2026-02-01 04:17:38.873392,SPNG,25.18,24.96,25.18,2289500.0,2214100.0,0,0,0,0
1.0,1.0,1.0,,Welcome to the RITC 2026 Alogithmic Market Making Case - practice server,,14,2026-02-01 04:17:38.873392,SMMR,24.75,24.75,25.03,2130600.0,2212200.0,0,0,0,0
,,,,,,14,2026-02-01 04:17:38.873392,ATMN,25.07,25.07,25.09,2176300.0,2140700.0,0,0,0,0
,,,,,,14,2026-02-01 04:17:38.873392,WNTR,25.0,24.92,24.93,2256300.0,2254400.0,0,0,0,0
2.0,1.0,1.0,,Aggregate Position Limit,Your CRO has set the aggregate position limit to 11000 shares for this week.,15,2026-02-01 04:17:39.903820,SPNG,25.19,24.86,25.03,2251100.0,2206200.0,0,0,0,0
1.0,1.0,1.0,,Welcome to the RITC 2026 Alogithmic Market Making Case - practice server,,15,2026-02-01 04:17:39.903820,SMMR,25.07,24.87,25.07,2132800.0,2194200.0,0,0,0,0
,,,,,,15,2026-02-01 04:17:39.903820,ATMN,25.1,25.07,25.1,2215000.0,2135800.0,0,0,0,0
,,,,,,15,2026-02-01 04:17:39.903820,WNTR,24.92,24.92,25.18,2256300.0,2255500.0,0,0,0,0
2.0,1.0,1.0,,Aggregate Position Limit,Your CRO has set the aggregate position limit to 11000 shares for this week.,16,2026-02-01 04:17:40.934467,SPNG,25.19,24.87,25.03,2253400.0,2206200.0,0,0,0,0
1.0,1.0,1.0,,Welcome to the RITC 2026 Alogithmic Market Making Case - practice server,,16,2026-02-01 04:17:40.934467,SMMR,24.75,24.75,25.02,2126800.0,2201500.0,0,0,0,0
,,,,,,16,2026-02-01 04:17:40.934467,ATMN,25.11,25.07,25.11,2256500.0,2136000.0,0,0,0,0
,,,,,,16,2026-02-01 04:17:40.934467,WNTR,24.89,25.06,25.18,2288900.0,2255500.0,0,0,0,0
2.0,1.0,1.0,,Aggregate Position Limit,Your CRO has set the aggregate position limit to 11000 shares for this week.,17,2026-02-01 04:17:41.973142,SPNG,25.03,24.86,25.03,2232900.0,2225800.0,0,0,0,0
1.0,1.0,1.0,,Welcome to the RITC 2026 Alogithmic Market Making Case - practice server,,17,2026-02-01 04:17:41.973142,SMMR,24.75,24.75,24.86,2126800.0,2208400.0,0,0,0,0
,,,,,,17,2026-02-01 04:17:41.973142,ATMN,24.85,24.93,25.11,2217400.0,2152600.0,0,0,0,0
,,,,,,17,2026-02-01 04:17:41.973142,WNTR,25.07,25.06,25.07,2288900.0,2242300.0,0,0,0,0
2.0,1.0,1.0,,Aggregate Position Limit,Your CRO has set the aggregate position limit to 11000 shares for this week.,18,2026-02-01 04:17:43.020818,SPNG,25.03,24.86,25.03,2211900.0,2234800.0,0,0,0,0
1.0,1.0,1.0,,Welcome to the RITC 2026 Alogithmic Market Making Case - practice server,,18,2026-02-01 04:17:43.020818,SMMR,24.74,24.74,24.86,2126100.0,2208400.0,0,0,0,0
,,,,,,18,2026-02-01 04:17:43.020818,ATMN,24.96,24.93,24.96,2242200.0,2154900.0,0,0,0,0
,,,,,,18,2026-02-01 04:17:43.020818,WNTR,25.18,25.03,25.18,2266900.0,2215500.0,0,0,0,0
2.0,1.0,1.0,,Aggregate Position Limit,Your CRO has set the aggregate position limit to 11000 shares for this week.,19,2026-02-01 04:17:44.057391,SPNG,24.86,24.86,25.19,2211900.0,2223300.0,0,0,0,0
1.0,1.0,1.0,,Welcome to the RITC 2026 Alogithmic Market Making Case - practice server,,19,2026-02-01 04:17:44.057391,SMMR,24.86,24.74,24.86,2126100.0,2208400.0,0,0,0,0
,,,,,,19,2026-02-01 04:17:44.057391,ATMN,25.12,24.93,25.12,2236800.0,2177800.0,0,0,0,0
,,,,,,19,2026-02-01 04:17:44.057391,WNTR,25.2,25.03,25.2,2266900.0,2219500.0,0,0,0,0
2.0,1.0,1.0,,Aggregate Position Limit,Your CRO has set the aggregate position limit to 11000 shares for this week.,20,2026-02-01 04:17:45.089905,SPNG,25.23,24.86,25.23,2211900.0,2205300.0,0,0,0,0
1.0,1.0,1.0,,Welcome to the RITC 2026 Alogithmic Market Making Case - practice server,,20,2026-02-01 04:17:45.089905,SMMR,25.02,25.06,25.07,2138700.0,2205900.0,0,0,0,0
,,,,,,20,2026-02-01 04:17:45.089905,ATMN,25.12,25.13,25.14,2253500.0,2158800.0,0,0,0,0
,,,,,,20,2026-02-01 04:17:45.089905,WNTR,25.2,25.03,25.13,2257900.0,2185000.0,0,0,0,0
2.0,1.0,1.0,,Aggregate Position Limit,Your CRO has set the aggregate position limit to 11000 shares for this week.,21,2026-02-01 04:17:46.121074,SPNG,24.76,24.76,25.23,2193600.0,2186100.0,0,0,0,0
1.0,1.0,1.0,,Welcome to the RITC 2026 Alogithmic Market Making Case - practice server,,21,2026-02-01 04:17:46.121074,SMMR,24.94,24.94,25.09,2133000.0,2212200.0,0,0,0,0
,,,,,,21,2026-02-01 04:17:46.121074,ATMN,25.14,25.13,25.14,2253500.0,2152100.0,0,0,0,0
,,,,,,21,2026-02-01 04:17:46.121074,WNTR,24.89,25.01,25.13,2291700.0,2178400.0,0,0,0,0
2.0,1.0,1.0,,Aggregate Position Limit,Your CRO has set the aggregate position limit to 11000 shares for this week.,22,2026-02-01 04:17:47.154895,SPNG,24.76,24.76,24.93,2193600.0,2191600.0,0,0,0,0
1.0,1.0,1.0,,Welcome to the RITC 2026 Alogithmic Market Making Case - practice server,,22,2026-02-01 04:17:47.154895,SMMR,25.09,24.71,25.09,2186700.0,2212200.0,0,0,0,0
,,,,,,22,2026-02-01 04:17:47.154895,ATMN,25.07,25.07,25.14,2185800.0,2167500.0,0,0,0,0
,,,,,,22,2026-02-01 04:17:47.154895,WNTR,24.89,24.89,25.2,2293200.0,2201400.0,0,0,0,0
2.0,1.0,1.0,,Aggregate Position Limit,Your CRO has set the aggregate position limit to 11000 shares for this week.,23,2026-02-01 04:17:48.224471,SPNG,24.93,24.86,24.93,2197800.0,2191600.0,0,0,0,0
1.0,1.0,1.0,,Welcome to the RITC 2026 Alogithmic Market Making Case - practice server,,23,2026-02-01 04:17:48.224471,SMMR,25.05,25.05,25.09,2186400.0,2224100.0,0,0,0,0
,,,,,,23,2026-02-01 04:17:48.224471,ATMN,25.23,25.07,25.23,2180700.0,2166300.0,0,0,0,0
,,,,,,23,2026-02-01 04:17:48.224471,WNTR,24.89,25.03,25.07,2298200.0,2215800.0,0,0,0,0
2.0,1.0,1.0,,Aggregate Position Limit,Your CRO has set the aggregate position limit to 11000 shares for this week.,24,2026-02-01 04:17:49.267434,SPNG,24.93,24.87,24.88,2225500.0,2178500.0,0,0,0,0
1.0,1.0,1.0,,Welcome to the RITC 2026 Alogithmic Market Making Case - practice server,,24,2026-02-01 04:17:49.267434,SMMR,25.0,24.69,24.85,2191300.0,2205400.0,0,0,0,0
,,,,,,24,2026-02-01 04:17:49.267434,ATMN,25.07,25.07,25.23,2191000.0,2166300.0,0,0,0,0
,,,,,,24,2026-02-01 04:17:49.267434,WNTR,25.2,25.03,25.2,2317600.0,2185600.0,0,0,0,0
2.0,1.0,1.0,,Aggregate Position Limit,Your CRO has set the aggregate position limit to 11000 shares for this week.,25,2026-02-01 04:17:50.294114,SPNG,24.93,24.95,25.23,2269700.0,2186100.0,0,0,0,0
1.0,1.0,1.0,,Welcome to the RITC 2026 Alogithmic Market Making Case - practice server,,25,2026-02-01 04:17:50.294114,SMMR,25.05,24.71,25.04,2193400.0,2170800.0,0,0,0,0
,,,,,,25,2026-02-01 04:17:50.294114,ATMN,25.07,25.07,25.15,2191000.0,2138600.0,0,0,0,0
,,,,,,25,2026-02-01 04:17:50.294114,WNTR,25.22,25.03,25.22,2317600.0,2202100.0,0,0,0,0
2.0,1.0,1.0,,Aggregate Position Limit,Your CRO has set the aggregate position limit to 11000 shares for this week.,26,2026-02-01 04:17:51.332253,SPNG,25.27,24.87,25.12,2242300.0,2199300.0,0,0,0,0
1.0,1.0,1.0,,Welcome to the RITC 2026 Alogithmic Market Making Case - practice server,,26,2026-02-01 04:17:51.332253,SMMR,25.09,24.71,25.09,2193400.0,2198100.0,0,0,0,0
,,,,,,26,2026-02-01 04:17:51.332253,ATMN,25.07,25.07,25.15,2131100.0,2153500.0,0,0,0,0
,,,,,,26,2026-02-01 04:17:51.332253,WNTR,25.22,25.12,25.19,2261100.0,2204800.0,0,0,0,0
2.0,1.0,1.0,,Aggregate Position Limit,Your CRO has set the aggregate position limit to 11000 shares for this week.,27,2026-02-01 04:17:52.379347,SPNG,24.86,24.86,25.12,2220200.0,2199300.0,0,0,0,0
1.0,1.0,1.0,,Welcome to the RITC 2026 Alogithmic Market Making Case - practice server,,27,2026-02-01 04:17:52.379347,SMMR,25.09,24.84,25.09,2181300.0,2197700.0,0,0,0,0
,,,,,,27,2026-02-01 04:17:52.379347,ATMN,24.95,24.95,25.26,2155500.0,2189000.0,0,0,0,0
,,,,,,27,2026-02-01 04:17:52.379347,WNTR,25.09,25.03,25.09,2294400.0,2185300.0,0,0,0,0
2.0,1.0,1.0,,Aggregate Position Limit,Your CRO has set the aggregate position limit to 11000 shares for this week.,28,2026-02-01 04:17:53.415412,SPNG,24.86,24.86,25.12,2220200.0,2225100.0,0,0,0,0
1.0,1.0,1.0,,Welcome to the RITC 2026 Alogithmic Market Making Case - practice server,,28,2026-02-01 04:17:53.415412,SMMR,24.95,24.95,25.12,2196200.0,2200700.0,0,0,0,0
,,,,,,28,2026-02-01 04:17:53.415412,ATMN,25.26,24.95,25.04,2133300.0,2166200.0,0,0,0,0
,,,,,,28,2026-02-01 04:17:53.415412,WNTR,24.91,24.91,25.09,2293700.0,2159800.0,0,0,0,0
2.0,1.0,1.0,,Aggregate Position Limit,Your CRO has set the aggregate position limit to 11000 shares for this week.,29,2026-02-01 04:17:54.450069,SPNG,24.86,24.86,25.12,2220200.0,2262600.0,0,0,0,0
1.0,1.0,1.0,,Welcome to the RITC 2026 Alogithmic Market Making Case - practice server,,29,2026-02-01 04:17:54.450069,SMMR,25.0,25.0,25.11,2224300.0,2191700.0,0,0,0,0
,,,,,,29,2026-02-01 04:17:54.450069,ATMN,25.26,24.99,25.26,2101500.0,2172400.0,0,0,0,0
,,,,,,29,2026-02-01 04:17:54.450069,WNTR,25.07,24.91,25.07,2293700.0,2170900.0,0,0,0,0
2.0,1.0,1.0,,Aggregate Position Limit,Your CRO has set the aggregate position limit to 11000 shares for this week.,30,2026-02-01 04:17:55.479475,SPNG,24.77,24.77,25.12,2195000.0,2277200.0,0,0,0,0
1.0,1.0,1.0,,Welcome to the RITC 2026 Alogithmic Market Making Case - practice server,,30,2026-02-01 04:17:55.479475,SMMR,25.0,25.0,25.09,2181400.0,2154900.0,0,0,0,0
,,,,,,30,2026-02-01 04:17:55.479475,ATMN,25.26,24.99,25.26,2111600.0,2165200.0,0,0,0,0
,,,,,,30,2026-02-01 04:17:55.479475,WNTR,25.07,25.02,25.07,2251900.0,2170900.0,0,0,0,0
2.0,1.0,1.0,,Aggregate Position Limit,Your CRO has set the aggregate position limit to 11000 shares for this week.,31,2026-02-01 04:17:56.501827,SPNG,25.13,24.73,25.13,2189500.0,2275200.0,0,0,0,0
1.0,1.0,1.0,,Welcome to the RITC 2026 Alogithmic Market Making Case - practice server,,31,2026-02-01 04:17:56.501827,SMMR,24.84,24.84,25.09,2166400.0,2134300.0,0,0,0,0
,,,,,,31,2026-02-01 04:17:56.501827,ATMN,25.31,25.11,25.31,2088800.0,2152500.0,0,0,0,0
,,,,,,31,2026-02-01 04:17:56.501827,WNTR,25.22,25.02,25.19,2282400.0,2147300.0,0,0,0,0
2.0,1.0,1.0,,Aggregate Position Limit,Your CRO has set the aggregate position limit to 11000 shares for this week.,32,2026-02-01 04:17:57.529564,SPNG,24.73,24.73,24.76,2189500.0,2276100.0,0,0,0,0
1.0,1.0,1.0,,Welcome to the RITC 2026 Alogithmic Market Making Case - practice server,,32,2026-02-01 04:17:57.529564,SMMR,24.83,24.98,25.09,2128300.0,2134300.0,0,0,0,0
,,,,,,32,2026-02-01 04:17:57.529564,ATMN,25.32,25.11,25.32,2088800.0,2135800.0,0,0,0,0
,,,,,,32,2026-02-01 04:17:57.529564,WNTR,25.18,25.02,25.06,2282400.0,2176900.0,0,0,0,0
2.0,1.0,1.0,,Aggregate Position Limit,Your CRO has set the aggregate position limit to 11000 shares for this week.,33,2026-02-01 04:17:58.569399,SPNG,25.11,24.73,25.11,2189500.0,2272100.0,0,0,0,0
1.0,1.0,1.0,,Welcome to the RITC 2026 Alogithmic Market Making Case - practice server,,33,2026-02-01 04:17:58.569399,SMMR,24.98,24.83,24.89,2148700.0,2139300.0,0,0,0,0
,,,,,,33,2026-02-01 04:17:58.569399,ATMN,25.32,25.11,25.32,2095500.0,2135800.0,0,0,0,0
,,,,,,33,2026-02-01 04:17:58.569399,WNTR,25.18,25.02,25.06,2305000.0,2147000.0,0,0,0,0
2.0,1.0,1.0,,Aggregate Position Limit,Your CRO has set the aggregate position limit to 11000 shares for this week.,34,2026-02-01 04:17:59.598054,SPNG,25.13,24.9,25.13,2183400.0,2285400.0,0,0,0,0
1.0,1.0,1.0,,Welcome to the RITC 2026 Alogithmic Market Making Case - practice server,,34,2026-02-01 04:17:59.598054,SMMR,24.89,24.83,24.89,2148700.0,2139300.0,0,0,0,0
,,,,,,34,2026-02-01 04:17:59.598054,ATMN,25.1,25.1,25.32,2136100.0,2135800.0,0,0,0,0
,,,,,,34,2026-02-01 04:17:59.598054,WNTR,25.19,25.19,25.2,2339900.0,2158900.0,0,0,0,0
2.0,1.0,1.0,,Aggregate Position Limit,Your CRO has set the aggregate position limit to 11000 shares for this week.,35,2026-02-01 04:18:00.629481,SPNG,24.97,24.9,24.97,2183400.0,2285000.0,0,0,0,0
1.0,1.0,1.0,,Welcome to the RITC 2026 Alogithmic Market Making Case - practice server,,35,2026-02-01 04:18:00.629481,SMMR,25.02,24.83,24.85,2148700.0,2155200.0,0,0,0,0
,,,,,,35,2026-02-01 04:18:00.629481,ATMN,25.33,25.1,25.33,2136100.0,2136400.0,0,0,0,0
,,,,,,35,2026-02-01 04:18:00.629481,WNTR,25.2,25.19,25.2,2339900.0,2160200.0,0,0,0,0
2.0,1.0,1.0,,Aggregate Position Limit,Your CRO has set the aggregate position limit to 11000 shares for this week.,36,2026-02-01 04:18:01.661095,SPNG,24.97,24.9,24.97,2183400.0,2244500.0,0,0,0,0
1.0,1.0,1.0,,Welcome to the RITC 2026 Alogithmic Market Making Case - practice server,,36,2026-02-01 04:18:01.661095,SMMR,25.06,24.83,24.93,2118100.0,2160200.0,0,0,0,0
,,,,,,36,2026-02-01 04:18:01.661095,ATMN,25.33,25.1,25.31,2136100.0,2069600.0,0,0,0,0
,,,,,,36,2026-02-01 04:18:01.661095,WNTR,25.22,25.2,25.22,2328900.0,2157500.0,0,0,0,0
2.0,1.0,1.0,,Aggregate Position Limit,Your CRO has set the aggregate position limit to 11000 shares for this week.,38,2026-02-01 04:18:02.698412,SPNG,24.97,24.9,24.97,2174000.0,2234200.0,0,0,0,0
1.0,1.0,1.0,,Welcome to the RITC 2026 Alogithmic Market Making Case - practice server,,38,2026-02-01 04:18:02.698412,SMMR,24.93,25.05,25.06,2158000.0,2155600.0,0,0,0,0
,,,,,,38,2026-02-01 04:18:02.698412,ATMN,25.1,25.1,25.22,2140000.0,2061500.0,0,0,0,0
,,,,,,38,2026-02-01 04:18:02.698412,WNTR,25.25,25.12,25.25,2294300.0,2196300.0,0,0,0,0
2.0,1.0,1.0,,Aggregate Position Limit,Your CRO has set the aggregate position limit to 11000 shares for this week.,39,2026-02-01 04:18:03.731855,SPNG,24.73,24.79,24.97,2191200.0,2261300.0,0,0,0,0
1.0,1.0,1.0,,Welcome to the RITC 2026 Alogithmic Market Making Case - practice server,,39,2026-02-01 04:18:03.731855,SMMR,25.08,24.85,25.08,2153500.0,2129900.0,0,0,0,0
,,,,,,39,2026-02-01 04:18:03.731855,ATMN,25.33,25.33,25.34,2171300.0,2111100.0,0,0,0,0
,,,,,,39,2026-02-01 04:18:03.731855,WNTR,24.92,25.17,25.25,2332900.0,2196300.0,0,0,0,0
2.0,1.0,1.0,,Aggregate Position Limit,Your CRO has set the aggregate position limit to 11000 shares for this week.,40,2026-02-01 04:18:04.763030,SPNG,24.97,24.79,24.97,2191200.0,2261300.0,0,0,0,0
1.0,1.0,1.0,,Welcome to the RITC 2026 Alogithmic Market Making Case - practice server,,40,2026-02-01 04:18:04.763030,SMMR,24.85,24.71,24.77,2151900.0,2176100.0,0,0,0,0
,,,,,,40,2026-02-01 04:18:04.763030,ATMN,25.33,25.1,25.14,2134100.0,2069900.0,0,0,0,0
,,,,,,40,2026-02-01 04:18:04.763030,WNTR,24.92,25.17,25.21,2332900.0,2209800.0,0,0,0,0
2.0,1.0,1.0,,Aggregate Position Limit,Your CRO has set the aggregate position limit to 11000 shares for this week.,41,2026-02-01 04:18:05.784615,SPNG,24.73,24.73,24.98,2180800.0,2238300.0,0,0,0,0
1.0,1.0,1.0,,Welcome to the RITC 2026 Alogithmic Market Making Case - practice server,,41,2026-02-01 04:18:05.784615,SMMR,24.85,24.71,24.77,2146300.0,2176100.0,0,0,0,0
,,,,,,41,2026-02-01 04:18:05.784615,ATMN,25.34,25.1,25.18,2134100.0,2074100.0,0,0,0,0
,,,,,,41,2026-02-01 04:18:05.784615,WNTR,25.17,25.17,25.21,2332900.0,2214200.0,0,0,0,0
2.0,1.0,1.0,,Aggregate Position Limit,Your CRO has set the aggregate position limit to 11000 shares for this week.,42,2026-02-01 04:18:06.807886,SPNG,24.73,24.73,24.78,2166800.0,2237000.0,0,0,0,0
1.0,1.0,1.0,,Welcome to the RITC 2026 Alogithmic Market Making Case - practice server,,42,2026-02-01 04:18:06.807886,SMMR,25.08,24.92,25.08,2155800.0,2139500.0,0,0,0,0
,,,,,,42,2026-02-01 04:18:06.807886,ATMN,25.03,25.03,25.18,2112100.0,2074100.0,0,0,0,0
,,,,,,42,2026-02-01 04:18:06.807886,WNTR,25.21,24.95,25.21,2307300.0,2214200.0,0,0,0,0
2.0,1.0,1.0,,Aggregate Position Limit,Your CRO has set the aggregate position limit to 11000 shares for this week.,43,2026-02-01 04:18:07.839131,SPNG,24.78,24.73,24.78,2166800.0,2237000.0,0,0,0,0
1.0,1.0,1.0,,Welcome to the RITC 2026 Alogithmic Market Making Case - practice server,,43,2026-02-01 04:18:07.839131,SMMR,24.92,24.81,24.88,2149100.0,2134200.0,0,0,0,0
,,,,,,43,2026-02-01 04:18:07.839131,ATMN,25.03,25.06,25.18,2131300.0,2102900.0,0,0,0,0
,,,,,,43,2026-02-01 04:18:07.839131,WNTR,25.21,25.06,25.21,2355700.0,2214200.0,0,0,0,0
2.0,1.0,1.0,,Aggregate Position Limit,Your CRO has set the aggregate position limit to 11000 shares for this week.,44,2026-02-01 04:18:08.873092,SPNG,24.66,24.66,24.98,2169000.0,2223200.0,0,0,0,0
1.0,1.0,1.0,,Welcome to the RITC 2026 Alogithmic Market Making Case - practice server,,44,2026-02-01 04:18:08.873092,SMMR,24.92,24.86,24.88,2110400.0,2127500.0,0,0,0,0
,,,,,,44,2026-02-01 04:18:08.873092,ATMN,25.06,25.03,25.04,2128500.0,2088700.0,0,0,0,0
,,,,,,44,2026-02-01 04:18:08.873092,WNTR,25.25,25.06,25.25,2325400.0,2176800.0,0,0,0,0
2.0,1.0,1.0,,Aggregate Position Limit,Your CRO has set the aggregate position limit to 11000 shares for this week.,45,2026-02-01 04:18:09.918477,SPNG,24.94,24.66,24.72,2169000.0,2237500.0,0,0,0,0
1.0,1.0,1.0,,Welcome to the RITC 2026 Alogithmic Market Making Case - practice server,,45,2026-02-01 04:18:09.918477,SMMR,24.92,25.01,25.07,2138800.0,2147500.0,0,0,0,0
,,,,,,45,2026-02-01 04:18:09.918477,ATMN,25.03,25.03,25.04,2148800.0,2081000.0,0,0,0,0
,,,,,,45,2026-02-01 04:18:09.918477,WNTR,25.06,25.06,25.17,2325400.0,2173300.0,0,0,0,0
2.0,1.0,1.0,,Aggregate Position Limit,Your CRO has set the aggregate position limit to 11000 shares for this week.,46,2026-02-01 04:18:10.979072,SPNG,24.94,24.66,24.72,2151600.0,2237500.0,0,0,0,0
1.0,1.0,1.0,,Welcome to the RITC 2026 Alogithmic Market Making Case - practice server,,46,2026-02-01 04:18:10.979072,SMMR,24.9,24.9,25.04,2132800.0,2172300.0,0,0,0,0
,,,,,,46,2026-02-01 04:18:10.979072,ATMN,24.99,24.99,25.0,2104600.0,2114700.0,0,0,0,0
,,,,,,46,2026-02-01 04:18:10.979072,WNTR,25.04,25.03,25.04,2331500.0,2169100.0,0,0,0,0
2.0,1.0,1.0,,Aggregate Position Limit,Your CRO has set the aggregate position limit to 11000 shares for this week.,47,2026-02-01 04:18:12.016673,SPNG,25.11,24.73,24.89,2175900.0,2267900.0,0,0,0,0
1.0,1.0,1.0,,Welcome to the RITC 2026 Alogithmic Market Making Case - practice server,,47,2026-02-01 04:18:12.016673,SMMR,24.89,24.86,24.89,2138400.0,2192500.0,0,0,0,0
,,,,,,47,2026-02-01 04:18:12.016673,ATMN,24.93,24.93,25.0,2102800.0,2114700.0,0,0,0,0
,,,,,,47,2026-02-01 04:18:12.016673,WNTR,25.04,25.03,25.04,2316700.0,2170700.0,0,0,0,0
2.0,1.0,1.0,,Aggregate Position Limit,Your CRO has set the aggregate position limit to 11000 shares for this week.,48,2026-02-01 04:18:13.048761,SPNG,24.74,24.73,24.74,2175900.0,2273700.0,0,0,0,0
1.0,1.0,1.0,,Welcome to the RITC 2026 Alogithmic Market Making Case - practice server,,48,2026-02-01 04:18:13.048761,SMMR,24.86,24.86,25.04,2138400.0,2172300.0,0,0,0,0
,,,,,,48,2026-02-01 04:18:13.048761,ATMN,25.0,24.93,25.0,2102800.0,2142100.0,0,0,0,0
,,,,,,48,2026-02-01 04:18:13.048761,WNTR,25.12,25.03,25.12,2340500.0,2176000.0,0,0,0,0
2.0,1.0,1.0,,Aggregate Position Limit,Your CRO has set the aggregate position limit to 11000 shares for this week.,49,2026-02-01 04:18:14.073631,SPNG,24.74,24.9,25.13,2201300.0,2255400.0,0,0,0,0
1.0,1.0,1.0,,Welcome to the RITC 2026 Alogithmic Market Making Case - practice server,,49,2026-02-01 04:18:14.073631,SMMR,24.74,24.74,24.83,2162400.0,2178600.0,0,0,0,0
,,,,,,49,2026-02-01 04:18:14.073631,ATMN,25.04,24.93,24.94,2102800.0,2116500.0,0,0,0,0
,,,,,,49,2026-02-01 04:18:14.073631,WNTR,25.17,25.06,25.17,2314500.0,2173300.0,0,0,0,0
2.0,1.0,1.0,,Aggregate Position Limit,Your CRO has set the aggregate position limit to 11000 shares for this week.,50,2026-02-01 04:18:15.097671,SPNG,24.9,24.73,24.87,2175900.0,2251300.0,0,0,0,0
1.0,1.0,1.0,,Welcome to the RITC 2026 Alogithmic Market Making Case - practice server,,50,2026-02-01 04:18:15.097671,SMMR,24.83,24.88,24.9,2163900.0,2177800.0,0,0,0,0
,,,,,,50,2026-02-01 04:18:15.097671,ATMN,25.07,24.92,25.07,2120400.0,2096100.0,0,0,0,0
,,,,,,50,2026-02-01 04:18:15.097671,WNTR,25.0,25.0,25.25,2346600.0,2170700.0,0,0,0,0
2.0,1.0,1.0,,Aggregate Position Limit,Your CRO has set the aggregate position limit to 11000 shares for this week.,51,2026-02-01 04:18:16.125104,SPNG,24.73,24.73,25.1,2175900.0,2242800.0,0,0,0,0
1.0,1.0,1.0,,Welcome to the RITC 2026 Alogithmic Market Making Case - practice server,,51,2026-02-01 04:18:16.125104,SMMR,25.04,24.76,25.04,2169000.0,2172300.0,0,0,0,0
,,,,,,51,2026-02-01 04:18:16.125104,ATMN,24.89,24.89,25.07,2143900.0,2096100.0,0,0,0,0
,,,,,,51,2026-02-01 04:18:16.125104,WNTR,25.0,24.95,24.99,2325700.0,2195300.0,0,0,0,0
2.0,1.0,1.0,,Aggregate Position Limit,Your CRO has set the aggregate position limit to 11000 shares for this week.,52,2026-02-01 04:18:17.188220,SPNG,25.13,24.65,25.13,2182800.0,2267700.0,0,0,0,0
1.0,1.0,1.0,,Welcome to the RITC 2026 Alogithmic Market Making Case - practice server,,52,2026-02-01 04:18:17.188220,SMMR,25.08,24.9,25.08,2178900.0,2159500.0,0,0,0,0
,,,,,,52,2026-02-01 04:18:17.188220,ATMN,25.01,25.01,25.07,2172600.0,2096100.0,0,0,0,0
,,,,,,52,2026-02-01 04:18:17.188220,WNTR,25.15,24.95,25.15,2323100.0,2206200.0,0,0,0,0
2.0,1.0,1.0,,Aggregate Position Limit,Your CRO has set the aggregate position limit to 11000 shares for this week.,53,2026-02-01 04:18:18.248807,SPNG,25.1,24.65,24.7,2182800.0,2227600.0,0,0,0,0
1.0,1.0,1.0,,Welcome to the RITC 2026 Alogithmic Market Making Case - practice server,,53,2026-02-01 04:18:18.248807,SMMR,24.76,24.76,25.07,2181100.0,2168000.0,0,0,0,0
,,,,,,53,2026-02-01 04:18:18.248807,ATMN,25.01,24.9,24.98,2149000.0,2135500.0,0,0,0,0
,,,,,,53,2026-02-01 04:18:18.248807,WNTR,24.95,24.95,25.03,2323100.0,2181100.0,0,0,0,0
2.0,1.0,1.0,,Aggregate Position Limit,Your CRO has set the aggregate position limit to 11000 shares for this week.,54,2026-02-01 04:18:19.275505,SPNG,24.99,24.84,24.99,2169600.0,2243500.0,0,0,0,0
1.0,1.0,1.0,,Welcome to the RITC 2026 Alogithmic Market Making Case - practice server,,54,2026-02-01 04:18:19.275505,SMMR,24.74,24.81,25.07,2198500.0,2168000.0,0,0,0,0
,,,,,,54,2026-02-01 04:18:19.275505,ATMN,24.92,24.92,24.98,2161200.0,2111800.0,0,0,0,0
,,,,,,54,2026-02-01 04:18:19.275505,WNTR,24.92,24.92,25.15,2325400.0,2206200.0,0,0,0,0
2.0,1.0,1.0,,Aggregate Position Limit,Your CRO has set the aggregate position limit to 11000 shares for this week.,55,2026-02-01 04:18:20.306538,SPNG,24.84,24.84,24.99,2165500.0,2243500.0,0,0,0,0
1.0,1.0,1.0,,Welcome to the RITC 2026 Alogithmic Market Making Case - practice server,,55,2026-02-01 04:18:20.306538,SMMR,24.74,25.0,25.07,2195100.0,2168000.0,0,0,0,0
,,,,,,55,2026-02-01 04:18:20.306538,ATMN,25.03,24.9,25.01,2149000.0,2097500.0,0,0,0,0
,,,,,,55,2026-02-01 04:18:20.306538,WNTR,24.92,25.04,25.09,2342400.0,2195000.0,0,0,0,0
2.0,1.0,1.0,,Aggregate Position Limit,Your CRO has set the aggregate position limit to 11000 shares for this week.,56,2026-02-01 04:18:21.363018,SPNG,25.14,24.84,25.14,2165500.0,2276200.0,0,0,0,0
1.0,1.0,1.0,,Welcome to the RITC 2026 Alogithmic Market Making Case - practice server,,56,2026-02-01 04:18:21.363018,SMMR,25.07,25.0,25.07,2195100.0,2179600.0,0,0,0,0
,,,,,,56,2026-02-01 04:18:21.363018,ATMN,24.95,24.95,25.01,2171400.0,2087600.0,0,0,0,0
,,,,,,56,2026-02-01 04:18:21.363018,WNTR,24.91,24.91,25.09,2312500.0,2184300.0,0,0,0,0
2.0,1.0,1.0,,Aggregate Position Limit,Your CRO has set the aggregate position limit to 11000 shares for this week.,57,2026-02-01 04:18:22.399940,SPNG,24.63,24.63,25.14,2177600.0,2265300.0,0,0,0,0
1.0,1.0,1.0,,Welcome to the RITC 2026 Alogithmic Market Making Case - practice server,,57,2026-02-01 04:18:22.399940,SMMR,25.0,25.0,25.07,2195100.0,2139100.0,0,0,0,0
,,,,,,57,2026-02-01 04:18:22.399940,ATMN,24.84,24.84,25.01,2104300.0,2087600.0,0,0,0,0
,,,,,,57,2026-02-01 04:18:22.399940,WNTR,24.87,24.87,25.09,2246500.0,2194900.0,0,0,0,0
2.0,1.0,1.0,,Aggregate Position Limit,Your CRO has set the aggregate position limit to 11000 shares for this week.,58,2026-02-01 04:18:23.434192,SPNG,25.15,24.63,25.15,2177600.0,2255700.0,0,0,0,0
1.0,1.0,1.0,,Welcome to the RITC 2026 Alogithmic Market Making Case - practice server,,58,2026-02-01 04:18:23.434192,SMMR,25.1,24.72,25.1,2174000.0,2185500.0,0,0,0,0
,,,,,,58,2026-02-01 04:18:23.434192,ATMN,24.84,24.84,25.01,2104300.0,2115200.0,0,0,0,0
,,,,,,58,2026-02-01 04:18:23.434192,WNTR,25.1,24.87,25.1,2246500.0,2185900.0,0,0,0,0
2.0,1.0,1.0,,Aggregate Position Limit,Your CRO has set the aggregate position limit to 11000 shares for this week.,59,2026-02-01 04:18:24.465462,SPNG,25.16,24.62,24.96,2171800.0,2239300.0,0,0,0,0
1.0,1.0,1.0,,Welcome to the RITC 2026 Alogithmic Market Making Case - practice server,,59,2026-02-01 04:18:24.465462,SMMR,25.1,24.89,25.1,2177500.0,2185500.0,0,0,0,0
,,,,,,59,2026-02-01 04:18:24.465462,ATMN,25.03,24.83,24.84,2121000.0,2115300.0,0,0,0,0
,,,,,,59,2026-02-01 04:18:24.465462,WNTR,24.86,24.89,25.1,2229400.0,2185900.0,0,0,0,0
2.0,1.0,1.0,,Aggregate Position Limit,Your CRO has set the aggregate position limit to 11000 shares for this week.,60,2026-02-01 04:18:25.495724,SPNG,25.16,24.85,25.42,1030200.0,768500.0,0,0,0,0
1.0,1.0,1.0,,Welcome to the RITC 2026 Alogithmic Market Making Case - practice server,,60,2026-02-01 04:18:25.495724,SMMR,25.31,25.21,25.24,832800.0,843200.0,0,0,0,0
,,,,,,60,2026-02-01 04:18:25.495724,ATMN,24.84,25.37,25.59,930000.0,833600.0,0,0,0,0
,,,,,,60,2026-02-01 04:18:25.495724,WNTR,24.86,24.71,24.74,901300.0,892200.0,0,0,0,0
2.0,1.0,1.0,,Aggregate Position Limit,Your CRO has set the aggregate position limit to 11000 shares for this week.,61,2026-02-01 04:18:26.527294,SPNG,24.85,24.85,25.01,1048100.0,969500.0,0,0,0,0
1.0,1.0,1.0,,Welcome to the RITC 2026 Alogithmic Market Making Case - practice server,,61,2026-02-01 04:18:26.527294,SMMR,25.31,25.21,25.24,832800.0,1150300.0,0,0,0,0
,,,,,,61,2026-02-01 04:18:26.527294,ATMN,25.37,25.37,25.59,1075100.0,942200.0,0,0,0,0
,,,,,,61,2026-02-01 04:18:26.527294,WNTR,24.8,24.62,24.8,929700.0,888700.0,0,0,0,0
2.0,1.0,1.0,,Aggregate Position Limit,Your CRO has set the aggregate position limit to 11000 shares for this week.,62,2026-02-01 04:18:27.557152,SPNG,25.01,23.86,25.01,1192600.0,969500.0,0,0,0,0
1.0,1.0,1.0,,Welcome to the RITC 2026 Alogithmic Market Making Case - practice server,,62,2026-02-01 04:18:27.557152,SMMR,25.31,25.21,25.29,1043700.0,1061500.0,0,0,0,0
,,,,,,62,2026-02-01 04:18:27.557152,ATMN,25.35,25.35,25.58,980900.0,1033000.0,0,0,0,0
,,,,,,62,2026-02-01 04:18:27.557152,WNTR,24.43,24.48,24.8,1045800.0,1008900.0,0,0,0,0
2.0,1.0,1.0,,Aggregate Position Limit,Your CRO has set the aggregate position limit to 11000 shares for this week.,63,2026-02-01 04:18:28.596849,SPNG,25.01,24.74,25.01,1736100.0,969500.0,0,0,0,0
1.0,1.0,1.0,,Welcome to the RITC 2026 Alogithmic Market Making Case - practice server,,63,2026-02-01 04:18:28.596849,SMMR,25.21,25.21,25.29,943700.0,1266900.0,0,0,0,0
,,,,,,63,2026-02-01 04:18:28.596849,ATMN,25.35,25.09,25.17,1251500.0,1271600.0,0,0,0,0
,,,,,,63,2026-02-01 04:18:28.596849,WNTR,24.76,24.76,24.78,1297700.0,1107700.0,0,0,0,0
2.0,1.0,1.0,,Aggregate Position Limit,Your CRO has set the aggregate position limit to 11000 shares for this week.,64,2026-02-01 04:18:29.638400,SPNG,24.68,24.85,25.01,1753900.0,1081400.0,0,0,0,0
1.0,1.0,1.0,,Welcome to the RITC 2026 Alogithmic Market Making Case - practice server,,64,2026-02-01 04:18:29.638400,SMMR,25.29,25.21,25.25,1042700.0,1361800.0,0,0,0,0
,,,,,,64,2026-02-01 04:18:29.638400,ATMN,25.17,25.25,25.47,1452300.0,1268200.0,0,0,0,0
,,,,,,64,2026-02-01 04:18:29.638400,WNTR,24.76,24.61,24.66,1392800.0,1201500.0,0,0,0,0
2.0,1.0,1.0,,Aggregate Position Limit,Your CRO has set the aggregate position limit to 11000 shares for this week.,65,2026-02-01 04:18:30.668779,SPNG,24.68,24.85,25.01,1753900.0,1262600.0,0,0,0,0
1.0,1.0,1.0,,Welcome to the RITC 2026 Alogithmic Market Making Case - practice server,,65,2026-02-01 04:18:30.668779,SMMR,25.14,25.14,25.15,838100.0,1397800.0,0,0,0,0
,,,,,,65,2026-02-01 04:18:30.668779,ATMN,25.59,25.25,25.59,1452300.0,1060200.0,0,0,0,0
,,,,,,65,2026-02-01 04:18:30.668779,WNTR,24.71,24.63,24.66,1498400.0,1338200.0,0,0,0,0
2.0,1.0,1.0,,Aggregate Position Limit,Your CRO has set the aggregate position limit to 11000 shares for this week.,66,2026-02-01 04:18:31.697185,SPNG,24.85,24.85,24.92,1753900.0,1590700.0,0,0,0,0
1.0,1.0,1.0,,Welcome to the RITC 2026 Alogithmic Market Making Case - practice server,,66,2026-02-01 04:18:31.697185,SMMR,25.15,25.14,25.15,1049900.0,1397800.0,0,0,0,0
,,,,,,66,2026-02-01 04:18:31.697185,ATMN,25.09,25.09,25.62,1251500.0,1045700.0,0,0,0,0
,,,,,,66,2026-02-01 04:18:31.697185,WNTR,24.78,24.63,24.78,1727700.0,1229800.0,0,0,0,0
2.0,1.0,1.0,,Aggregate Position Limit,Your CRO has set the aggregate position limit to 11000 shares for this week.,67,2026-02-01 04:18:32.726421,SPNG,24.85,24.85,24.92,1863100.0,1844700.0,0,0,0,0
1.0,1.0,1.0,,Welcome to the RITC 2026 Alogithmic Market Making Case - practice server,,67,2026-02-01 04:18:32.726421,SMMR,25.26,25.26,25.29,1173500.0,1489000.0,0,0,0,0
,,,,,,67,2026-02-01 04:18:32.726421,ATMN,24.78,25.14,25.44,1350200.0,1174600.0,0,0,0,0
,,,,,,67,2026-02-01 04:18:32.726421,WNTR,24.61,24.54,24.6,1494200.0,1433100.0,0,0,0,0
2.0,1.0,1.0,,Aggregate Position Limit,Your CRO has set the aggregate position limit to 11000 shares for this week.,68,2026-02-01 04:18:33.748674,SPNG,24.64,24.69,24.92,1761200.0,1967100.0,0,0,0,0
1.0,1.0,1.0,,Welcome to the RITC 2026 Alogithmic Market Making Case - practice server,,68,2026-02-01 04:18:33.748674,SMMR,25.3,25.13,25.3,949400.0,1384300.0,0,0,0,0
,,,,,,68,2026-02-01 04:18:33.748674,ATMN,24.78,25.14,25.44,1589300.0,1283500.0,0,0,0,0
,,,,,,68,2026-02-01 04:18:33.748674,WNTR,24.54,24.68,24.78,1593300.0,1334400.0,0,0,0,0
2.0,1.0,1.0,,Aggregate Position Limit,Your CRO has set the aggregate position limit to 11000 shares for this week.,69,2026-02-01 04:18:34.771015,SPNG,24.92,24.69,24.92,2013200.0,1967100.0,0,0,0,0
1.0,1.0,1.0,,Welcome to the RITC 2026 Alogithmic Market Making Case - practice server,,69,2026-02-01 04:18:34.771015,SMMR,25.32,25.28,25.32,1045200.0,1480600.0,0,0,0,0
,,,,,,69,2026-02-01 04:18:34.771015,ATMN,25.19,25.19,25.44,1829600.0,1283500.0,0,0,0,0
,,,,,,69,2026-02-01 04:18:34.771015,WNTR,24.64,24.72,24.74,1688700.0,1449000.0,0,0,0,0
2.0,1.0,1.0,,Aggregate Position Limit,Your CRO has set the aggregate position limit to 11000 shares for this week.,70,2026-02-01 04:18:35.803744,SPNG,24.69,24.69,24.94,2109100.0,1852700.0,0,0,0,0
1.0,1.0,1.0,,Welcome to the RITC 2026 Alogithmic Market Making Case - practice server,,70,2026-02-01 04:18:35.803744,SMMR,25.32,25.32,25.33,1150500.0,1599900.0,0,0,0,0
,,,,,,70,2026-02-01 04:18:35.803744,ATMN,25.19,25.27,25.44,2082000.0,1401600.0,0,0,0,0
,,,,,,70,2026-02-01 04:18:35.803744,WNTR,24.67,24.67,24.74,1710500.0,1574800.0,0,0,0,0
2.0,1.0,1.0,,Aggregate Position Limit,Your CRO has set the aggregate position limit to 11000 shares for this week.,71,2026-02-01 04:18:36.832469,SPNG,25.01,24.69,25.01,2109100.0,1915600.0,0,0,0,0
1.0,1.0,1.0,,Welcome to the RITC 2026 Alogithmic Market Making Case - practice server,,71,2026-02-01 04:18:36.832469,SMMR,25.32,25.32,25.33,1150500.0,1930100.0,0,0,0,0
,,,,,,71,2026-02-01 04:18:36.832469,ATMN,25.19,25.27,25.44,2182400.0,1637400.0,0,0,0,0
,,,,,,71,2026-02-01 04:18:36.832469,WNTR,24.67,24.67,24.78,1729900.0,1558300.0,0,0,0,0
2.0,1.0,1.0,,Aggregate Position Limit,Your CRO has set the aggregate position limit to 11000 shares for this week.,72,2026-02-01 04:18:37.870366,SPNG,25.12,24.69,25.12,2354000.0,1813400.0,0,0,0,0
1.0,1.0,1.0,,Welcome to the RITC 2026 Alogithmic Market Making Case - practice server,,72,2026-02-01 04:18:37.870366,SMMR,25.28,25.28,25.33,1169700.0,2159300.0,0,0,0,0
,,,,,,72,2026-02-01 04:18:37.870366,ATMN,25.44,25.19,25.44,2162900.0,1637400.0,0,0,0,0
,,,,,,72,2026-02-01 04:18:37.870366,WNTR,24.67,24.67,24.72,1946600.0,1686200.0,0,0,0,0
2.0,1.0,1.0,,Aggregate Position Limit,Your CRO has set the aggregate position limit to 11000 shares for this week.,73,2026-02-01 04:18:38.905696,SPNG,25.26,24.69,25.05,2354000.0,1961000.0,0,0,0,0
1.0,1.0,1.0,,Welcome to the RITC 2026 Alogithmic Market Making Case - practice server,,73,2026-02-01 04:18:38.905696,SMMR,25.27,25.13,25.21,1066600.0,2163800.0,0,0,0,0
,,,,,,73,2026-02-01 04:18:38.905696,ATMN,25.44,25.1,25.44,1953500.0,1637400.0,0,0,0,0
,,,,,,73,2026-02-01 04:18:38.905696,WNTR,24.72,24.63,24.72,2074900.0,1686200.0,0,0,0,0
2.0,1.0,1.0,,Aggregate Position Limit,Your CRO has set the aggregate position limit to 11000 shares for this week.,74,2026-02-01 04:18:39.938693,SPNG,25.26,24.69,24.86,2354000.0,2120200.0,0,0,0,0
1.0,1.0,1.0,,Welcome to the RITC 2026 Alogithmic Market Making Case - practice server,,74,2026-02-01 04:18:39.938693,SMMR,25.33,25.15,25.33,1409500.0,2159300.0,0,0,0,0
,,,,,,74,2026-02-01 04:18:39.938693,ATMN,25.64,25.1,25.64,2080600.0,1390500.0,0,0,0,0
,,,,,,74,2026-02-01 04:18:39.938693,WNTR,24.78,24.63,24.68,2074900.0,1765000.0,0,0,0,0
2.0,1.0,1.0,,Aggregate Position Limit,Your CRO has set the aggregate position limit to 11000 shares for this week.,76,2026-02-01 04:18:40.964765,SPNG,24.64,24.64,24.94,2218400.0,2149400.0,0,0,0,0
1.0,1.0,1.0,,Welcome to the RITC 2026 Alogithmic Market Making Case - practice server,,76,2026-02-01 04:18:40.964765,SMMR,25.33,25.21,25.32,1729400.0,2150600.0,0,0,0,0
,,,,,,76,2026-02-01 04:18:40.964765,ATMN,25.43,25.19,25.43,2172400.0,1500000.0,0,0,0,0
,,,,,,76,2026-02-01 04:18:40.964765,WNTR,24.6,24.6,24.67,2152400.0,1898800.0,0,0,0,0
2.0,1.0,1.0,,Aggregate Position Limit,Your CRO has set the aggregate position limit to 11000 shares for this week.,77,2026-02-01 04:18:41.998057,SPNG,24.63,24.9,24.94,2231800.0,2142700.0,0,0,0,0
1.0,1.0,1.0,,Welcome to the RITC 2026 Alogithmic Market Making Case - practice server,,77,2026-02-01 04:18:41.998057,SMMR,25.33,25.3,25.32,2042200.0,2150600.0,0,0,0,0
,,,,,,77,2026-02-01 04:18:41.998057,ATMN,25.08,25.08,25.43,1974800.0,1500000.0,0,0,0,0
,,,,,,77,2026-02-01 04:18:41.998057,WNTR,24.68,24.6,24.68,2268900.0,1765000.0,0,0,0,0
2.0,1.0,1.0,,Aggregate Position Limit,Your CRO has set the aggregate position limit to 11000 shares for this week.,78,2026-02-01 04:18:43.025735,SPNG,24.94,24.9,24.94,2231800.0,2240100.0,0,0,0,0
1.0,1.0,1.0,,Welcome to the RITC 2026 Alogithmic Market Making Case - practice server,,78,2026-02-01 04:18:43.025735,SMMR,25.21,25.16,25.17,1955700.0,2208700.0,0,0,0,0
,,,,,,78,2026-02-01 04:18:43.025735,ATMN,25.04,25.04,25.43,1847700.0,1600200.0,0,0,0,0
,,,,,,78,2026-02-01 04:18:43.025735,WNTR,24.81,24.77,24.81,2186100.0,1454200.0,0,0,0,0
2.0,1.0,1.0,,Aggregate Position Limit,Your CRO has set the aggregate position limit to 11000 shares for this week.,79,2026-02-01 04:18:44.060594,SPNG,24.46,24.46,24.94,2352300.0,2240100.0,0,0,0,0
1.0,1.0,1.0,,Welcome to the RITC 2026 Alogithmic Market Making Case - practice server,,79,2026-02-01 04:18:44.060594,SMMR,25.32,25.15,25.17,1944000.0,2144200.0,0,0,0,0
,,,,,,79,2026-02-01 04:18:44.060594,ATMN,25.64,24.82,25.6,1734100.0,1586800.0,0,0,0,0
,,,,,,79,2026-02-01 04:18:44.060594,WNTR,24.88,24.77,24.88,2148000.0,1332100.0,0,0,0,0
2.0,1.0,1.0,,Aggregate Position Limit,Your CRO has set the aggregate position limit to 11000 shares for this week.,80,2026-02-01 04:18:45.089724,SPNG,24.46,24.46,24.94,2352300.0,2240100.0,0,0,0,0
1.0,1.0,1.0,,Welcome to the RITC 2026 Alogithmic Market Making Case - practice server,,80,2026-02-01 04:18:45.089724,SMMR,25.32,25.15,25.32,1944000.0,2150600.0,0,0,0,0
,,,,,,80,2026-02-01 04:18:45.089724,ATMN,25.64,25.49,25.6,2053900.0,1700300.0,0,0,0,0
,,,,,,80,2026-02-01 04:18:45.089724,WNTR,24.77,24.77,24.83,2185700.0,1555800.0,0,0,0,0
2.0,1.0,1.0,,Aggregate Position Limit,Your CRO has set the aggregate position limit to 11000 shares for this week.,81,2026-02-01 04:18:46.124175,SPNG,24.46,24.93,24.94,2437200.0,2240100.0,0,0,0,0
1.0,1.0,1.0,,Welcome to the RITC 2026 Alogithmic Market Making Case - practice server,,81,2026-02-01 04:18:46.124175,SMMR,25.15,25.15,25.19,1825900.0,2157400.0,0,0,0,0
,,,,,,81,2026-02-01 04:18:46.124175,ATMN,25.49,24.9,25.19,2034100.0,1809600.0,0,0,0,0
,,,,,,81,2026-02-01 04:18:46.124175,WNTR,24.77,24.77,24.83,2216900.0,1683600.0,0,0,0,0
2.0,1.0,1.0,,Aggregate Position Limit,Your CRO has set the aggregate position limit to 11000 shares for this week.,82,2026-02-01 04:18:47.157853,SPNG,24.93,24.77,24.92,2437000.0,2280300.0,0,0,0,0
1.0,1.0,1.0,,Welcome to the RITC 2026 Alogithmic Market Making Case - practice server,,82,2026-02-01 04:18:47.157853,SMMR,25.13,25.13,25.34,1714200.0,2154100.0,0,0,0,0
,,,,,,82,2026-02-01 04:18:47.157853,ATMN,25.19,25.14,25.19,2228100.0,1809600.0,0,0,0,0
,,,,,,82,2026-02-01 04:18:47.157853,WNTR,24.88,24.77,24.88,2216900.0,1582700.0,0,0,0,0
2.0,1.0,1.0,,Aggregate Position Limit,Your CRO has set the aggregate position limit to 11000 shares for this week.,83,2026-02-01 04:18:48.200160,SPNG,24.93,24.77,24.92,2437000.0,2328200.0,0,0,0,0
1.0,1.0,1.0,,Welcome to the RITC 2026 Alogithmic Market Making Case - practice server,,83,2026-02-01 04:18:48.200160,SMMR,25.13,25.13,25.18,1603800.0,2166600.0,0,0,0,0
,,,,,,83,2026-02-01 04:18:48.200160,ATMN,25.14,25.14,25.68,2228100.0,1606500.0,0,0,0,0
,,,,,,83,2026-02-01 04:18:48.200160,WNTR,24.88,24.77,24.86,2256200.0,1661100.0,0,0,0,0
2.0,1.0,1.0,,Aggregate Position Limit,Your CRO has set the aggregate position limit to 11000 shares for this week.,84,2026-02-01 04:18:49.237582,SPNG,25.0,24.46,25.0,2475600.0,2281300.0,0,0,0,0
1.0,1.0,1.0,,Welcome to the RITC 2026 Alogithmic Market Making Case - practice server,,84,2026-02-01 04:18:49.237582,SMMR,25.24,25.13,25.18,1703800.0,2177900.0,0,0,0,0
,,,,,,84,2026-02-01 04:18:49.237582,ATMN,25.18,25.3,25.65,2345100.0,1829400.0,0,0,0,0
,,,,,,84,2026-02-01 04:18:49.237582,WNTR,24.88,24.77,24.81,2243400.0,1906100.0,0,0,0,0
2.0,1.0,1.0,,Aggregate Position Limit,Your CRO has set the aggregate position limit to 11000 shares for this week.,85,2026-02-01 04:18:50.267277,SPNG,25.07,24.73,25.07,2440300.0,2225100.0,0,0,0,0
1.0,1.0,1.0,,Welcome to the RITC 2026 Alogithmic Market Making Case - practice server,,85,2026-02-01 04:18:50.267277,SMMR,25.13,25.13,25.18,1707800.0,2177900.0,0,0,0,0
,,,,,,85,2026-02-01 04:18:50.267277,ATMN,25.18,25.3,25.37,2345100.0,2143600.0,0,0,0,0
,,,,,,85,2026-02-01 04:18:50.267277,WNTR,24.88,24.77,24.81,2226000.0,2153200.0,0,0,0,0
2.0,1.0,1.0,,Aggregate Position Limit,Your CRO has set the aggregate position limit to 11000 shares for this week.,86,2026-02-01 04:18:51.298934,SPNG,25.07,24.73,25.07,2432700.0,2222300.0,0,0,0,0
1.0,1.0,1.0,,Welcome to the RITC 2026 Alogithmic Market Making Case - practice server,,86,2026-02-01 04:18:51.298934,SMMR,25.29,25.13,25.24,1707800.0,2142700.0,0,0,0,0
,,,,,,86,2026-02-01 04:18:51.298934,ATMN,24.84,24.84,25.37,2027800.0,2185100.0,0,0,0,0
,,,,,,86,2026-02-01 04:18:51.298934,WNTR,24.74,24.74,24.81,2233900.0,2247000.0,0,0,0,0
2.0,1.0,1.0,,Aggregate Position Limit,Your CRO has set the aggregate position limit to 11000 shares for this week.,87,2026-02-01 04:18:52.334940,SPNG,24.39,25.05,25.07,2471900.0,2264000.0,0,0,0,0
1.0,1.0,1.0,,Welcome to the RITC 2026 Alogithmic Market Making Case - practice server,,87,2026-02-01 04:18:52.334940,SMMR,25.12,25.12,25.29,1727000.0,2151400.0,0,0,0,0
,,,,,,87,2026-02-01 04:18:52.334940,ATMN,24.84,24.93,25.15,2272400.0,2201400.0,0,0,0,0
,,,,,,87,2026-02-01 04:18:52.334940,WNTR,24.73,24.73,24.81,2218700.0,2247000.0,0,0,0,0
2.0,1.0,1.0,,Aggregate Position Limit,Your CRO has set the aggregate position limit to 11000 shares for this week.,88,2026-02-01 04:18:53.368638,SPNG,24.39,25.05,25.07,2471900.0,2277500.0,0,0,0,0
1.0,1.0,1.0,,Welcome to the RITC 2026 Alogithmic Market Making Case - practice server,,88,2026-02-01 04:18:53.368638,SMMR,25.12,25.12,25.29,1615700.0,2192700.0,0,0,0,0
,,,,,,88,2026-02-01 04:18:53.368638,ATMN,25.15,25.31,25.37,2320400.0,2185100.0,0,0,0,0
,,,,,,88,2026-02-01 04:18:53.368638,WNTR,24.81,24.81,24.82,2216700.0,2223100.0,0,0,0,0
2.0,1.0,1.0,,Aggregate Position Limit,Your CRO has set the aggregate position limit to 11000 shares for this week.,89,2026-02-01 04:18:54.392486,SPNG,25.05,24.39,24.68,2416700.0,2273200.0,0,0,0,0
1.0,1.0,1.0,,Welcome to the RITC 2026 Alogithmic Market Making Case - practice server,,89,2026-02-01 04:18:54.392486,SMMR,25.11,25.11,25.2,1616900.0,2192900.0,0,0,0,0
,,,,,,89,2026-02-01 04:18:54.392486,ATMN,25.15,25.31,25.37,2320400.0,2174800.0,0,0,0,0
,,,,,,89,2026-02-01 04:18:54.392486,WNTR,24.82,24.81,24.82,2216700.0,2200500.0,0,0,0,0
2.0,1.0,1.0,,Aggregate Position Limit,Your CRO has set the aggregate position limit to 11000 shares for this week.,90,2026-02-01 04:18:55.425484,SPNG,25.08,25.08,25.09,2420900.0,2291400.0,0,0,0,0
1.0,1.0,1.0,,Welcome to the RITC 2026 Alogithmic Market Making Case - practice server,,90,2026-02-01 04:18:55.425484,SMMR,25.11,25.11,25.2,1608400.0,2166400.0,0,0,0,0
,,,,,,90,2026-02-01 04:18:55.425484,ATMN,25.23,25.35,25.37,2334100.0,2189100.0,0,0,0,0
,,,,,,90,2026-02-01 04:18:55.425484,WNTR,24.69,24.69,24.83,2189700.0,2177000.0,0,0,0,0
2.0,1.0,1.0,,Aggregate Position Limit,Your CRO has set the aggregate position limit to 11000 shares for this week.,91,2026-02-01 04:18:56.462586,SPNG,25.08,24.39,24.77,2451500.0,2301500.0,0,0,0,0
1.0,1.0,1.0,,Welcome to the RITC 2026 Alogithmic Market Making Case - practice server,,91,2026-02-01 04:18:56.462586,SMMR,25.07,25.07,25.2,1499200.0,2150300.0,0,0,0,0
,,,,,,91,2026-02-01 04:18:56.462586,ATMN,24.93,24.93,25.37,2350600.0,2201200.0,0,0,0,0
,,,,,,91,2026-02-01 04:18:56.462586,WNTR,24.69,24.69,24.83,2187500.0,2177000.0,0,0,0,0
2.0,1.0,1.0,,Aggregate Position Limit,Your CRO has set the aggregate position limit to 11000 shares for this week.,92,2026-02-01 04:18:57.587356,SPNG,25.1,24.58,25.1,2437200.0,2297800.0,0,0,0,0
1.0,1.0,1.0,,Welcome to the RITC 2026 Alogithmic Market Making Case - practice server,,92,2026-02-01 04:18:57.587356,SMMR,25.06,25.06,25.07,1489100.0,2111000.0,0,0,0,0
,,,,,,92,2026-02-01 04:18:57.587356,ATMN,25.37,24.93,25.37,2309000.0,2201200.0,0,0,0,0
,,,,,,92,2026-02-01 04:18:57.587356,WNTR,24.69,24.8,24.83,2181300.0,2166700.0,0,0,0,0
2.0,1.0,1.0,,Aggregate Position Limit,Your CRO has set the aggregate position limit to 11000 shares for this week.,93,2026-02-01 04:18:58.623132,SPNG,25.1,24.58,25.1,2406900.0,2297800.0,0,0,0,0
1.0,1.0,1.0,,Welcome to the RITC 2026 Alogithmic Market Making Case - practice server,,93,2026-02-01 04:18:58.623132,SMMR,25.12,25.06,25.12,1489100.0,2112700.0,0,0,0,0
,,,,,,93,2026-02-01 04:18:58.623132,ATMN,25.1,25.1,25.37,2263700.0,2201200.0,0,0,0,0
,,,,,,93,2026-02-01 04:18:58.623132,WNTR,24.69,24.82,24.83,2202400.0,2199600.0,0,0,0,0
2.0,1.0,1.0,,Aggregate Position Limit,Your CRO has set the aggregate position limit to 11000 shares for this week.,94,2026-02-01 04:18:59.660787,SPNG,25.1,24.58,24.63,2411300.0,2323800.0,0,0,0,0
1.0,1.0,1.0,,Welcome to the RITC 2026 Alogithmic Market Making Case - practice server,,94,2026-02-01 04:18:59.660787,SMMR,25.19,25.06,25.08,1489100.0,2078200.0,0,0,0,0
,,,,,,94,2026-02-01 04:18:59.660787,ATMN,24.85,25.13,25.57,2290900.0,2178600.0,0,0,0,0
,,,,,,94,2026-02-01 04:18:59.660787,WNTR,24.86,24.8,24.86,2194700.0,2242100.0,0,0,0,0
2.0,1.0,1.0,,Aggregate Position Limit,Your CRO has set the aggregate position limit to 11000 shares for this week.,95,2026-02-01 04:19:00.693008,SPNG,24.63,24.79,25.05,2398800.0,2311300.0,0,0,0,0
1.0,1.0,1.0,,Welcome to the RITC 2026 Alogithmic Market Making Case - practice server,,95,2026-02-01 04:19:00.693008,SMMR,25.08,25.06,25.08,1713400.0,2078200.0,0,0,0,0
,,,,,,95,2026-02-01 04:19:00.693008,ATMN,25.13,24.85,24.96,2307100.0,2180700.0,0,0,0,0
,,,,,,95,2026-02-01 04:19:00.693008,WNTR,24.74,24.74,24.78,2197900.0,2230500.0,0,0,0,0
2.0,1.0,1.0,,Aggregate Position Limit,Your CRO has set the aggregate position limit to 11000 shares for this week.,96,2026-02-01 04:19:01.713978,SPNG,24.81,24.82,25.05,2387900.0,2311300.0,0,0,0,0
1.0,1.0,1.0,,Welcome to the RITC 2026 Alogithmic Market Making Case - practice server,,96,2026-02-01 04:19:01.713978,SMMR,25.08,25.09,25.19,2154600.0,2079600.0,0,0,0,0
,,,,,,96,2026-02-01 04:19:01.713978,ATMN,25.13,24.92,24.96,2271400.0,2180700.0,0,0,0,0
,,,,,,96,2026-02-01 04:19:01.713978,WNTR,24.74,24.74,24.78,2181100.0,2230500.0,0,0,0,0
2.0,1.0,1.0,,Aggregate Position Limit,Your CRO has set the aggregate position limit to 11000 shares for this week.,97,2026-02-01 04:19:02.743670,SPNG,24.79,24.79,25.05,2398800.0,2297000.0,0,0,0,0
1.0,1.0,1.0,,Welcome to the RITC 2026 Alogithmic Market Making Case - practice server,,97,2026-02-01 04:19:02.743670,SMMR,25.19,25.07,25.19,2035900.0,2079600.0,0,0,0,0
,,,,,,97,2026-02-01 04:19:02.743670,ATMN,25.57,25.07,25.12,2254100.0,2172600.0,0,0,0,0
,,,,,,97,2026-02-01 04:19:02.743670,WNTR,24.83,24.83,24.86,2187700.0,2242100.0,0,0,0,0
2.0,1.0,1.0,,Aggregate Position Limit,Your CRO has set the aggregate position limit to 11000 shares for this week.,98,2026-02-01 04:19:03.767242,SPNG,24.79,24.81,24.88,2391600.0,2297000.0,0,0,0,0
1.0,1.0,1.0,,Welcome to the RITC 2026 Alogithmic Market Making Case - practice server,,98,2026-02-01 04:19:03.767242,SMMR,25.07,25.06,25.07,2134200.0,2072000.0,0,0,0,0
,,,,,,98,2026-02-01 04:19:03.767242,ATMN,25.07,25.07,25.29,2254100.0,2169900.0,0,0,0,0
,,,,,,98,2026-02-01 04:19:03.767242,WNTR,24.86,24.75,24.86,2185200.0,2263800.0,0,0,0,0
2.0,1.0,1.0,,Aggregate Position Limit,Your CRO has set the aggregate position limit to 11000 shares for this week.,99,2026-02-01 04:19:04.798578,SPNG,24.79,24.81,24.88,2389900.0,2297000.0,0,0,0,0
1.0,1.0,1.0,,Welcome to the RITC 2026 Alogithmic Market Making Case - practice server,,99,2026-02-01 04:19:04.798578,SMMR,25.1,25.1,25.19,2119800.0,2091200.0,0,0,0,0
,,,,,,99,2026-02-01 04:19:04.798578,ATMN,25.02,24.92,25.02,2233200.0,2182500.0,0,0,0,0
,,,,,,99,2026-02-01 04:19:04.798578,WNTR,24.75,24.75,24.81,2174600.0,2273200.0,0,0,0,0
2.0,1.0,1.0,,Aggregate Position Limit,Your CRO has set the aggregate position limit to 11000 shares for this week.,100,2026-02-01 04:19:05.817089,SPNG,25.05,24.81,25.05,2352600.0,2301700.0,0,0,0,0
1.0,1.0,1.0,,Welcome to the RITC 2026 Alogithmic Market Making Case - practice server,,100,2026-02-01 04:19:05.817089,SMMR,25.27,25.12,25.27,2136600.0,2116400.0,0,0,0,0
,,,,,,100,2026-02-01 04:19:05.817089,ATMN,25.02,24.92,25.02,2220100.0,2182500.0,0,0,0,0
,,,,,,100,2026-02-01 04:19:05.817089,WNTR,24.81,24.75,24.81,2160100.0,2290000.0,0,0,0,0
2.0,1.0,1.0,,Aggregate Position Limit,Your CRO has set the aggregate position limit to 11000 shares for this week.,101,2026-02-01 04:19:06.861343,SPNG,25.05,24.81,25.05,2352600.0,2301700.0,0,0,0,0
1.0,1.0,1.0,,Welcome to the RITC 2026 Alogithmic Market Making Case - practice server,,101,2026-02-01 04:19:06.861343,SMMR,25.3,25.18,25.3,2137900.0,2146900.0,0,0,0,0
,,,,,,101,2026-02-01 04:19:06.861343,ATMN,25.29,25.4,25.57,2198700.0,2180600.0,0,0,0,0
,,,,,,101,2026-02-01 04:19:06.861343,WNTR,24.75,24.75,24.85,2154200.0,2285000.0,0,0,0,0
2.0,1.0,1.0,,Aggregate Position Limit,Your CRO has set the aggregate position limit to 11000 shares for this week.,102,2026-02-01 04:19:07.902627,SPNG,25.1,24.81,25.1,2352600.0,2314300.0,0,0,0,0
1.0,1.0,1.0,,Welcome to the RITC 2026 Alogithmic Market Making Case - practice server,,102,2026-02-01 04:19:07.902627,SMMR,25.12,25.12,25.13,2134300.0,2174300.0,0,0,0,0
,,,,,,102,2026-02-01 04:19:07.902627,ATMN,25.57,24.92,25.57,2220100.0,2180600.0,0,0,0,0
,,,,,,102,2026-02-01 04:19:07.902627,WNTR,24.86,24.87,24.88,2183700.0,2258200.0,0,0,0,0
2.0,1.0,1.0,,Aggregate Position Limit,Your CRO has set the aggregate position limit to 11000 shares for this week.,103,2026-02-01 04:19:08.946738,SPNG,24.58,24.58,24.86,2356500.0,2300900.0,0,0,0,0
1.0,1.0,1.0,,Welcome to the RITC 2026 Alogithmic Market Making Case - practice server,,103,2026-02-01 04:19:08.946738,SMMR,25.12,25.12,25.13,2094000.0,2174300.0,0,0,0,0
,,,,,,103,2026-02-01 04:19:08.946738,ATMN,25.42,25.42,25.43,2204700.0,2183800.0,0,0,0,0
,,,,,,103,2026-02-01 04:19:08.946738,WNTR,24.78,24.85,24.88,2165200.0,2258200.0,0,0,0,0
2.0,1.0,1.0,,Aggregate Position Limit,Your CRO has set the aggregate position limit to 11000 shares for this week.,104,2026-02-01 04:19:09.997394,SPNG,24.98,24.58,24.74,2356500.0,2305800.0,0,0,0,0
1.0,1.0,1.0,,Welcome to the RITC 2026 Alogithmic Market Making Case - practice server,,104,2026-02-01 04:19:09.997394,SMMR,25.14,25.12,25.14,2094200.0,2166500.0,0,0,0,0
,,,,,,104,2026-02-01 04:19:09.997394,ATMN,25.42,24.92,25.33,2235900.0,2202100.0,0,0,0,0
,,,,,,104,2026-02-01 04:19:09.997394,WNTR,24.94,24.85,24.94,2165200.0,2273000.0,0,0,0,0
2.0,1.0,1.0,,Aggregate Position Limit,Your CRO has set the aggregate position limit to 11000 shares for this week.,105,2026-02-01 04:19:11.024791,SPNG,24.91,24.58,24.78,2356500.0,2333400.0,0,0,0,0
1.0,1.0,1.0,,Welcome to the RITC 2026 Alogithmic Market Making Case - practice server,,105,2026-02-01 04:19:11.024791,SMMR,25.34,25.12,25.34,2094200.0,2160200.0,0,0,0,0
,,,,,,105,2026-02-01 04:19:11.024791,ATMN,25.42,25.3,25.33,2243600.0,2195900.0,0,0,0,0
,,,,,,105,2026-02-01 04:19:11.024791,WNTR,24.85,24.75,24.78,2142300.0,2271800.0,0,0,0,0
2.0,1.0,1.0,,Aggregate Position Limit,Your CRO has set the aggregate position limit to 11000 shares for this week.,106,2026-02-01 04:19:12.065831,SPNG,24.91,24.58,24.78,2319200.0,2333400.0,0,0,0,0
1.0,1.0,1.0,,Welcome to the RITC 2026 Alogithmic Market Making Case - practice server,,106,2026-02-01 04:19:12.065831,SMMR,25.34,25.24,25.34,2100200.0,2127000.0,0,0,0,0
,,,,,,106,2026-02-01 04:19:12.065831,ATMN,25.3,24.92,25.03,2215700.0,2182900.0,0,0,0,0
,,,,,,106,2026-02-01 04:19:12.065831,WNTR,24.74,24.74,24.79,2129100.0,2292900.0,0,0,0,0
2.0,1.0,1.0,,Aggregate Position Limit,Your CRO has set the aggregate position limit to 11000 shares for this week.,107,2026-02-01 04:19:13.107949,SPNG,24.58,24.58,25.04,2318300.0,2326800.0,0,0,0,0
1.0,1.0,1.0,,Welcome to the RITC 2026 Alogithmic Market Making Case - practice server,,107,2026-02-01 04:19:13.107949,SMMR,25.34,25.24,25.26,2100200.0,2084000.0,0,0,0,0
,,,,,,107,2026-02-01 04:19:13.107949,ATMN,25.33,25.13,25.33,2183500.0,2195900.0,0,0,0,0
,,,,,,107,2026-02-01 04:19:13.107949,WNTR,24.96,24.74,24.96,2125100.0,2306200.0,0,0,0,0
2.0,1.0,1.0,,Aggregate Position Limit,Your CRO has set the aggregate position limit to 11000 shares for this week.,109,2026-02-01 04:19:14.155569,SPNG,24.58,24.77,25.04,2317000.0,2290000.0,0,0,0,0
1.0,1.0,1.0,,Welcome to the RITC 2026 Alogithmic Market Making Case - practice server,,109,2026-02-01 04:19:14.155569,SMMR,25.34,25.24,25.26,2119200.0,2090200.0,0,0,0,0
,,,,,,109,2026-02-01 04:19:14.155569,ATMN,25.33,25.13,25.33,2183500.0,2211600.0,0,0,0,0
,,,,,,109,2026-02-01 04:19:14.155569,WNTR,24.76,24.74,24.76,2125100.0,2304600.0,0,0,0,0
2.0,1.0,1.0,,Aggregate Position Limit,Your CRO has set the aggregate position limit to 11000 shares for this week.,110,2026-02-01 04:19:15.186303,SPNG,24.85,24.85,25.04,2317900.0,2290000.0,0,0,0,0
1.0,1.0,1.0,,Welcome to the RITC 2026 Alogithmic Market Making Case - practice server,,110,2026-02-01 04:19:15.186303,SMMR,25.26,25.24,25.26,2119200.0,2083000.0,0,0,0,0
,,,,,,110,2026-02-01 04:19:15.186303,ATMN,25.05,25.23,25.33,2198900.0,2205200.0,0,0,0,0
,,,,,,110,2026-02-01 04:19:15.186303,WNTR,24.76,24.78,24.96,2114300.0,2280100.0,0,0,0,0
2.0,1.0,1.0,,Aggregate Position Limit,Your CRO has set the aggregate position limit to 11000 shares for this week.,111,2026-02-01 04:19:16.210083,SPNG,24.85,24.58,24.67,2339700.0,2266000.0,0,0,0,0
1.0,1.0,1.0,,Welcome to the RITC 2026 Alogithmic Market Making Case - practice server,,111,2026-02-01 04:19:16.210083,SMMR,25.12,25.12,25.16,2098700.0,2055700.0,0,0,0,0
,,,,,,111,2026-02-01 04:19:16.210083,ATMN,25.05,25.23,25.33,2198900.0,2163400.0,0,0,0,0
,,,,,,111,2026-02-01 04:19:16.210083,WNTR,24.81,24.77,24.8,2139700.0,2267700.0,0,0,0,0
2.0,1.0,1.0,,Aggregate Position Limit,Your CRO has set the aggregate position limit to 11000 shares for this week.,112,2026-02-01 04:19:17.244851,SPNG,24.85,24.6,24.67,2317100.0,2266000.0,0,0,0,0
1.0,1.0,1.0,,Welcome to the RITC 2026 Alogithmic Market Making Case - practice server,,112,2026-02-01 04:19:17.244851,SMMR,25.1,25.1,25.16,2125800.0,2055700.0,0,0,0,0
,,,,,,112,2026-02-01 04:19:17.244851,ATMN,25.23,24.92,25.02,2215500.0,2154700.0,0,0,0,0
,,,,,,112,2026-02-01 04:19:17.244851,WNTR,24.71,24.71,24.8,2125300.0,2267700.0,0,0,0,0
2.0,1.0,1.0,,Aggregate Position Limit,Your CRO has set the aggregate position limit to 11000 shares for this week.,113,2026-02-01 04:19:18.278980,SPNG,24.85,24.6,24.67,2277800.0,2266000.0,0,0,0,0
1.0,1.0,1.0,,Welcome to the RITC 2026 Alogithmic Market Making Case - practice server,,113,2026-02-01 04:19:18.278980,SMMR,25.08,25.08,25.18,2108900.0,2068600.0,0,0,0,0
,,,,,,113,2026-02-01 04:19:18.278980,ATMN,25.25,24.92,24.99,2215500.0,2166600.0,0,0,0,0
,,,,,,113,2026-02-01 04:19:18.278980,WNTR,24.8,24.84,24.96,2114800.0,2288100.0,0,0,0,0
2.0,1.0,1.0,,Aggregate Position Limit,Your CRO has set the aggregate position limit to 11000 shares for this week.,114,2026-02-01 04:19:19.306165,SPNG,24.67,24.98,25.04,2307500.0,2261500.0,0,0,0,0
1.0,1.0,1.0,,Welcome to the RITC 2026 Alogithmic Market Making Case - practice server,,114,2026-02-01 04:19:19.306165,SMMR,25.3,25.21,25.3,2105300.0,2076100.0,0,0,0,0
,,,,,,114,2026-02-01 04:19:19.306165,ATMN,24.92,24.92,25.33,2215500.0,2144200.0,0,0,0,0
,,,,,,114,2026-02-01 04:19:19.306165,WNTR,24.8,24.84,24.9,2114800.0,2288300.0,0,0,0,0
2.0,1.0,1.0,,Aggregate Position Limit,Your CRO has set the aggregate position limit to 11000 shares for this week.,115,2026-02-01 04:19:20.334994,SPNG,24.67,24.98,25.04,2307500.0,2293300.0,0,0,0,0
1.0,1.0,1.0,,Welcome to the RITC 2026 Alogithmic Market Making Case - practice server,,115,2026-02-01 04:19:20.334994,SMMR,25.21,25.21,25.23,2105300.0,2066700.0,0,0,0,0
,,,,,,115,2026-02-01 04:19:20.334994,ATMN,25.36,25.36,25.42,2210700.0,2129100.0,0,0,0,0
,,,,,,115,2026-02-01 04:19:20.334994,WNTR,24.71,24.86,24.87,2138200.0,2283200.0,0,0,0,0
2.0,1.0,1.0,,Aggregate Position Limit,Your CRO has set the aggregate position limit to 11000 shares for this week.,116,2026-02-01 04:19:21.371215,SPNG,24.6,24.6,24.7,2277800.0,2274800.0,0,0,0,0
1.0,1.0,1.0,,Welcome to the RITC 2026 Alogithmic Market Making Case - practice server,,116,2026-02-01 04:19:21.371215,SMMR,25.08,25.08,25.23,2109200.0,2058700.0,0,0,0,0
,,,,,,116,2026-02-01 04:19:21.371215,ATMN,25.43,25.36,25.43,2210700.0,2145100.0,0,0,0,0
,,,,,,116,2026-02-01 04:19:21.371215,WNTR,24.86,24.77,24.82,2144600.0,2299400.0,0,0,0,0
2.0,1.0,1.0,,Aggregate Position Limit,Your CRO has set the aggregate position limit to 11000 shares for this week.,117,2026-02-01 04:19:22.399439,SPNG,24.7,24.83,25.04,2294600.0,2270000.0,0,0,0,0
1.0,1.0,1.0,,Welcome to the RITC 2026 Alogithmic Market Making Case - practice server,,117,2026-02-01 04:19:22.399439,SMMR,25.08,25.17,25.23,2100600.0,2084400.0,0,0,0,0
,,,,,,117,2026-02-01 04:19:22.399439,ATMN,25.36,24.92,25.16,2215500.0,2151900.0,0,0,0,0
,,,,,,117,2026-02-01 04:19:22.399439,WNTR,24.93,24.77,24.93,2144600.0,2329400.0,0,0,0,0
2.0,1.0,1.0,,Aggregate Position Limit,Your CRO has set the aggregate position limit to 11000 shares for this week.,118,2026-02-01 04:19:23.433369,SPNG,24.7,24.83,25.04,2294600.0,2237700.0,0,0,0,0
1.0,1.0,1.0,,Welcome to the RITC 2026 Alogithmic Market Making Case - practice server,,118,2026-02-01 04:19:23.433369,SMMR,25.13,25.21,25.23,2116500.0,2084400.0,0,0,0,0
,,,,,,118,2026-02-01 04:19:23.433369,ATMN,25.16,25.28,25.43,2240200.0,2131100.0,0,0,0,0
,,,,,,118,2026-02-01 04:19:23.433369,WNTR,24.93,24.77,24.93,2145800.0,2336700.0,0,0,0,0
2.0,1.0,1.0,,Aggregate Position Limit,Your CRO has set the aggregate position limit to 11000 shares for this week.,119,2026-02-01 04:19:24.466796,SPNG,24.56,24.56,25.04,2263400.0,2210100.0,0,0,0,0
1.0,1.0,1.0,,Welcome to the RITC 2026 Alogithmic Market Making Case - practice server,,119,2026-02-01 04:19:24.466796,SMMR,25.13,25.21,25.23,2116500.0,2084100.0,0,0,0,0
,,,,,,119,2026-02-01 04:19:24.466796,ATMN,25.47,25.0,25.47,2219700.0,2142000.0,0,0,0,0
,,,,,,119,2026-02-01 04:19:24.466796,WNTR,24.96,24.73,24.96,2150900.0,2314600.0,0,0,0,0
2.0,1.0,1.0,,Aggregate Position Limit,Your CRO has set the aggregate position limit to 11000 shares for this week.,120,2026-02-01 04:19:25.502876,SPNG,24.56,24.24,24.51,1033800.0,902600.0,0,0,0,0
1.0,1.0,1.0,,Welcome to the RITC 2026 Alogithmic Market Making Case - practice server,,120,2026-02-01 04:19:25.502876,SMMR,25.11,23.95,24.21,915300.0,862700.0,0,0,0,0
,,,,,,120,2026-02-01 04:19:25.502876,ATMN,25.49,23.63,24.14,920500.0,854400.0,0,0,0,0
,,,,,,120,2026-02-01 04:19:25.502876,WNTR,24.88,25.96,0.0,200000.0,,0,0,0,0
2.0,1.0,1.0,,Aggregate Position Limit,Your CRO has set the aggregate position limit to 11000 shares for this week.,121,2026-02-01 04:19:26.524456,SPNG,24.09,24.09,24.51,1137500.0,902600.0,0,0,0,0
1.0,1.0,1.0,,Welcome to the RITC 2026 Alogithmic Market Making Case - practice server,,121,2026-02-01 04:19:26.524456,SMMR,23.95,23.95,23.96,915300.0,1066900.0,0,0,0,0
,,,,,,121,2026-02-01 04:19:26.524456,ATMN,23.63,23.63,23.77,927600.0,1058400.0,0,0,0,0
,,,,,,121,2026-02-01 04:19:26.524456,WNTR,25.96,25.87,25.88,1226400.0,854300.0,0,0,0,0
2.0,1.0,1.0,,Aggregate Position Limit,Your CRO has set the aggregate position limit to 11000 shares for this week.,122,2026-02-01 04:19:27.555934,SPNG,24.3,24.09,24.3,1137500.0,1111100.0,0,0,0,0
1.0,1.0,1.0,,Welcome to the RITC 2026 Alogithmic Market Making Case - practice server,,122,2026-02-01 04:19:27.555934,SMMR,23.95,23.95,23.96,915300.0,1495800.0,0,0,0,0
,,,,,,122,2026-02-01 04:19:27.555934,ATMN,23.54,23.54,23.77,943300.0,1259700.0,0,0,0,0
,,,,,,122,2026-02-01 04:19:27.555934,WNTR,25.94,25.87,25.93,1324900.0,962000.0,0,0,0,0
2.0,1.0,1.0,,Aggregate Position Limit,Your CRO has set the aggregate position limit to 11000 shares for this week.,123,2026-02-01 04:19:28.574050,SPNG,24.09,24.09,24.3,1385900.0,1208500.0,0,0,0,0
1.0,1.0,1.0,,Welcome to the RITC 2026 Alogithmic Market Making Case - practice server,,123,2026-02-01 04:19:28.574050,SMMR,23.46,23.46,23.56,965000.0,1698300.0,0,0,0,0
,,,,,,123,2026-02-01 04:19:28.574050,ATMN,23.77,23.37,23.77,1067400.0,1259700.0,0,0,0,0
,,,,,,123,2026-02-01 04:19:28.574050,WNTR,25.93,25.83,25.86,1232700.0,1189000.0,0,0,0,0
2.0,1.0,1.0,,Aggregate Position Limit,Your CRO has set the aggregate position limit to 11000 shares for this week.,124,2026-02-01 04:19:29.605770,SPNG,24.52,23.71,24.52,1277300.0,994000.0,0,0,0,0
1.0,1.0,1.0,,Welcome to the RITC 2026 Alogithmic Market Making Case - practice server,,124,2026-02-01 04:19:29.605770,SMMR,23.53,23.1,23.53,978500.0,1893900.0,0,0,0,0
,,,,,,124,2026-02-01 04:19:29.605770,ATMN,23.79,23.37,23.72,1067400.0,1400200.0,0,0,0,0
,,,,,,124,2026-02-01 04:19:29.605770,WNTR,25.83,25.6,25.62,1332200.0,1308900.0,0,0,0,0
2.0,1.0,1.0,,Aggregate Position Limit,Your CRO has set the aggregate position limit to 11000 shares for this week.,125,2026-02-01 04:19:30.632714,SPNG,24.52,23.71,23.99,1529800.0,1099100.0,0,0,0,0
1.0,1.0,1.0,,Welcome to the RITC 2026 Alogithmic Market Making Case - practice server,,125,2026-02-01 04:19:30.632714,SMMR,23.56,23.3,23.45,1112100.0,1910500.0,0,0,0,0
,,,,,,125,2026-02-01 04:19:30.632714,ATMN,23.75,23.39,23.75,1301900.0,1291500.0,0,0,0,0
,,,,,,125,2026-02-01 04:19:30.632714,WNTR,25.62,25.62,25.86,1638800.0,1189000.0,0,0,0,0
2.0,1.0,1.0,,Aggregate Position Limit,Your CRO has set the aggregate position limit to 11000 shares for this week.,126,2026-02-01 04:19:31.661237,SPNG,23.99,24.11,24.29,1662400.0,1211800.0,0,0,0,0
1.0,1.0,1.0,,Welcome to the RITC 2026 Alogithmic Market Making Case - practice server,,126,2026-02-01 04:19:31.661237,SMMR,23.56,23.32,23.45,1460200.0,1910500.0,0,0,0,0
,,,,,,126,2026-02-01 04:19:31.661237,ATMN,23.89,23.91,24.1,1432100.0,1075600.0,0,0,0,0
,,,,,,126,2026-02-01 04:19:31.661237,WNTR,25.94,26.04,26.05,1854700.0,947700.0,0,0,0,0
2.0,1.0,1.0,,Aggregate Position Limit,Your CRO has set the aggregate position limit to 11000 shares for this week.,127,2026-02-01 04:19:32.691007,SPNG,23.71,23.71,24.23,1529800.0,1339500.0,0,0,0,0
1.0,1.0,1.0,,Welcome to the RITC 2026 Alogithmic Market Making Case - practice server,,127,2026-02-01 04:19:32.691007,SMMR,23.52,23.32,23.52,1667700.0,1925600.0,0,0,0,0
,,,,,,127,2026-02-01 04:19:32.691007,ATMN,23.91,23.39,23.45,1405700.0,1287600.0,0,0,0,0
,,,,,,127,2026-02-01 04:19:32.691007,WNTR,26.04,25.68,25.73,1970900.0,1061800.0,0,0,0,0
2.0,1.0,1.0,,Aggregate Position Limit,Your CRO has set the aggregate position limit to 11000 shares for this week.,128,2026-02-01 04:19:33.710557,SPNG,23.71,23.8,24.23,1878900.0,1339500.0,0,0,0,0
1.0,1.0,1.0,,Welcome to the RITC 2026 Alogithmic Market Making Case - practice server,,128,2026-02-01 04:19:33.710557,SMMR,23.33,23.32,23.33,1769200.0,2047400.0,0,0,0,0
,,,,,,128,2026-02-01 04:19:33.710557,ATMN,23.67,23.39,23.67,1405700.0,1297400.0,0,0,0,0
,,,,,,128,2026-02-01 04:19:33.710557,WNTR,26.04,25.68,25.73,2310000.0,1061800.0,0,0,0,0
2.0,1.0,1.0,,Aggregate Position Limit,Your CRO has set the aggregate position limit to 11000 shares for this week.,129,2026-02-01 04:19:34.731458,SPNG,24.29,23.8,24.29,2108800.0,1211800.0,0,0,0,0
1.0,1.0,1.0,,Welcome to the RITC 2026 Alogithmic Market Making Case - practice server,,129,2026-02-01 04:19:34.731458,SMMR,23.33,23.32,23.33,2222100.0,2047400.0,0,0,0,0
,,,,,,129,2026-02-01 04:19:34.731458,ATMN,23.67,23.39,23.67,1646100.0,1413400.0,0,0,0,0
,,,,,,129,2026-02-01 04:19:34.731458,WNTR,25.81,25.68,25.71,2250200.0,1059500.0,0,0,0,0
2.0,1.0,1.0,,Aggregate Position Limit,Your CRO has set the aggregate position limit to 11000 shares for this week.,130,2026-02-01 04:19:35.759703,SPNG,24.29,24.05,24.29,2501500.0,1211800.0,0,0,0,0
1.0,1.0,1.0,,Welcome to the RITC 2026 Alogithmic Market Making Case - practice server,,130,2026-02-01 04:19:35.759703,SMMR,23.57,23.49,23.57,2344800.0,1826300.0,0,0,0,0
,,,,,,130,2026-02-01 04:19:35.759703,ATMN,23.67,23.56,23.67,2052100.0,1413400.0,0,0,0,0
,,,,,,130,2026-02-01 04:19:35.759703,WNTR,25.9,25.68,25.72,2223800.0,1169700.0,0,0,0,0
2.0,1.0,1.0,,Aggregate Position Limit,Your CRO has set the aggregate position limit to 11000 shares for this week.,131,2026-02-01 04:19:36.786109,SPNG,23.88,23.88,24.29,2674700.0,1211800.0,0,0,0,0
1.0,1.0,1.0,,Welcome to the RITC 2026 Alogithmic Market Making Case - practice server,,131,2026-02-01 04:19:36.786109,SMMR,23.64,23.42,23.64,2356500.0,1723000.0,0,0,0,0
,,,,,,131,2026-02-01 04:19:36.786109,ATMN,24.14,23.56,23.66,2052100.0,1209500.0,0,0,0,0
,,,,,,131,2026-02-01 04:19:36.786109,WNTR,26.03,25.68,26.03,2223800.0,1136100.0,0,0,0,0
2.0,1.0,1.0,,Aggregate Position Limit,Your CRO has set the aggregate position limit to 11000 shares for this week.,132,2026-02-01 04:19:37.813380,SPNG,23.88,23.88,24.29,2674700.0,1310800.0,0,0,0,0
1.0,1.0,1.0,,Welcome to the RITC 2026 Alogithmic Market Making Case - practice server,,132,2026-02-01 04:19:37.813380,SMMR,23.42,23.42,23.48,2351000.0,1850800.0,0,0,0,0
,,,,,,132,2026-02-01 04:19:37.813380,ATMN,23.56,23.56,23.92,2157100.0,1224600.0,0,0,0,0
,,,,,,132,2026-02-01 04:19:37.813380,WNTR,25.61,25.76,25.79,2256500.0,1229300.0,0,0,0,0
2.0,1.0,1.0,,Aggregate Position Limit,Your CRO has set the aggregate position limit to 11000 shares for this week.,133,2026-02-01 04:19:38.835963,SPNG,23.88,23.96,24.2,2608400.0,1560200.0,0,0,0,0
1.0,1.0,1.0,,Welcome to the RITC 2026 Alogithmic Market Making Case - practice server,,133,2026-02-01 04:19:38.835963,SMMR,23.48,23.42,23.48,2351000.0,1951600.0,0,0,0,0
,,,,,,133,2026-02-01 04:19:38.835963,ATMN,23.4,23.4,23.92,1893600.0,1322500.0,0,0,0,0
,,,,,,133,2026-02-01 04:19:38.835963,WNTR,26.03,25.76,26.03,2234800.0,1238100.0,0,0,0,0
2.0,1.0,1.0,,Aggregate Position Limit,Your CRO has set the aggregate position limit to 11000 shares for this week.,134,2026-02-01 04:19:39.869749,SPNG,23.88,24.16,24.18,2565000.0,1902600.0,0,0,0,0
1.0,1.0,1.0,,Welcome to the RITC 2026 Alogithmic Market Making Case - practice server,,134,2026-02-01 04:19:39.869749,SMMR,23.3,23.3,23.57,2341200.0,1823800.0,0,0,0,0
,,,,,,134,2026-02-01 04:19:39.869749,ATMN,23.92,23.4,23.84,2000800.0,1431800.0,0,0,0,0
,,,,,,134,2026-02-01 04:19:39.869749,WNTR,25.84,25.84,26.03,2220800.0,1358900.0,0,0,0,0
2.0,1.0,1.0,,Aggregate Position Limit,Your CRO has set the aggregate position limit to 11000 shares for this week.,135,2026-02-01 04:19:40.883745,SPNG,24.16,24.16,24.18,2521500.0,1902600.0,0,0,0,0
1.0,1.0,1.0,,Welcome to the RITC 2026 Alogithmic Market Making Case - practice server,,135,2026-02-01 04:19:40.883745,SMMR,23.35,23.3,23.35,2341200.0,1822500.0,0,0,0,0
,,,,,,135,2026-02-01 04:19:40.883745,ATMN,23.46,23.46,23.84,2022000.0,1431800.0,0,0,0,0
,,,,,,135,2026-02-01 04:19:40.883745,WNTR,25.84,25.84,25.89,2220800.0,1780500.0,0,0,0,0
2.0,1.0,1.0,,Aggregate Position Limit,Your CRO has set the aggregate position limit to 11000 shares for this week.,136,2026-02-01 04:19:41.918965,SPNG,24.16,24.03,24.14,2531000.0,2013500.0,0,0,0,0
1.0,1.0,1.0,,Welcome to the RITC 2026 Alogithmic Market Making Case - practice server,,136,2026-02-01 04:19:41.918965,SMMR,23.54,23.54,23.58,2330600.0,1813900.0,0,0,0,0
,,,,,,136,2026-02-01 04:19:41.918965,ATMN,23.46,23.46,23.84,2022000.0,1532300.0,0,0,0,0
,,,,,,136,2026-02-01 04:19:41.918965,WNTR,25.61,25.61,25.81,2263500.0,2027100.0,0,0,0,0
2.0,1.0,1.0,,Aggregate Position Limit,Your CRO has set the aggregate position limit to 11000 shares for this week.,137,2026-02-01 04:19:42.954904,SPNG,23.97,23.97,24.14,2541500.0,2114000.0,0,0,0,0
1.0,1.0,1.0,,Welcome to the RITC 2026 Alogithmic Market Making Case - practice server,,137,2026-02-01 04:19:42.954904,SMMR,23.54,23.3,23.48,2309300.0,2036800.0,0,0,0,0
,,,,,,137,2026-02-01 04:19:42.954904,ATMN,23.37,23.37,23.84,1788400.0,1752800.0,0,0,0,0
,,,,,,137,2026-02-01 04:19:42.954904,WNTR,25.61,25.61,25.81,2263500.0,2175900.0,0,0,0,0
2.0,1.0,1.0,,Aggregate Position Limit,Your CRO has set the aggregate position limit to 11000 shares for this week.,138,2026-02-01 04:19:44.009541,SPNG,24.14,23.97,24.14,2541500.0,2220700.0,0,0,0,0
1.0,1.0,1.0,,Welcome to the RITC 2026 Alogithmic Market Making Case - practice server,,138,2026-02-01 04:19:44.009541,SMMR,23.46,23.35,23.39,2278800.0,2136800.0,0,0,0,0
,,,,,,138,2026-02-01 04:19:44.009541,ATMN,23.93,23.37,23.93,1788400.0,1626200.0,0,0,0,0
,,,,,,138,2026-02-01 04:19:44.009541,WNTR,25.67,25.61,25.67,2255100.0,2175900.0,0,0,0,0
2.0,1.0,1.0,,Aggregate Position Limit,Your CRO has set the aggregate position limit to 11000 shares for this week.,139,2026-02-01 04:19:45.041187,SPNG,23.8,24.02,24.2,2612800.0,1992400.0,0,0,0,0
1.0,1.0,1.0,,Welcome to the RITC 2026 Alogithmic Market Making Case - practice server,,139,2026-02-01 04:19:45.041187,SMMR,23.57,23.35,23.54,2303300.0,2002200.0,0,0,0,0
,,,,,,139,2026-02-01 04:19:45.041187,ATMN,23.93,23.44,23.73,2001100.0,1825800.0,0,0,0,0
,,,,,,139,2026-02-01 04:19:45.041187,WNTR,25.67,25.8,25.81,2232000.0,2141100.0,0,0,0,0
2.0,1.0,1.0,,Aggregate Position Limit,Your CRO has set the aggregate position limit to 11000 shares for this week.,140,2026-02-01 04:19:46.076971,SPNG,24.02,24.02,24.2,2572700.0,2099100.0,0,0,0,0
1.0,1.0,1.0,,Welcome to the RITC 2026 Alogithmic Market Making Case - practice server,,140,2026-02-01 04:19:46.076971,SMMR,23.58,23.46,23.58,2296900.0,1910200.0,0,0,0,0
,,,,,,140,2026-02-01 04:19:46.076971,ATMN,23.37,23.37,23.73,1889500.0,1825800.0,0,0,0,0
,,,,,,140,2026-02-01 04:19:46.076971,WNTR,25.62,25.62,25.81,2226000.0,2141100.0,0,0,0,0
2.0,1.0,1.0,,Aggregate Position Limit,Your CRO has set the aggregate position limit to 11000 shares for this week.,141,2026-02-01 04:19:47.105699,SPNG,24.23,24.02,24.03,2572700.0,2217400.0,0,0,0,0
1.0,1.0,1.0,,Welcome to the RITC 2026 Alogithmic Market Making Case - practice server,,141,2026-02-01 04:19:47.105699,SMMR,23.6,23.46,23.6,2296900.0,2001500.0,0,0,0,0
,,,,,,141,2026-02-01 04:19:47.105699,ATMN,23.35,23.35,23.73,1889300.0,1924800.0,0,0,0,0
,,,,,,141,2026-02-01 04:19:47.105699,WNTR,25.86,25.77,25.86,2210200.0,2118300.0,0,0,0,0
2.0,1.0,1.0,,Aggregate Position Limit,Your CRO has set the aggregate position limit to 11000 shares for this week.,142,2026-02-01 04:19:48.129634,SPNG,24.23,24.13,24.23,2536400.0,2077400.0,0,0,0,0
1.0,1.0,1.0,,Welcome to the RITC 2026 Alogithmic Market Making Case - practice server,,142,2026-02-01 04:19:48.129634,SMMR,23.6,23.46,23.48,2288200.0,2099300.0,0,0,0,0
,,,,,,142,2026-02-01 04:19:48.129634,ATMN,23.92,23.35,23.68,2012400.0,1952100.0,0,0,0,0
,,,,,,142,2026-02-01 04:19:48.129634,WNTR,25.76,25.62,25.69,2226000.0,2104800.0,0,0,0,0
2.0,1.0,1.0,,Aggregate Position Limit,Your CRO has set the aggregate position limit to 11000 shares for this week.,143,2026-02-01 04:19:49.149775,SPNG,24.02,24.02,24.2,2538300.0,2174500.0,0,0,0,0
1.0,1.0,1.0,,Welcome to the RITC 2026 Alogithmic Market Making Case - practice server,,143,2026-02-01 04:19:49.149775,SMMR,23.6,23.63,23.64,2282300.0,2121600.0,0,0,0,0
,,,,,,143,2026-02-01 04:19:49.149775,ATMN,23.35,23.35,23.93,2012400.0,1949900.0,0,0,0,0
,,,,,,143,2026-02-01 04:19:49.149775,WNTR,25.69,25.62,25.69,2210600.0,2080200.0,0,0,0,0
2.0,1.0,1.0,,Aggregate Position Limit,Your CRO has set the aggregate position limit to 11000 shares for this week.,144,2026-02-01 04:19:50.178561,SPNG,24.28,24.02,24.28,2493400.0,1970700.0,0,0,0,0
1.0,1.0,1.0,,Welcome to the RITC 2026 Alogithmic Market Making Case - practice server,,144,2026-02-01 04:19:50.178561,SMMR,23.64,23.46,23.64,2288200.0,2145800.0,0,0,0,0
,,,,,,144,2026-02-01 04:19:50.178561,ATMN,23.35,23.35,23.66,2114000.0,2195600.0,0,0,0,0
,,,,,,144,2026-02-01 04:19:50.178561,WNTR,25.89,25.62,25.89,2236400.0,2093800.0,0,0,0,0
2.0,1.0,1.0,,Aggregate Position Limit,Your CRO has set the aggregate position limit to 11000 shares for this week.,145,2026-02-01 04:19:51.209975,SPNG,23.81,24.04,24.28,2457300.0,1970700.0,0,0,0,0
1.0,1.0,1.0,,Welcome to the RITC 2026 Alogithmic Market Making Case - practice server,,145,2026-02-01 04:19:51.209975,SMMR,23.46,23.37,23.39,2305800.0,2180900.0,0,0,0,0
,,,,,,145,2026-02-01 04:19:51.209975,ATMN,23.47,23.59,23.66,2351000.0,2195600.0,0,0,0,0
,,,,,,145,2026-02-01 04:19:51.209975,WNTR,25.62,25.62,25.81,2214100.0,2074500.0,0,0,0,0
2.0,1.0,1.0,,Aggregate Position Limit,Your CRO has set the aggregate position limit to 11000 shares for this week.,146,2026-02-01 04:19:52.252573,SPNG,24.29,24.32,24.33,2447900.0,1956900.0,0,0,0,0
1.0,1.0,1.0,,Welcome to the RITC 2026 Alogithmic Market Making Case - practice server,,146,2026-02-01 04:19:52.252573,SMMR,23.39,23.53,23.68,2323300.0,2198600.0,0,0,0,0
,,,,,,146,2026-02-01 04:19:52.252573,ATMN,23.66,23.52,23.66,2349900.0,2195600.0,0,0,0,0
,,,,,,146,2026-02-01 04:19:52.252573,WNTR,25.62,25.72,25.81,2177300.0,2073600.0,0,0,0,0
2.0,1.0,1.0,,Aggregate Position Limit,Your CRO has set the aggregate position limit to 11000 shares for this week.,147,2026-02-01 04:19:53.283834,SPNG,23.8,23.8,24.33,2522800.0,2024800.0,0,0,0,0
1.0,1.0,1.0,,Welcome to the RITC 2026 Alogithmic Market Making Case - practice server,,147,2026-02-01 04:19:53.283834,SMMR,23.57,23.57,23.68,2313300.0,2198600.0,0,0,0,0
,,,,,,147,2026-02-01 04:19:53.283834,ATMN,23.35,23.35,23.66,2406800.0,2187400.0,0,0,0,0
,,,,,,147,2026-02-01 04:19:53.283834,WNTR,25.66,25.66,25.81,2200300.0,2092000.0,0,0,0,0
2.0,1.0,1.0,,Aggregate Position Limit,Your CRO has set the aggregate position limit to 11000 shares for this week.,148,2026-02-01 04:19:54.317011,SPNG,24.4,23.8,24.4,2571800.0,2195500.0,0,0,0,0
1.0,1.0,1.0,,Welcome to the RITC 2026 Alogithmic Market Making Case - practice server,,148,2026-02-01 04:19:54.317011,SMMR,23.68,23.53,23.64,2323300.0,2181200.0,0,0,0,0
,,,,,,148,2026-02-01 04:19:54.317011,ATMN,23.29,23.34,23.93,2390000.0,2070300.0,0,0,0,0
,,,,,,148,2026-02-01 04:19:54.317011,WNTR,25.66,25.66,25.81,2191400.0,2103800.0,0,0,0,0
2.0,1.0,1.0,,Aggregate Position Limit,Your CRO has set the aggregate position limit to 11000 shares for this week.,150,2026-02-01 04:19:55.354857,SPNG,24.4,23.8,23.97,2550700.0,2262000.0,0,0,0,0
1.0,1.0,1.0,,Welcome to the RITC 2026 Alogithmic Market Making Case - practice server,,150,2026-02-01 04:19:55.354857,SMMR,23.69,23.53,23.54,2301700.0,2147500.0,0,0,0,0
,,,,,,150,2026-02-01 04:19:55.354857,ATMN,23.29,23.34,23.69,2337400.0,2189500.0,0,0,0,0
,,,,,,150,2026-02-01 04:19:55.354857,WNTR,25.62,25.62,25.85,2220100.0,2073600.0,0,0,0,0
2.0,1.0,1.0,,Aggregate Position Limit,Your CRO has set the aggregate position limit to 11000 shares for this week.,151,2026-02-01 04:19:56.388327,SPNG,23.97,23.8,23.97,2494300.0,2262000.0,0,0,0,0
1.0,1.0,1.0,,Welcome to the RITC 2026 Alogithmic Market Making Case - practice server,,151,2026-02-01 04:19:56.388327,SMMR,23.69,23.53,23.54,2260500.0,2219800.0,0,0,0,0
,,,,,,151,2026-02-01 04:19:56.388327,ATMN,23.93,23.78,23.93,2315700.0,2205000.0,0,0,0,0
,,,,,,151,2026-02-01 04:19:56.388327,WNTR,25.62,25.62,25.85,2229400.0,2073600.0,0,0,0,0
2.0,1.0,1.0,,Aggregate Position Limit,Your CRO has set the aggregate position limit to 11000 shares for this week.,152,2026-02-01 04:19:57.414205,SPNG,23.97,23.91,23.97,2448800.0,2262000.0,0,0,0,0
1.0,1.0,1.0,,Welcome to the RITC 2026 Alogithmic Market Making Case - practice server,,152,2026-02-01 04:19:57.414205,SMMR,23.5,23.5,23.58,2268000.0,2218900.0,0,0,0,0
,,,,,,152,2026-02-01 04:19:57.414205,ATMN,23.34,23.34,23.8,2337400.0,2177000.0,0,0,0,0
,,,,,,152,2026-02-01 04:19:57.414205,WNTR,25.89,25.62,25.89,2228600.0,2084200.0,0,0,0,0
2.0,1.0,1.0,,Aggregate Position Limit,Your CRO has set the aggregate position limit to 11000 shares for this week.,153,2026-02-01 04:19:58.436999,SPNG,24.16,23.92,24.16,2384200.0,2247400.0,0,0,0,0
1.0,1.0,1.0,,Welcome to the RITC 2026 Alogithmic Market Making Case - practice server,,153,2026-02-01 04:19:58.436999,SMMR,23.5,23.57,23.58,2272800.0,2218900.0,0,0,0,0
,,,,,,153,2026-02-01 04:19:58.436999,ATMN,23.93,23.66,23.68,2312700.0,2186400.0,0,0,0,0
,,,,,,153,2026-02-01 04:19:58.436999,WNTR,25.89,25.75,25.89,2245600.0,2084200.0,0,0,0,0
2.0,1.0,1.0,,Aggregate Position Limit,Your CRO has set the aggregate position limit to 11000 shares for this week.,154,2026-02-01 04:19:59.462390,SPNG,23.91,23.91,24.41,2435000.0,2226000.0,0,0,0,0
1.0,1.0,1.0,,Welcome to the RITC 2026 Alogithmic Market Making Case - practice server,,154,2026-02-01 04:19:59.462390,SMMR,23.5,23.5,23.58,2309000.0,2229600.0,0,0,0,0
,,,,,,154,2026-02-01 04:19:59.462390,ATMN,23.34,23.39,23.68,2301500.0,2186400.0,0,0,0,0
,,,,,,154,2026-02-01 04:19:59.462390,WNTR,25.89,25.75,25.89,2228800.0,1963700.0,0,0,0,0
2.0,1.0,1.0,,Aggregate Position Limit,Your CRO has set the aggregate position limit to 11000 shares for this week.,155,2026-02-01 04:20:00.490126,SPNG,23.91,23.91,24.05,2418800.0,2292900.0,0,0,0,0
1.0,1.0,1.0,,Welcome to the RITC 2026 Alogithmic Market Making Case - practice server,,155,2026-02-01 04:20:00.490126,SMMR,23.5,23.5,23.58,2287000.0,2240700.0,0,0,0,0
,,,,,,155,2026-02-01 04:20:00.490126,ATMN,23.34,23.47,23.53,2343400.0,2177100.0,0,0,0,0
,,,,,,155,2026-02-01 04:20:00.490126,WNTR,25.89,25.84,25.89,2215300.0,2052900.0,0,0,0,0
2.0,1.0,1.0,,Aggregate Position Limit,Your CRO has set the aggregate position limit to 11000 shares for this week.,156,2026-02-01 04:20:01.524297,SPNG,23.83,24.0,24.05,2409900.0,2292900.0,0,0,0,0
1.0,1.0,1.0,,Welcome to the RITC 2026 Alogithmic Market Making Case - practice server,,156,2026-02-01 04:20:01.524297,SMMR,23.47,23.47,23.6,2258600.0,2242100.0,0,0,0,0
,,,,,,156,2026-02-01 04:20:01.524297,ATMN,23.53,23.59,23.68,2381600.0,2186400.0,0,0,0,0
,,,,,,156,2026-02-01 04:20:01.524297,WNTR,25.84,25.84,25.94,2215300.0,2066800.0,0,0,0,0
2.0,1.0,1.0,,Aggregate Position Limit,Your CRO has set the aggregate position limit to 11000 shares for this week.,157,2026-02-01 04:20:02.559262,SPNG,24.1,24.12,24.41,2397900.0,2226000.0,0,0,0,0
1.0,1.0,1.0,,Welcome to the RITC 2026 Alogithmic Market Making Case - practice server,,157,2026-02-01 04:20:02.559262,SMMR,23.36,23.36,23.63,2284300.0,2248200.0,0,0,0,0
,,,,,,157,2026-02-01 04:20:02.559262,ATMN,23.68,23.79,23.93,2345300.0,2206000.0,0,0,0,0
,,,,,,157,2026-02-01 04:20:02.559262,WNTR,25.93,25.84,25.93,2215300.0,2053800.0,0,0,0,0
2.0,1.0,1.0,,Aggregate Position Limit,Your CRO has set the aggregate position limit to 11000 shares for this week.,158,2026-02-01 04:20:03.585335,SPNG,24.0,24.0,24.39,2409900.0,2249800.0,0,0,0,0
1.0,1.0,1.0,,Welcome to the RITC 2026 Alogithmic Market Making Case - practice server,,158,2026-02-01 04:20:03.585335,SMMR,23.36,23.53,23.63,2261100.0,2279200.0,0,0,0,0
,,,,,,158,2026-02-01 04:20:03.585335,ATMN,23.68,23.79,23.93,2345300.0,2235000.0,0,0,0,0
,,,,,,158,2026-02-01 04:20:03.585335,WNTR,25.94,25.94,25.95,2190800.0,2077100.0,0,0,0,0
2.0,1.0,1.0,,Aggregate Position Limit,Your CRO has set the aggregate position limit to 11000 shares for this week.,159,2026-02-01 04:20:04.674685,SPNG,24.29,23.83,24.04,2423300.0,2230200.0,0,0,0,0
1.0,1.0,1.0,,Welcome to the RITC 2026 Alogithmic Market Making Case - practice server,,159,2026-02-01 04:20:04.674685,SMMR,23.53,23.36,23.42,2241900.0,2270200.0,0,0,0,0
,,,,,,159,2026-02-01 04:20:04.674685,ATMN,23.34,23.34,23.55,2355900.0,2258200.0,0,0,0,0
,,,,,,159,2026-02-01 04:20:04.674685,WNTR,25.91,25.91,25.95,2197600.0,2042900.0,0,0,0,0
2.0,1.0,1.0,,Aggregate Position Limit,Your CRO has set the aggregate position limit to 11000 shares for this week.,160,2026-02-01 04:20:05.711653,SPNG,24.04,24.05,24.39,2425700.0,2215900.0,0,0,0,0
1.0,1.0,1.0,,Welcome to the RITC 2026 Alogithmic Market Making Case - practice server,,160,2026-02-01 04:20:05.711653,SMMR,23.52,23.62,23.64,2259600.0,2255800.0,0,0,0,0
,,,,,,160,2026-02-01 04:20:05.711653,ATMN,23.34,23.29,23.3,2400700.0,2289800.0,0,0,0,0
,,,,,,160,2026-02-01 04:20:05.711653,WNTR,25.8,25.8,25.89,2220100.0,2011300.0,0,0,0,0
2.0,1.0,1.0,,Aggregate Position Limit,Your CRO has set the aggregate position limit to 11000 shares for this week.,161,2026-02-01 04:20:06.740688,SPNG,24.04,24.05,24.39,2425700.0,2203400.0,0,0,0,0
1.0,1.0,1.0,,Welcome to the RITC 2026 Alogithmic Market Making Case - practice server,,161,2026-02-01 04:20:06.740688,SMMR,23.68,23.62,23.68,2259600.0,2242800.0,0,0,0,0
,,,,,,161,2026-02-01 04:20:06.740688,ATMN,23.3,23.48,23.61,2383200.0,2302200.0,0,0,0,0
,,,,,,161,2026-02-01 04:20:06.740688,WNTR,25.95,25.8,25.95,2203100.0,2024600.0,0,0,0,0
2.0,1.0,1.0,,Aggregate Position Limit,Your CRO has set the aggregate position limit to 11000 shares for this week.,162,2026-02-01 04:20:07.776580,SPNG,23.83,23.83,24.39,2451200.0,2238300.0,0,0,0,0
1.0,1.0,1.0,,Welcome to the RITC 2026 Alogithmic Market Making Case - practice server,,162,2026-02-01 04:20:07.776580,SMMR,23.62,23.52,23.55,2280300.0,2281800.0,0,0,0,0
,,,,,,162,2026-02-01 04:20:07.776580,ATMN,23.48,23.29,23.37,2371800.0,2332100.0,0,0,0,0
,,,,,,162,2026-02-01 04:20:07.776580,WNTR,25.93,25.93,25.98,2197600.0,2028800.0,0,0,0,0
2.0,1.0,1.0,,Aggregate Position Limit,Your CRO has set the aggregate position limit to 11000 shares for this week.,163,2026-02-01 04:20:08.805677,SPNG,24.41,23.8,24.08,2482400.0,2237300.0,0,0,0,0
1.0,1.0,1.0,,Welcome to the RITC 2026 Alogithmic Market Making Case - practice server,,163,2026-02-01 04:20:08.805677,SMMR,23.55,23.57,23.59,2249400.0,2267800.0,0,0,0,0
,,,,,,163,2026-02-01 04:20:08.805677,ATMN,23.61,23.29,23.49,2371800.0,2335800.0,0,0,0,0
,,,,,,163,2026-02-01 04:20:08.805677,WNTR,25.98,25.93,25.98,2167300.0,2061400.0,0,0,0,0
2.0,1.0,1.0,,Aggregate Position Limit,Your CRO has set the aggregate position limit to 11000 shares for this week.,164,2026-02-01 04:20:09.835061,SPNG,24.08,24.33,24.41,2420500.0,2243700.0,0,0,0,0
1.0,1.0,1.0,,Welcome to the RITC 2026 Alogithmic Market Making Case - practice server,,164,2026-02-01 04:20:09.835061,SMMR,23.59,23.52,23.59,2247600.0,2267800.0,0,0,0,0
,,,,,,164,2026-02-01 04:20:09.835061,ATMN,23.69,23.29,23.69,2331500.0,2249200.0,0,0,0,0
,,,,,,164,2026-02-01 04:20:09.835061,WNTR,25.98,25.96,25.98,2137900.0,2061400.0,0,0,0,0
2.0,1.0,1.0,,Aggregate Position Limit,Your CRO has set the aggregate position limit to 11000 shares for this week.,165,2026-02-01 04:20:10.874507,SPNG,24.34,23.8,24.34,2428600.0,2263800.0,0,0,0,0
1.0,1.0,1.0,,Welcome to the RITC 2026 Alogithmic Market Making Case - practice server,,165,2026-02-01 04:20:10.874507,SMMR,23.59,23.54,23.59,2208100.0,2267800.0,0,0,0,0
,,,,,,165,2026-02-01 04:20:10.874507,ATMN,23.59,23.59,23.6,2359000.0,2239200.0,0,0,0,0
,,,,,,165,2026-02-01 04:20:10.874507,WNTR,26.03,25.93,26.03,2158600.0,2073600.0,0,0,0,0
2.0,1.0,1.0,,Aggregate Position Limit,Your CRO has set the aggregate position limit to 11000 shares for this week.,166,2026-02-01 04:20:11.902382,SPNG,24.34,23.8,24.34,2409300.0,2243500.0,0,0,0,0
1.0,1.0,1.0,,Welcome to the RITC 2026 Alogithmic Market Making Case - practice server,,166,2026-02-01 04:20:11.902382,SMMR,23.54,23.54,23.56,2208100.0,2317200.0,0,0,0,0
,,,,,,166,2026-02-01 04:20:11.902382,ATMN,23.6,23.55,23.6,2342700.0,2239200.0,0,0,0,0
,,,,,,166,2026-02-01 04:20:11.902382,WNTR,25.87,25.87,25.91,2159200.0,2104600.0,0,0,0,0
2.0,1.0,1.0,,Aggregate Position Limit,Your CRO has set the aggregate position limit to 11000 shares for this week.,167,2026-02-01 04:20:12.947077,SPNG,24.04,24.27,24.34,2393600.0,2243500.0,0,0,0,0
1.0,1.0,1.0,,Welcome to the RITC 2026 Alogithmic Market Making Case - practice server,,167,2026-02-01 04:20:12.947077,SMMR,23.6,23.54,23.6,2231500.0,2277200.0,0,0,0,0
,,,,,,167,2026-02-01 04:20:12.947077,ATMN,23.45,23.29,23.4,2331500.0,2279700.0,0,0,0,0
,,,,,,167,2026-02-01 04:20:12.947077,WNTR,25.87,25.87,25.91,2125700.0,2106800.0,0,0,0,0
2.0,1.0,1.0,,Aggregate Position Limit,Your CRO has set the aggregate position limit to 11000 shares for this week.,168,2026-02-01 04:20:14.001617,SPNG,24.34,23.8,24.34,2422200.0,2268200.0,0,0,0,0
1.0,1.0,1.0,,Welcome to the RITC 2026 Alogithmic Market Making Case - practice server,,168,2026-02-01 04:20:14.001617,SMMR,23.58,23.58,23.6,2239800.0,2277200.0,0,0,0,0
,,,,,,168,2026-02-01 04:20:14.001617,ATMN,23.4,23.42,23.6,2319200.0,2240200.0,0,0,0,0
,,,,,,168,2026-02-01 04:20:14.001617,WNTR,25.8,25.85,25.91,2159700.0,2098800.0,0,0,0,0
2.0,1.0,1.0,,Aggregate Position Limit,Your CRO has set the aggregate position limit to 11000 shares for this week.,169,2026-02-01 04:20:15.027212,SPNG,24.08,24.08,24.15,2428500.0,2246300.0,0,0,0,0
1.0,1.0,1.0,,Welcome to the RITC 2026 Alogithmic Market Making Case - practice server,,169,2026-02-01 04:20:15.027212,SMMR,23.52,23.62,23.68,2219100.0,2268500.0,0,0,0,0
,,,,,,169,2026-02-01 04:20:15.027212,ATMN,23.64,23.42,23.58,2319200.0,2308200.0,0,0,0,0
,,,,,,169,2026-02-01 04:20:15.027212,WNTR,25.91,25.85,25.91,2159700.0,2099600.0,0,0,0,0
2.0,1.0,1.0,,Aggregate Position Limit,Your CRO has set the aggregate position limit to 11000 shares for this week.,170,2026-02-01 04:20:16.073458,SPNG,24.08,23.8,23.81,2422200.0,2241200.0,0,0,0,0
1.0,1.0,1.0,,Welcome to the RITC 2026 Alogithmic Market Making Case - practice server,,170,2026-02-01 04:20:16.073458,SMMR,23.52,23.5,23.51,2210800.0,2267100.0,0,0,0,0
,,,,,,170,2026-02-01 04:20:16.073458,ATMN,23.58,23.65,23.69,2333600.0,2276800.0,0,0,0,0
,,,,,,170,2026-02-01 04:20:16.073458,WNTR,25.78,25.78,26.01,2172300.0,2095600.0,0,0,0,0
2.0,1.0,1.0,,Aggregate Position Limit,Your CRO has set the aggregate position limit to 11000 shares for this week.,171,2026-02-01 04:20:17.095266,SPNG,23.81,23.88,23.96,2403700.0,2226800.0,0,0,0,0
1.0,1.0,1.0,,Welcome to the RITC 2026 Alogithmic Market Making Case - practice server,,171,2026-02-01 04:20:17.095266,SMMR,23.5,23.5,23.68,2210800.0,2268500.0,0,0,0,0
,,,,,,171,2026-02-01 04:20:17.095266,ATMN,23.69,23.65,23.69,2333600.0,2308800.0,0,0,0,0
,,,,,,171,2026-02-01 04:20:17.095266,WNTR,25.78,25.76,25.77,2197100.0,2068700.0,0,0,0,0
2.0,1.0,1.0,,Aggregate Position Limit,Your CRO has set the aggregate position limit to 11000 shares for this week.,172,2026-02-01 04:20:18.128748,SPNG,24.15,24.27,24.34,2387900.0,2261100.0,0,0,0,0
1.0,1.0,1.0,,Welcome to the RITC 2026 Alogithmic Market Making Case - practice server,,172,2026-02-01 04:20:18.128748,SMMR,23.47,23.56,23.68,2221500.0,2268500.0,0,0,0,0
,,,,,,172,2026-02-01 04:20:18.128748,ATMN,23.45,23.61,23.69,2366000.0,2308800.0,0,0,0,0
,,,,,,172,2026-02-01 04:20:18.128748,WNTR,25.76,25.76,25.78,2197100.0,2055300.0,0,0,0,0
2.0,1.0,1.0,,Aggregate Position Limit,Your CRO has set the aggregate position limit to 11000 shares for this week.,173,2026-02-01 04:20:19.162400,SPNG,24.27,23.93,24.14,2376300.0,2280900.0,0,0,0,0
1.0,1.0,1.0,,Welcome to the RITC 2026 Alogithmic Market Making Case - practice server,,173,2026-02-01 04:20:19.162400,SMMR,23.56,23.56,23.68,2221500.0,2262600.0,0,0,0,0
,,,,,,173,2026-02-01 04:20:19.162400,ATMN,23.42,23.42,23.69,2316600.0,2330700.0,0,0,0,0
,,,,,,173,2026-02-01 04:20:19.162400,WNTR,25.78,25.75,25.78,2211100.0,2055300.0,0,0,0,0
2.0,1.0,1.0,,Aggregate Position Limit,Your CRO has set the aggregate position limit to 11000 shares for this week.,174,2026-02-01 04:20:20.194648,SPNG,23.88,23.88,24.03,2373000.0,2252300.0,0,0,0,0
1.0,1.0,1.0,,Welcome to the RITC 2026 Alogithmic Market Making Case - practice server,,174,2026-02-01 04:20:20.194648,SMMR,23.59,23.56,23.57,2221500.0,2310100.0,0,0,0,0
,,,,,,174,2026-02-01 04:20:20.194648,ATMN,23.83,23.42,23.7,2316600.0,2262400.0,0,0,0,0
,,,,,,174,2026-02-01 04:20:20.194648,WNTR,25.87,25.75,25.78,2211100.0,2055700.0,0,0,0,0
2.0,1.0,1.0,,Aggregate Position Limit,Your CRO has set the aggregate position limit to 11000 shares for this week.,175,2026-02-01 04:20:21.225005,SPNG,24.14,23.88,24.14,2373000.0,2280900.0,0,0,0,0
1.0,1.0,1.0,,Welcome to the RITC 2026 Alogithmic Market Making Case - practice server,,175,2026-02-01 04:20:21.225005,SMMR,23.57,23.63,23.67,2244900.0,2251200.0,0,0,0,0
,,,,,,175,2026-02-01 04:20:21.225005,ATMN,23.7,23.42,23.7,2316600.0,2262400.0,0,0,0,0
,,,,,,175,2026-02-01 04:20:21.225005,WNTR,25.88,25.78,25.88,2208600.0,2077300.0,0,0,0,0
2.0,1.0,1.0,,Aggregate Position Limit,Your CRO has set the aggregate position limit to 11000 shares for this week.,176,2026-02-01 04:20:22.245216,SPNG,24.34,24.1,24.11,2403200.0,2237100.0,0,0,0,0
1.0,1.0,1.0,,Welcome to the RITC 2026 Alogithmic Market Making Case - practice server,,176,2026-02-01 04:20:22.245216,SMMR,23.7,23.63,23.7,2244900.0,2274000.0,0,0,0,0
,,,,,,176,2026-02-01 04:20:22.245216,ATMN,23.7,23.73,23.83,2333700.0,2260600.0,0,0,0,0
,,,,,,176,2026-02-01 04:20:22.245216,WNTR,25.78,25.78,25.83,2208600.0,2068900.0,0,0,0,0
2.0,1.0,1.0,,Aggregate Position Limit,Your CRO has set the aggregate position limit to 11000 shares for this week.,177,2026-02-01 04:20:23.276986,SPNG,23.84,23.84,24.11,2403100.0,2227800.0,0,0,0,0
1.0,1.0,1.0,,Welcome to the RITC 2026 Alogithmic Market Making Case - practice server,,177,2026-02-01 04:20:23.276986,SMMR,23.66,23.47,23.66,2214600.0,2293100.0,0,0,0,0
,,,,,,177,2026-02-01 04:20:23.276986,ATMN,23.71,23.71,23.83,2321200.0,2260800.0,0,0,0,0
,,,,,,177,2026-02-01 04:20:23.276986,WNTR,25.75,25.75,25.81,2192300.0,2081300.0,0,0,0,0
2.0,1.0,1.0,,Aggregate Position Limit,Your CRO has set the aggregate position limit to 11000 shares for this week.,178,2026-02-01 04:20:24.299211,SPNG,23.84,23.84,24.02,2408500.0,2270000.0,0,0,0,0
1.0,1.0,1.0,,Welcome to the RITC 2026 Alogithmic Market Making Case - practice server,,178,2026-02-01 04:20:24.299211,SMMR,23.7,23.61,23.7,2199200.0,2277200.0,0,0,0,0
,,,,,,178,2026-02-01 04:20:24.299211,ATMN,23.28,23.28,23.66,2329900.0,2308800.0,0,0,0,0
,,,,,,178,2026-02-01 04:20:24.299211,WNTR,25.74,25.74,25.83,2202700.0,2078100.0,0,0,0,0
2.0,1.0,1.0,,Aggregate Position Limit,Your CRO has set the aggregate position limit to 11000 shares for this week.,179,2026-02-01 04:20:25.321014,SPNG,24.02,23.84,24.02,2408500.0,2337300.0,0,0,0,0
1.0,1.0,1.0,,Welcome to the RITC 2026 Alogithmic Market Making Case - practice server,,179,2026-02-01 04:20:25.321014,SMMR,23.46,23.46,23.59,2211900.0,2278500.0,0,0,0,0
,,,,,,179,2026-02-01 04:20:25.321014,ATMN,23.66,23.32,23.66,2311500.0,2308800.0,0,0,0,0
,,,,,,179,2026-02-01 04:20:25.321014,WNTR,25.83,25.83,25.88,2186600.0,2134900.0,0,0,0,0
2.0,1.0,1.0,,Aggregate Position Limit,Your CRO has set the aggregate position limit to 11000 shares for this week.,180,2026-02-01 04:20:26.355689,SPNG,24.02,25.1,25.9,1015500.0,941200.0,0,0,0,0
1.0,1.0,1.0,,Welcome to the RITC 2026 Alogithmic Market Making Case - practice server,,180,2026-02-01 04:20:26.355689,SMMR,24.44,24.39,24.44,988600.0,822600.0,0,0,0,0
,,,,,,180,2026-02-01 04:20:26.355689,ATMN,23.92,24.73,24.8,915700.0,894700.0,0,0,0,0
,,,,,,180,2026-02-01 04:20:26.355689,WNTR,25.01,24.96,25.01,887000.0,968000.0,0,0,0,0
2.0,1.0,1.0,,Aggregate Position Limit,Your CRO has set the aggregate position limit to 11000 shares for this week.,181,2026-02-01 04:20:27.384075,SPNG,25.1,25.1,25.37,1031700.0,1159300.0,0,0,0,0
1.0,1.0,1.0,,Welcome to the RITC 2026 Alogithmic Market Making Case - practice server,,181,2026-02-01 04:20:27.384075,SMMR,24.7,24.51,24.7,1228400.0,802500.0,0,0,0,0
,,,,,,181,2026-02-01 04:20:27.384075,ATMN,24.12,24.12,24.21,932000.0,1122200.0,0,0,0,0
,,,,,,181,2026-02-01 04:20:27.384075,WNTR,25.01,25.03,25.26,1092000.0,969800.0,0,0,0,0
2.0,1.0,1.0,,Aggregate Position Limit,Your CRO has set the aggregate position limit to 11000 shares for this week.,182,2026-02-01 04:20:28.411867,SPNG,25.37,24.9,25.37,1153900.0,1159300.0,0,0,0,0
1.0,1.0,1.0,,Welcome to the RITC 2026 Alogithmic Market Making Case - practice server,,182,2026-02-01 04:20:28.411867,SMMR,24.79,24.94,25.31,1440500.0,888100.0,0,0,0,0
,,,,,,182,2026-02-01 04:20:28.411867,ATMN,24.12,24.12,24.21,937800.0,1244000.0,0,0,0,0
,,,,,,182,2026-02-01 04:20:28.411867,WNTR,24.98,24.98,25.15,1000000.0,1293100.0,0,0,0,0
2.0,1.0,1.0,,Aggregate Position Limit,Your CRO has set the aggregate position limit to 11000 shares for this week.,183,2026-02-01 04:20:29.444888,SPNG,24.9,24.45,24.76,1276700.0,1287500.0,0,0,0,0
1.0,1.0,1.0,,Welcome to the RITC 2026 Alogithmic Market Making Case - practice server,,183,2026-02-01 04:20:29.444888,SMMR,24.79,25.03,25.17,1747700.0,1011900.0,0,0,0,0
,,,,,,183,2026-02-01 04:20:29.444888,ATMN,24.12,23.2,23.68,1000800.0,1421700.0,0,0,0,0
,,,,,,183,2026-02-01 04:20:29.444888,WNTR,24.98,24.98,25.0,1115600.0,1522500.0,0,0,0,0
2.0,1.0,1.0,,Aggregate Position Limit,Your CRO has set the aggregate position limit to 11000 shares for this week.,184,2026-02-01 04:20:30.475600,SPNG,24.88,25.3,25.61,1382400.0,1059400.0,0,0,0,0
1.0,1.0,1.0,,Welcome to the RITC 2026 Alogithmic Market Making Case - practice server,,184,2026-02-01 04:20:30.475600,SMMR,25.31,25.04,25.1,1845900.0,975200.0,0,0,0,0
,,,,,,184,2026-02-01 04:20:30.475600,ATMN,24.12,23.39,23.68,1400600.0,1421700.0,0,0,0,0
,,,,,,184,2026-02-01 04:20:30.475600,WNTR,24.96,24.96,25.0,999100.0,1620700.0,0,0,0,0
2.0,1.0,1.0,,Aggregate Position Limit,Your CRO has set the aggregate position limit to 11000 shares for this week.,185,2026-02-01 04:20:31.509174,SPNG,24.45,24.61,24.94,1404200.0,1165000.0,0,0,0,0
1.0,1.0,1.0,,Welcome to the RITC 2026 Alogithmic Market Making Case - practice server,,185,2026-02-01 04:20:31.509174,SMMR,25.31,25.17,25.18,1943500.0,997900.0,0,0,0,0
,,,,,,185,2026-02-01 04:20:31.509174,ATMN,24.12,23.67,23.68,1761800.0,1421700.0,0,0,0,0
,,,,,,185,2026-02-01 04:20:31.509174,WNTR,25.0,24.96,25.0,999100.0,1836700.0,0,0,0,0
2.0,1.0,1.0,,Aggregate Position Limit,Your CRO has set the aggregate position limit to 11000 shares for this week.,186,2026-02-01 04:20:32.546331,SPNG,24.45,24.62,24.94,1715900.0,1165000.0,0,0,0,0
1.0,1.0,1.0,,Welcome to the RITC 2026 Alogithmic Market Making Case - practice server,,186,2026-02-01 04:20:32.546331,SMMR,25.51,25.17,25.34,1943500.0,980000.0,0,0,0,0
,,,,,,186,2026-02-01 04:20:32.546331,ATMN,24.48,23.87,24.19,1879400.0,1316100.0,0,0,0,0
,,,,,,186,2026-02-01 04:20:32.546331,WNTR,25.0,24.96,25.0,1130100.0,2047500.0,0,0,0,0
2.0,1.0,1.0,,Aggregate Position Limit,Your CRO has set the aggregate position limit to 11000 shares for this week.,187,2026-02-01 04:20:33.586011,SPNG,24.67,24.62,24.67,1810900.0,1176400.0,0,0,0,0
1.0,1.0,1.0,,Welcome to the RITC 2026 Alogithmic Market Making Case - practice server,,187,2026-02-01 04:20:33.586011,SMMR,25.34,25.2,25.34,2131600.0,980000.0,0,0,0,0
,,,,,,187,2026-02-01 04:20:33.586011,ATMN,24.24,23.67,24.24,1761800.0,1426100.0,0,0,0,0
,,,,,,187,2026-02-01 04:20:33.586011,WNTR,25.0,24.96,25.0,1365700.0,2167900.0,0,0,0,0
2.0,1.0,1.0,,Aggregate Position Limit,Your CRO has set the aggregate position limit to 11000 shares for this week.,189,2026-02-01 04:20:34.640481,SPNG,24.67,24.62,24.67,2129100.0,1176400.0,0,0,0,0
1.0,1.0,1.0,,Welcome to the RITC 2026 Alogithmic Market Making Case - practice server,,189,2026-02-01 04:20:34.640481,SMMR,25.17,25.17,25.21,2248000.0,1065700.0,0,0,0,0
,,,,,,189,2026-02-01 04:20:34.640481,ATMN,24.24,23.8,24.24,1983200.0,1541300.0,0,0,0,0
,,,,,,189,2026-02-01 04:20:34.640481,WNTR,24.93,24.89,24.93,1169200.0,2175000.0,0,0,0,0
2.0,1.0,1.0,,Aggregate Position Limit,Your CRO has set the aggregate position limit to 11000 shares for this week.,190,2026-02-01 04:20:35.755355,SPNG,25.08,24.62,25.08,2367100.0,1151800.0,0,0,0,0
1.0,1.0,1.0,,Welcome to the RITC 2026 Alogithmic Market Making Case - practice server,,190,2026-02-01 04:20:35.755355,SMMR,25.26,25.17,25.18,2236600.0,1197800.0,0,0,0,0
,,,,,,190,2026-02-01 04:20:35.755355,ATMN,24.24,23.8,23.82,2336700.0,1655900.0,0,0,0,0
,,,,,,190,2026-02-01 04:20:35.755355,WNTR,24.25,24.68,24.86,1051500.0,2189000.0,0,0,0,0
2.0,1.0,1.0,,Aggregate Position Limit,Your CRO has set the aggregate position limit to 11000 shares for this week.,191,2026-02-01 04:20:36.803360,SPNG,25.35,24.62,25.27,2334000.0,1178700.0,0,0,0,0
1.0,1.0,1.0,,Welcome to the RITC 2026 Alogithmic Market Making Case - practice server,,191,2026-02-01 04:20:36.803360,SMMR,25.31,25.22,25.31,2168400.0,1208600.0,0,0,0,0
,,,,,,191,2026-02-01 04:20:36.803360,ATMN,23.82,23.8,23.82,2395400.0,1655900.0,0,0,0,0
,,,,,,191,2026-02-01 04:20:36.803360,WNTR,24.93,24.99,25.0,1268900.0,2151900.0,0,0,0,0
2.0,1.0,1.0,,Aggregate Position Limit,Your CRO has set the aggregate position limit to 11000 shares for this week.,192,2026-02-01 04:20:37.856509,SPNG,25.9,24.95,25.9,2306800.0,941200.0,0,0,0,0
1.0,1.0,1.0,,Welcome to the RITC 2026 Alogithmic Market Making Case - practice server,,192,2026-02-01 04:20:37.856509,SMMR,25.16,25.3,25.31,2212700.0,1317700.0,0,0,0,0
,,,,,,192,2026-02-01 04:20:37.856509,ATMN,23.82,24.18,24.24,2326000.0,1541300.0,0,0,0,0
,,,,,,192,2026-02-01 04:20:37.856509,WNTR,24.99,24.68,24.96,1153900.0,2196900.0,0,0,0,0
2.0,1.0,1.0,,Aggregate Position Limit,Your CRO has set the aggregate position limit to 11000 shares for this week.,193,2026-02-01 04:20:38.880739,SPNG,24.62,24.98,25.53,2314300.0,1072900.0,0,0,0,0
