news_id,period,tick,ticker,headline,body,tick,timestamp,ticker,last_price,bid_price,ask_price,BUY_ANON,SELL_ANON,SELL_LUIS-1,BUY_LUIS-1,BUY_CHUL-1,SELL_CHUL-1,SELL_COLA-6,BUY_COLA-6
2.0,1.0,1.0,,Aggregate Position Limit,Your CRO has set the aggregate position limit to 14000 shares for this week.,1,2026-02-01 08:37:43.355728,SPNG,25.11,25.0,25.03,2219200.0,2187400.0,0,0,0,0,0,0
1.0,1.0,1.0,,Welcome to the RITC 2026 Alogithmic Market Making Case - practice server,,1,2026-02-01 08:37:43.355728,SMMR,25.01,24.92,25.01,2129900.0,1991600.0,0,0,0,0,0,0
,,,,,,1,2026-02-01 08:37:43.355728,ATMN,25.0,24.99,25.0,2037800.0,1985500.0,0,0,0,0,0,0
,,,,,,1,2026-02-01 08:37:43.355728,WNTR,25.02,25.02,25.04,2268900.0,1818800.0,0,0,0,0,0,0
2.0,1.0,1.0,,Aggregate Position Limit,Your CRO has set the aggregate position limit to 14000 shares for this week.,2,2026-02-01 08:37:44.383562,SPNG,25.14,25.0,25.14,2219200.0,2068300.0,0,0,0,0,0,0
1.0,1.0,1.0,,Welcome to the RITC 2026 Alogithmic Market Making Case - practice server,,2,2026-02-01 08:37:44.383562,SMMR,25.01,24.92,25.01,2133000.0,2089000.0,0,0,0,0,0,0
,,,,,,2,2026-02-01 08:37:44.383562,ATMN,24.97,24.97,25.08,2044500.0,1954900.0,0,0,0,0,0,0
,,,,,,2,2026-02-01 08:37:44.383562,WNTR,25.17,25.02,25.17,2268900.0,1728300.0,0,0,0,0,0,0
2.0,1.0,1.0,,Aggregate Position Limit,Your CRO has set the aggregate position limit to 14000 shares for this week.,3,2026-02-01 08:37:45.403450,SPNG,25.15,25.0,25.15,2219200.0,2054200.0,0,0,0,0,0,0
1.0,1.0,1.0,,Welcome to the RITC 2026 Alogithmic Market Making Case - practice server,,3,2026-02-01 08:37:45.403450,SMMR,25.13,24.92,25.13,2133800.0,2004700.0,0,0,0,0,0,0
,,,,,,3,2026-02-01 08:37:45.403450,ATMN,25.15,24.87,25.15,2044300.0,1946000.0,0,0,0,0,0,0
,,,,,,3,2026-02-01 08:37:45.403450,WNTR,24.98,24.98,25.17,2249800.0,1828300.0,0,0,0,0,0,0
2.0,1.0,1.0,,Aggregate Position Limit,Your CRO has set the aggregate position limit to 14000 shares for this week.,4,2026-02-01 08:37:46.433819,SPNG,24.93,24.93,25.15,2232800.0,2233600.0,0,0,0,0,0,0
1.0,1.0,1.0,,Welcome to the RITC 2026 Alogithmic Market Making Case - practice server,,4,2026-02-01 08:37:46.433819,SMMR,25.13,24.91,25.13,2141200.0,1983100.0,0,0,0,0,0,0
,,,,,,4,2026-02-01 08:37:46.433819,ATMN,24.91,24.98,25.15,2057400.0,1946000.0,0,0,0,0,0,0
,,,,,,4,2026-02-01 08:37:46.433819,WNTR,25.11,25.11,25.16,2270300.0,2077800.0,0,0,0,0,0,0
2.0,1.0,1.0,,Aggregate Position Limit,Your CRO has set the aggregate position limit to 14000 shares for this week.,5,2026-02-01 08:37:47.462026,SPNG,24.96,24.53,24.95,2203300.0,2261100.0,0,0,0,0,0,0
1.0,1.0,1.0,,Welcome to the RITC 2026 Alogithmic Market Making Case - practice server,,5,2026-02-01 08:37:47.462026,SMMR,24.91,24.91,25.02,2141200.0,2105400.0,0,0,0,0,0,0
,,,,,,5,2026-02-01 08:37:47.462026,ATMN,25.18,24.98,25.12,2057400.0,1989900.0,0,0,0,0,0,0
,,,,,,5,2026-02-01 08:37:47.462026,WNTR,24.9,24.9,25.16,2243100.0,2077800.0,0,0,0,0,0,0
2.0,1.0,1.0,,Aggregate Position Limit,Your CRO has set the aggregate position limit to 14000 shares for this week.,6,2026-02-01 08:37:48.489689,SPNG,25.15,24.88,25.15,2225400.0,2236900.0,0,0,0,0,0,0
1.0,1.0,1.0,,Welcome to the RITC 2026 Alogithmic Market Making Case - practice server,,6,2026-02-01 08:37:48.489689,SMMR,25.15,24.91,25.13,2151300.0,1964500.0,0,0,0,0,0,0
,,,,,,6,2026-02-01 08:37:48.489689,ATMN,25.23,24.87,25.23,2044300.0,1986100.0,0,0,0,0,0,0
,,,,,,6,2026-02-01 08:37:48.489689,WNTR,25.16,24.9,25.16,2264300.0,2077800.0,0,0,0,0,0,0
2.0,1.0,1.0,,Aggregate Position Limit,Your CRO has set the aggregate position limit to 14000 shares for this week.,7,2026-02-01 08:37:49.523765,SPNG,25.21,24.88,25.21,2225400.0,2236400.0,0,0,0,0,0,0
1.0,1.0,1.0,,Welcome to the RITC 2026 Alogithmic Market Making Case - practice server,,7,2026-02-01 08:37:49.523765,SMMR,24.95,24.99,25.13,2171600.0,2092700.0,0,0,0,0,0,0
,,,,,,7,2026-02-01 08:37:49.523765,ATMN,24.84,24.84,24.91,1925600.0,1978100.0,0,0,0,0,0,0
,,,,,,7,2026-02-01 08:37:49.523765,WNTR,24.87,24.87,25.02,2272400.0,2212200.0,0,0,0,0,0,0
2.0,1.0,1.0,,Aggregate Position Limit,Your CRO has set the aggregate position limit to 14000 shares for this week.,8,2026-02-01 08:37:50.567026,SPNG,25.21,24.93,24.95,2228600.0,2242600.0,0,0,0,0,0,0
1.0,1.0,1.0,,Welcome to the RITC 2026 Alogithmic Market Making Case - practice server,,8,2026-02-01 08:37:50.567026,SMMR,24.9,25.04,25.12,2189300.0,2104300.0,0,0,0,0,0,0
,,,,,,8,2026-02-01 08:37:50.567026,ATMN,25.23,24.84,25.23,2055800.0,1966100.0,0,0,0,0,0,0
,,,,,,8,2026-02-01 08:37:50.567026,WNTR,24.87,24.94,25.02,2245400.0,2212200.0,0,0,0,0,0,0
2.0,1.0,1.0,,Aggregate Position Limit,Your CRO has set the aggregate position limit to 14000 shares for this week.,9,2026-02-01 08:37:51.597113,SPNG,25.21,24.93,25.21,2228600.0,2269400.0,0,0,0,0,0,0
1.0,1.0,1.0,,Welcome to the RITC 2026 Alogithmic Market Making Case - practice server,,9,2026-02-01 08:37:51.597113,SMMR,25.02,25.02,25.12,2185200.0,2098400.0,0,0,0,0,0,0
,,,,,,9,2026-02-01 08:37:51.597113,ATMN,24.75,24.75,25.23,1928400.0,1969300.0,0,0,0,0,0,0
,,,,,,9,2026-02-01 08:37:51.597113,WNTR,25.12,25.15,25.16,2293800.0,2077800.0,0,0,0,0,0,0
2.0,1.0,1.0,,Aggregate Position Limit,Your CRO has set the aggregate position limit to 14000 shares for this week.,10,2026-02-01 08:37:52.618354,SPNG,25.21,24.88,25.21,2209000.0,2253600.0,0,0,0,0,0,0
1.0,1.0,1.0,,Welcome to the RITC 2026 Alogithmic Market Making Case - practice server,,10,2026-02-01 08:37:52.618354,SMMR,24.87,24.87,25.13,2171100.0,2081700.0,0,0,0,0,0,0
,,,,,,10,2026-02-01 08:37:52.618354,ATMN,25.23,24.75,25.23,2068500.0,1969300.0,0,0,0,0,0,0
,,,,,,10,2026-02-01 08:37:52.618354,WNTR,25.09,24.94,24.99,2245400.0,2315000.0,0,0,0,0,0,0
2.0,1.0,1.0,,Aggregate Position Limit,Your CRO has set the aggregate position limit to 14000 shares for this week.,11,2026-02-01 08:37:53.643853,SPNG,25.13,24.88,25.13,2209000.0,2270400.0,0,0,0,0,0,0
1.0,1.0,1.0,,Welcome to the RITC 2026 Alogithmic Market Making Case - practice server,,11,2026-02-01 08:37:53.643853,SMMR,25.13,24.87,25.13,2171100.0,2081700.0,0,0,0,0,0,0
,,,,,,11,2026-02-01 08:37:53.643853,ATMN,25.23,24.88,25.23,2055600.0,1984800.0,0,0,0,0,0,0
,,,,,,11,2026-02-01 08:37:53.643853,WNTR,24.91,25.0,25.17,2234000.0,2186800.0,0,0,0,0,0,0
2.0,1.0,1.0,,Aggregate Position Limit,Your CRO has set the aggregate position limit to 14000 shares for this week.,12,2026-02-01 08:37:54.678109,SPNG,24.63,24.63,25.13,2197400.0,2270400.0,0,0,0,0,0,0
1.0,1.0,1.0,,Welcome to the RITC 2026 Alogithmic Market Making Case - practice server,,12,2026-02-01 08:37:54.678109,SMMR,24.85,24.83,24.85,2155400.0,2068400.0,0,0,0,0,0,0
,,,,,,12,2026-02-01 08:37:54.678109,ATMN,25.27,24.75,24.92,2072300.0,1965000.0,0,0,0,0,0,0
,,,,,,12,2026-02-01 08:37:54.678109,WNTR,25.22,25.22,25.23,2241800.0,2060300.0,0,0,0,0,0,0
2.0,1.0,1.0,,Aggregate Position Limit,Your CRO has set the aggregate position limit to 14000 shares for this week.,13,2026-02-01 08:37:55.713828,SPNG,24.63,24.63,25.24,2183600.0,2247800.0,0,0,0,0,0,0
1.0,1.0,1.0,,Welcome to the RITC 2026 Alogithmic Market Making Case - practice server,,13,2026-02-01 08:37:55.713828,SMMR,24.95,24.95,25.13,2168100.0,2076000.0,0,0,0,0,0,0
,,,,,,13,2026-02-01 08:37:55.713828,ATMN,25.05,24.75,24.85,2072100.0,1946100.0,0,0,0,0,0,0
,,,,,,13,2026-02-01 08:37:55.713828,WNTR,25.26,25.23,25.26,2264700.0,2160100.0,0,0,0,0,0,0
2.0,1.0,1.0,,Aggregate Position Limit,Your CRO has set the aggregate position limit to 14000 shares for this week.,14,2026-02-01 08:37:56.779591,SPNG,24.63,24.87,25.24,2196700.0,2253200.0,0,0,0,0,0,0
1.0,1.0,1.0,,Welcome to the RITC 2026 Alogithmic Market Making Case - practice server,,14,2026-02-01 08:37:56.779591,SMMR,25.13,24.95,24.97,2168100.0,2043300.0,0,0,0,0,0,0
,,,,,,14,2026-02-01 08:37:56.779591,ATMN,24.71,24.71,25.27,2062500.0,1952600.0,0,0,0,0,0,0
,,,,,,14,2026-02-01 08:37:56.779591,WNTR,25.27,25.23,25.27,2264700.0,2148000.0,0,0,0,0,0,0
2.0,1.0,1.0,,Aggregate Position Limit,Your CRO has set the aggregate position limit to 14000 shares for this week.,16,2026-02-01 08:37:57.900634,SPNG,24.8,24.8,25.0,2176900.0,2258500.0,0,0,0,0,0,0
1.0,1.0,1.0,,Welcome to the RITC 2026 Alogithmic Market Making Case - practice server,,16,2026-02-01 08:37:57.900634,SMMR,25.13,24.95,25.0,2153900.0,2061400.0,0,0,0,0,0,0
,,,,,,16,2026-02-01 08:37:57.900634,ATMN,24.71,25.0,25.06,2026200.0,1958400.0,0,0,0,0,0,0
,,,,,,16,2026-02-01 08:37:57.900634,WNTR,25.22,25.0,25.16,2235500.0,2238800.0,0,0,0,0,0,0
2.0,1.0,1.0,,Aggregate Position Limit,Your CRO has set the aggregate position limit to 14000 shares for this week.,17,2026-02-01 08:37:58.935171,SPNG,24.8,24.99,25.0,2199300.0,2269000.0,0,0,0,0,0,0
1.0,1.0,1.0,,Welcome to the RITC 2026 Alogithmic Market Making Case - practice server,,17,2026-02-01 08:37:58.935171,SMMR,24.95,24.95,25.0,2164100.0,2061400.0,0,0,0,0,0,0
,,,,,,17,2026-02-01 08:37:58.935171,ATMN,25.06,25.01,25.06,2056600.0,1958400.0,0,0,0,0,0,0
,,,,,,17,2026-02-01 08:37:58.935171,WNTR,25.16,25.16,25.28,2266000.0,2134100.0,0,0,0,0,0,0
2.0,1.0,1.0,,Aggregate Position Limit,Your CRO has set the aggregate position limit to 14000 shares for this week.,18,2026-02-01 08:37:59.962148,SPNG,25.1,24.99,25.1,2199300.0,2228100.0,0,0,0,0,0,0
1.0,1.0,1.0,,Welcome to the RITC 2026 Alogithmic Market Making Case - practice server,,18,2026-02-01 08:37:59.962148,SMMR,25.15,25.09,25.15,2181500.0,2039500.0,0,0,0,0,0,0
,,,,,,18,2026-02-01 08:37:59.962148,ATMN,25.01,25.01,25.28,2056600.0,1974300.0,0,0,0,0,0,0
,,,,,,18,2026-02-01 08:37:59.962148,WNTR,25.07,25.07,25.08,2263800.0,2096300.0,0,0,0,0,0,0
2.0,1.0,1.0,,Aggregate Position Limit,Your CRO has set the aggregate position limit to 14000 shares for this week.,19,2026-02-01 08:38:00.999316,SPNG,24.99,24.99,25.04,2199300.0,2220900.0,0,0,0,0,0,0
1.0,1.0,1.0,,Welcome to the RITC 2026 Alogithmic Market Making Case - practice server,,19,2026-02-01 08:38:00.999316,SMMR,24.98,25.05,25.15,2133500.0,2039500.0,0,0,0,0,0,0
,,,,,,19,2026-02-01 08:38:00.999316,ATMN,25.38,25.01,25.03,2054000.0,1948800.0,0,0,0,0,0,0
,,,,,,19,2026-02-01 08:38:00.999316,WNTR,25.07,25.07,25.08,2220500.0,2096300.0,0,0,0,0,0,0
2.0,1.0,1.0,,Aggregate Position Limit,Your CRO has set the aggregate position limit to 14000 shares for this week.,20,2026-02-01 08:38:02.024323,SPNG,25.04,24.99,25.0,2199300.0,2201800.0,0,0,0,0,0,0
1.0,1.0,1.0,,Welcome to the RITC 2026 Alogithmic Market Making Case - practice server,,20,2026-02-01 08:38:02.024323,SMMR,24.98,25.05,25.15,2166100.0,2063900.0,0,0,0,0,0,0
,,,,,,20,2026-02-01 08:38:02.024323,ATMN,24.88,24.83,24.86,2026200.0,1980600.0,0,0,0,0,0,0
,,,,,,20,2026-02-01 08:38:02.024323,WNTR,25.08,25.17,25.31,2219100.0,2224800.0,0,0,0,0,0,0
2.0,1.0,1.0,,Aggregate Position Limit,Your CRO has set the aggregate position limit to 14000 shares for this week.,21,2026-02-01 08:38:03.053659,SPNG,24.63,24.63,25.0,2217400.0,2222900.0,0,0,0,0,0,0
1.0,1.0,1.0,,Welcome to the RITC 2026 Alogithmic Market Making Case - practice server,,21,2026-02-01 08:38:03.053659,SMMR,24.95,25.06,25.15,2143500.0,2081600.0,0,0,0,0,0,0
,,,,,,21,2026-02-01 08:38:03.053659,ATMN,25.32,24.83,25.23,2033300.0,1951600.0,0,0,0,0,0,0
,,,,,,21,2026-02-01 08:38:03.053659,WNTR,25.07,25.0,25.02,2189800.0,2268100.0,0,0,0,0,0,0
2.0,1.0,1.0,,Aggregate Position Limit,Your CRO has set the aggregate position limit to 14000 shares for this week.,22,2026-02-01 08:38:04.086813,SPNG,25.04,24.67,25.04,2168600.0,2233700.0,0,0,0,0,0,0
1.0,1.0,1.0,,Welcome to the RITC 2026 Alogithmic Market Making Case - practice server,,22,2026-02-01 08:38:04.086813,SMMR,24.95,25.06,25.15,2143500.0,2113500.0,0,0,0,0,0,0
,,,,,,22,2026-02-01 08:38:04.086813,ATMN,25.32,25.2,25.23,2029200.0,1951600.0,0,0,0,0,0,0
,,,,,,22,2026-02-01 08:38:04.086813,WNTR,25.07,25.01,25.02,2217400.0,2268100.0,0,0,0,0,0,0
2.0,1.0,1.0,,Aggregate Position Limit,Your CRO has set the aggregate position limit to 14000 shares for this week.,23,2026-02-01 08:38:05.117745,SPNG,25.24,24.67,25.12,2168600.0,2242100.0,0,0,0,0,0,0
1.0,1.0,1.0,,Welcome to the RITC 2026 Alogithmic Market Making Case - practice server,,23,2026-02-01 08:38:05.117745,SMMR,25.13,25.14,25.15,2127800.0,2099400.0,0,0,0,0,0,0
,,,,,,23,2026-02-01 08:38:05.117745,ATMN,25.39,25.2,25.39,1999600.0,1996200.0,0,0,0,0,0,0
,,,,,,23,2026-02-01 08:38:05.117745,WNTR,25.07,25.01,25.02,2249700.0,2268100.0,0,0,0,0,0,0
2.0,1.0,1.0,,Aggregate Position Limit,Your CRO has set the aggregate position limit to 14000 shares for this week.,24,2026-02-01 08:38:06.147319,SPNG,25.24,24.67,25.04,2198900.0,2219000.0,0,0,0,0,0,0
1.0,1.0,1.0,,Welcome to the RITC 2026 Alogithmic Market Making Case - practice server,,24,2026-02-01 08:38:06.147319,SMMR,25.13,25.14,25.15,2138000.0,2143200.0,0,0,0,0,0,0
,,,,,,24,2026-02-01 08:38:06.147319,ATMN,25.3,25.2,25.3,2029000.0,1987100.0,0,0,0,0,0,0
,,,,,,24,2026-02-01 08:38:06.147319,WNTR,25.1,25.01,25.03,2255200.0,2277200.0,0,0,0,0,0,0
2.0,1.0,1.0,,Aggregate Position Limit,Your CRO has set the aggregate position limit to 14000 shares for this week.,25,2026-02-01 08:38:07.173172,SPNG,25.24,25.01,25.24,2223500.0,2221000.0,0,0,0,0,0,0
1.0,1.0,1.0,,Welcome to the RITC 2026 Alogithmic Market Making Case - practice server,,25,2026-02-01 08:38:07.173172,SMMR,25.14,25.06,25.11,2136200.0,2105600.0,0,0,0,0,0,0
,,,,,,25,2026-02-01 08:38:07.173172,ATMN,25.39,25.07,25.39,2022000.0,1993400.0,0,0,0,0,0,0
,,,,,,25,2026-02-01 08:38:07.173172,WNTR,25.03,25.13,25.27,2277500.0,2249900.0,0,0,0,0,0,0
2.0,1.0,1.0,,Aggregate Position Limit,Your CRO has set the aggregate position limit to 14000 shares for this week.,26,2026-02-01 08:38:08.188452,SPNG,25.01,24.67,24.92,2198900.0,2184800.0,0,0,0,0,0,0
1.0,1.0,1.0,,Welcome to the RITC 2026 Alogithmic Market Making Case - practice server,,26,2026-02-01 08:38:08.188452,SMMR,25.11,25.1,25.11,2124900.0,2105600.0,0,0,0,0,0,0
,,,,,,26,2026-02-01 08:38:08.188452,ATMN,25.39,25.12,25.39,2035200.0,1987900.0,0,0,0,0,0,0
,,,,,,26,2026-02-01 08:38:08.188452,WNTR,25.06,25.06,25.27,2292300.0,2284400.0,0,0,0,0,0,0
2.0,1.0,1.0,,Aggregate Position Limit,Your CRO has set the aggregate position limit to 14000 shares for this week.,27,2026-02-01 08:38:09.216772,SPNG,24.92,25.25,25.26,2221300.0,2213200.0,0,0,0,0,0,0
1.0,1.0,1.0,,Welcome to the RITC 2026 Alogithmic Market Making Case - practice server,,27,2026-02-01 08:38:09.216772,SMMR,25.06,25.06,25.11,2159500.0,2112100.0,0,0,0,0,0,0
,,,,,,27,2026-02-01 08:38:09.216772,ATMN,25.44,25.12,25.44,2035200.0,1985000.0,0,0,0,0,0,0
,,,,,,27,2026-02-01 08:38:09.216772,WNTR,25.06,25.06,25.27,2320800.0,2288900.0,0,0,0,0,0,0
2.0,1.0,1.0,,Aggregate Position Limit,Your CRO has set the aggregate position limit to 14000 shares for this week.,28,2026-02-01 08:38:10.238591,SPNG,25.12,25.16,25.26,2227400.0,2200900.0,0,0,0,0,0,0
1.0,1.0,1.0,,Welcome to the RITC 2026 Alogithmic Market Making Case - practice server,,28,2026-02-01 08:38:10.238591,SMMR,24.95,24.95,25.11,2196700.0,2112100.0,0,0,0,0,0,0
,,,,,,28,2026-02-01 08:38:10.238591,ATMN,25.07,25.33,25.44,2052800.0,1986300.0,0,0,0,0,0,0
,,,,,,28,2026-02-01 08:38:10.238591,WNTR,25.09,25.2,25.27,2303100.0,2289500.0,0,0,0,0,0,0
2.0,1.0,1.0,,Aggregate Position Limit,Your CRO has set the aggregate position limit to 14000 shares for this week.,29,2026-02-01 08:38:11.267700,SPNG,24.66,24.66,24.75,2239300.0,2205200.0,0,0,0,0,0,0
1.0,1.0,1.0,,Welcome to the RITC 2026 Alogithmic Market Making Case - practice server,,29,2026-02-01 08:38:11.267700,SMMR,24.95,24.95,25.02,2162300.0,2104100.0,0,0,0,0,0,0
,,,,,,29,2026-02-01 08:38:11.267700,ATMN,25.33,25.33,25.44,2047600.0,1950100.0,0,0,0,0,0,0
,,,,,,29,2026-02-01 08:38:11.267700,WNTR,25.19,25.19,25.27,2305900.0,2270500.0,0,0,0,0,0,0
2.0,1.0,1.0,,Aggregate Position Limit,Your CRO has set the aggregate position limit to 14000 shares for this week.,30,2026-02-01 08:38:12.297096,SPNG,24.75,24.98,25.01,2220200.0,2201000.0,0,0,0,0,0,0
1.0,1.0,1.0,,Welcome to the RITC 2026 Alogithmic Market Making Case - practice server,,30,2026-02-01 08:38:12.297096,SMMR,25.11,25.14,25.15,2208600.0,2103400.0,0,0,0,0,0,0
,,,,,,30,2026-02-01 08:38:12.297096,ATMN,25.29,25.29,25.47,2016400.0,1841000.0,0,0,0,0,0,0
,,,,,,30,2026-02-01 08:38:12.297096,WNTR,25.19,25.25,25.27,2279000.0,2264800.0,0,0,0,0,0,0
2.0,1.0,1.0,,Aggregate Position Limit,Your CRO has set the aggregate position limit to 14000 shares for this week.,31,2026-02-01 08:38:13.327654,SPNG,24.75,25.0,25.01,2209500.0,2245700.0,0,0,0,0,0,0
1.0,1.0,1.0,,Welcome to the RITC 2026 Alogithmic Market Making Case - practice server,,31,2026-02-01 08:38:13.327654,SMMR,25.14,25.01,25.02,2202100.0,2116700.0,0,0,0,0,0,0
,,,,,,31,2026-02-01 08:38:13.327654,ATMN,25.32,25.32,25.49,2016800.0,1747100.0,0,0,0,0,0,0
,,,,,,31,2026-02-01 08:38:13.327654,WNTR,25.19,25.25,25.27,2257400.0,2305400.0,0,0,0,0,0,0
2.0,1.0,1.0,,Aggregate Position Limit,Your CRO has set the aggregate position limit to 14000 shares for this week.,32,2026-02-01 08:38:14.363827,SPNG,24.98,24.98,25.01,2196100.0,2243900.0,0,0,0,0,0,0
1.0,1.0,1.0,,Welcome to the RITC 2026 Alogithmic Market Making Case - practice server,,32,2026-02-01 08:38:14.363827,SMMR,25.02,25.07,25.14,2251300.0,2129500.0,0,0,0,0,0,0
,,,,,,32,2026-02-01 08:38:14.363827,ATMN,25.32,25.32,25.43,2034000.0,1873900.0,0,0,0,0,0,0
,,,,,,32,2026-02-01 08:38:14.363827,WNTR,25.19,25.19,25.27,2287700.0,2262400.0,0,0,0,0,0,0
2.0,1.0,1.0,,Aggregate Position Limit,Your CRO has set the aggregate position limit to 14000 shares for this week.,33,2026-02-01 08:38:15.411286,SPNG,25.01,25.0,25.01,2226400.0,2243900.0,0,0,0,0,0,0
1.0,1.0,1.0,,Welcome to the RITC 2026 Alogithmic Market Making Case - practice server,,33,2026-02-01 08:38:15.411286,SMMR,25.07,25.07,25.15,2251300.0,2106200.0,0,0,0,0,0,0
,,,,,,33,2026-02-01 08:38:15.411286,ATMN,25.46,25.35,25.46,2041100.0,1902200.0,0,0,0,0,0,0
,,,,,,33,2026-02-01 08:38:15.411286,WNTR,25.22,25.06,25.22,2298100.0,2302300.0,0,0,0,0,0,0
2.0,1.0,1.0,,Aggregate Position Limit,Your CRO has set the aggregate position limit to 14000 shares for this week.,34,2026-02-01 08:38:16.460799,SPNG,25.0,24.98,25.0,2196200.0,2255000.0,0,0,0,0,0,0
1.0,1.0,1.0,,Welcome to the RITC 2026 Alogithmic Market Making Case - practice server,,34,2026-02-01 08:38:16.460799,SMMR,25.01,25.12,25.15,2236700.0,2106200.0,0,0,0,0,0,0
,,,,,,34,2026-02-01 08:38:16.460799,ATMN,25.49,25.35,25.43,2051500.0,1927100.0,0,0,0,0,0,0
,,,,,,34,2026-02-01 08:38:16.460799,WNTR,25.22,25.22,25.27,2297700.0,2290600.0,0,0,0,0,0,0
2.0,1.0,1.0,,Aggregate Position Limit,Your CRO has set the aggregate position limit to 14000 shares for this week.,35,2026-02-01 08:38:17.504317,SPNG,25.3,24.98,25.3,2196200.0,2181900.0,0,0,0,0,0,0
1.0,1.0,1.0,,Welcome to the RITC 2026 Alogithmic Market Making Case - practice server,,35,2026-02-01 08:38:17.504317,SMMR,25.02,25.02,25.15,2231000.0,2106200.0,0,0,0,0,0,0
,,,,,,35,2026-02-01 08:38:17.504317,ATMN,25.3,25.3,25.49,2046000.0,1924300.0,0,0,0,0,0,0
,,,,,,35,2026-02-01 08:38:17.504317,WNTR,25.27,25.27,25.28,2288000.0,2269100.0,0,0,0,0,0,0
2.0,1.0,1.0,,Aggregate Position Limit,Your CRO has set the aggregate position limit to 14000 shares for this week.,36,2026-02-01 08:38:18.543901,SPNG,24.98,24.92,24.97,2212100.0,2262700.0,0,0,0,0,0,0
1.0,1.0,1.0,,Welcome to the RITC 2026 Alogithmic Market Making Case - practice server,,36,2026-02-01 08:38:18.543901,SMMR,25.16,25.11,25.16,2224400.0,2075400.0,0,0,0,0,0,0
,,,,,,36,2026-02-01 08:38:18.543901,ATMN,25.5,25.3,25.5,2061300.0,1912000.0,0,0,0,0,0,0
,,,,,,36,2026-02-01 08:38:18.543901,WNTR,25.28,25.22,25.28,2299700.0,2269100.0,0,0,0,0,0,0
2.0,1.0,1.0,,Aggregate Position Limit,Your CRO has set the aggregate position limit to 14000 shares for this week.,37,2026-02-01 08:38:19.593736,SPNG,24.84,24.84,25.06,2244100.0,2247700.0,0,0,0,0,0,0
1.0,1.0,1.0,,Welcome to the RITC 2026 Alogithmic Market Making Case - practice server,,37,2026-02-01 08:38:19.593736,SMMR,25.02,25.02,25.11,2231000.0,2126400.0,0,0,0,0,0,0
,,,,,,37,2026-02-01 08:38:19.593736,ATMN,25.5,25.3,25.31,2068300.0,1938100.0,0,0,0,0,0,0
,,,,,,37,2026-02-01 08:38:19.593736,WNTR,25.28,25.22,25.28,2319200.0,2281600.0,0,0,0,0,0,0
2.0,1.0,1.0,,Aggregate Position Limit,Your CRO has set the aggregate position limit to 14000 shares for this week.,38,2026-02-01 08:38:20.643458,SPNG,24.84,24.84,25.06,2237800.0,2247700.0,0,0,0,0,0,0
1.0,1.0,1.0,,Welcome to the RITC 2026 Alogithmic Market Making Case - practice server,,38,2026-02-01 08:38:20.643458,SMMR,24.99,24.99,25.11,2224900.0,2145500.0,0,0,0,0,0,0
,,,,,,38,2026-02-01 08:38:20.643458,ATMN,25.3,25.3,25.31,2060300.0,1947400.0,0,0,0,0,0,0
,,,,,,38,2026-02-01 08:38:20.643458,WNTR,25.28,25.22,25.28,2324100.0,2292000.0,0,0,0,0,0,0
2.0,1.0,1.0,,Aggregate Position Limit,Your CRO has set the aggregate position limit to 14000 shares for this week.,39,2026-02-01 08:38:21.683526,SPNG,25.06,24.78,25.06,2253700.0,2248400.0,0,0,0,0,0,0
1.0,1.0,1.0,,Welcome to the RITC 2026 Alogithmic Market Making Case - practice server,,39,2026-02-01 08:38:21.683526,SMMR,24.99,24.99,25.02,2224900.0,2144100.0,0,0,0,0,0,0
,,,,,,39,2026-02-01 08:38:21.683526,ATMN,25.29,25.29,25.31,2061900.0,1947400.0,0,0,0,0,0,0
,,,,,,39,2026-02-01 08:38:21.683526,WNTR,25.28,25.25,25.28,2291600.0,2295400.0,0,0,0,0,0,0
2.0,1.0,1.0,,Aggregate Position Limit,Your CRO has set the aggregate position limit to 14000 shares for this week.,40,2026-02-01 08:38:22.720062,SPNG,25.06,24.78,25.06,2223700.0,2248400.0,0,0,0,0,0,0
1.0,1.0,1.0,,Welcome to the RITC 2026 Alogithmic Market Making Case - practice server,,40,2026-02-01 08:38:22.720062,SMMR,24.99,24.99,25.02,2254900.0,2137100.0,0,0,0,0,0,0
,,,,,,40,2026-02-01 08:38:22.720062,ATMN,25.37,25.29,25.37,2061900.0,1929100.0,0,0,0,0,0,0
,,,,,,40,2026-02-01 08:38:22.720062,WNTR,25.32,25.25,25.32,2291600.0,2259000.0,0,0,0,0,0,0
2.0,1.0,1.0,,Aggregate Position Limit,Your CRO has set the aggregate position limit to 14000 shares for this week.,41,2026-02-01 08:38:23.754938,SPNG,25.06,25.15,25.19,2239400.0,2234100.0,0,0,0,0,0,0
1.0,1.0,1.0,,Welcome to the RITC 2026 Alogithmic Market Making Case - practice server,,41,2026-02-01 08:38:23.754938,SMMR,25.02,24.99,25.02,2274600.0,2169400.0,0,0,0,0,0,0
,,,,,,41,2026-02-01 08:38:23.754938,ATMN,25.28,25.28,25.49,2065000.0,1931200.0,0,0,0,0,0,0
,,,,,,41,2026-02-01 08:38:23.754938,WNTR,25.22,25.2,25.22,2319700.0,2253800.0,0,0,0,0,0,0
2.0,1.0,1.0,,Aggregate Position Limit,Your CRO has set the aggregate position limit to 14000 shares for this week.,42,2026-02-01 08:38:24.778826,SPNG,25.19,24.76,25.19,2240200.0,2234100.0,0,0,0,0,0,0
1.0,1.0,1.0,,Welcome to the RITC 2026 Alogithmic Market Making Case - practice server,,42,2026-02-01 08:38:24.778826,SMMR,24.95,24.95,25.03,2251200.0,2127000.0,0,0,0,0,0,0
,,,,,,42,2026-02-01 08:38:24.778826,ATMN,25.28,25.28,25.49,2078200.0,1937700.0,0,0,0,0,0,0
,,,,,,42,2026-02-01 08:38:24.778826,WNTR,25.32,25.23,25.32,2322600.0,2253200.0,0,0,0,0,0,0
2.0,1.0,1.0,,Aggregate Position Limit,Your CRO has set the aggregate position limit to 14000 shares for this week.,43,2026-02-01 08:38:25.793750,SPNG,25.31,24.76,25.25,2240200.0,2226100.0,0,0,0,0,0,0
1.0,1.0,1.0,,Welcome to the RITC 2026 Alogithmic Market Making Case - practice server,,43,2026-02-01 08:38:25.793750,SMMR,24.92,24.92,25.03,2244500.0,2112900.0,0,0,0,0,0,0
,,,,,,43,2026-02-01 08:38:25.793750,ATMN,25.22,25.22,25.34,2062500.0,1958000.0,0,0,0,0,0,0
,,,,,,43,2026-02-01 08:38:25.793750,WNTR,25.32,25.31,25.32,2290100.0,2253200.0,0,0,0,0,0,0
2.0,1.0,1.0,,Aggregate Position Limit,Your CRO has set the aggregate position limit to 14000 shares for this week.,44,2026-02-01 08:38:26.823873,SPNG,24.68,24.68,25.25,2272700.0,2226100.0,0,0,0,0,0,0
1.0,1.0,1.0,,Welcome to the RITC 2026 Alogithmic Market Making Case - practice server,,44,2026-02-01 08:38:26.823873,SMMR,25.13,24.92,24.98,2244500.0,2099300.0,0,0,0,0,0,0
,,,,,,44,2026-02-01 08:38:26.823873,ATMN,25.22,25.22,25.38,2059300.0,1949900.0,0,0,0,0,0,0
,,,,,,44,2026-02-01 08:38:26.823873,WNTR,25.33,25.23,25.33,2287800.0,2210900.0,0,0,0,0,0,0
2.0,1.0,1.0,,Aggregate Position Limit,Your CRO has set the aggregate position limit to 14000 shares for this week.,45,2026-02-01 08:38:27.843795,SPNG,25.25,24.64,25.25,2290100.0,2226100.0,0,0,0,0,0,0
1.0,1.0,1.0,,Welcome to the RITC 2026 Alogithmic Market Making Case - practice server,,45,2026-02-01 08:38:27.843795,SMMR,24.91,24.91,24.98,2240600.0,2131400.0,0,0,0,0,0,0
,,,,,,45,2026-02-01 08:38:27.843795,ATMN,25.22,25.22,25.49,2044500.0,1941100.0,0,0,0,0,0,0
,,,,,,45,2026-02-01 08:38:27.843795,WNTR,25.23,25.23,25.33,2287800.0,2220000.0,0,0,0,0,0,0
2.0,1.0,1.0,,Aggregate Position Limit,Your CRO has set the aggregate position limit to 14000 shares for this week.,46,2026-02-01 08:38:28.883670,SPNG,25.33,24.85,25.08,2328000.0,2214000.0,0,0,0,0,0,0
1.0,1.0,1.0,,Welcome to the RITC 2026 Alogithmic Market Making Case - practice server,,46,2026-02-01 08:38:28.883670,SMMR,24.91,24.91,25.0,2241300.0,2140900.0,0,0,0,0,0,0
,,,,,,46,2026-02-01 08:38:28.883670,ATMN,25.22,25.22,25.48,2032200.0,1987700.0,0,0,0,0,0,0
,,,,,,46,2026-02-01 08:38:28.883670,WNTR,25.23,25.23,25.33,2274800.0,2217300.0,0,0,0,0,0,0
2.0,1.0,1.0,,Aggregate Position Limit,Your CRO has set the aggregate position limit to 14000 shares for this week.,47,2026-02-01 08:38:29.897696,SPNG,24.85,24.85,25.08,2315900.0,2214000.0,0,0,0,0,0,0
1.0,1.0,1.0,,Welcome to the RITC 2026 Alogithmic Market Making Case - practice server,,47,2026-02-01 08:38:29.897696,SMMR,25.07,25.08,25.13,2251300.0,2127900.0,0,0,0,0,0,0
,,,,,,47,2026-02-01 08:38:29.897696,ATMN,25.22,25.22,25.38,2048000.0,1961100.0,0,0,0,0,0,0
,,,,,,47,2026-02-01 08:38:29.897696,WNTR,25.35,25.28,25.35,2290000.0,2188900.0,0,0,0,0,0,0
2.0,1.0,1.0,,Aggregate Position Limit,Your CRO has set the aggregate position limit to 14000 shares for this week.,48,2026-02-01 08:38:30.919029,SPNG,24.85,24.64,24.76,2295000.0,2263500.0,0,0,0,0,0,0
1.0,1.0,1.0,,Welcome to the RITC 2026 Alogithmic Market Making Case - practice server,,48,2026-02-01 08:38:30.919029,SMMR,25.07,25.08,25.13,2251300.0,2157800.0,0,0,0,0,0,0
,,,,,,48,2026-02-01 08:38:30.919029,ATMN,25.48,25.22,25.26,2048000.0,1981400.0,0,0,0,0,0,0
,,,,,,48,2026-02-01 08:38:30.919029,WNTR,25.36,25.28,25.36,2290000.0,2153000.0,0,0,0,0,0,0
2.0,1.0,1.0,,Aggregate Position Limit,Your CRO has set the aggregate position limit to 14000 shares for this week.,49,2026-02-01 08:38:31.950506,SPNG,24.85,24.68,24.76,2320500.0,2263500.0,0,0,0,0,0,0
1.0,1.0,1.0,,Welcome to the RITC 2026 Alogithmic Market Making Case - practice server,,49,2026-02-01 08:38:31.950506,SMMR,25.07,25.08,25.13,2265800.0,2130100.0,0,0,0,0,0,0
,,,,,,49,2026-02-01 08:38:31.950506,ATMN,25.48,25.22,25.47,2048000.0,1978800.0,0,0,0,0,0,0
,,,,,,49,2026-02-01 08:38:31.950506,WNTR,25.36,25.31,25.36,2280000.0,2139000.0,0,0,0,0,0,0
2.0,1.0,1.0,,Aggregate Position Limit,Your CRO has set the aggregate position limit to 14000 shares for this week.,50,2026-02-01 08:38:32.971441,SPNG,24.76,25.01,25.08,2297100.0,2245800.0,0,0,0,0,0,0
1.0,1.0,1.0,,Welcome to the RITC 2026 Alogithmic Market Making Case - practice server,,50,2026-02-01 08:38:32.971441,SMMR,25.13,24.91,25.13,2241300.0,2130100.0,0,0,0,0,0,0
,,,,,,50,2026-02-01 08:38:32.971441,ATMN,25.2,25.2,25.28,2063100.0,1998900.0,0,0,0,0,0,0
,,,,,,50,2026-02-01 08:38:32.971441,WNTR,25.2,25.2,25.36,2250900.0,2189700.0,0,0,0,0,0,0
2.0,1.0,1.0,,Aggregate Position Limit,Your CRO has set the aggregate position limit to 14000 shares for this week.,51,2026-02-01 08:38:34.006240,SPNG,24.68,24.68,25.08,2328600.0,2256700.0,0,0,0,0,0,0
1.0,1.0,1.0,,Welcome to the RITC 2026 Alogithmic Market Making Case - practice server,,51,2026-02-01 08:38:34.006240,SMMR,25.11,25.11,25.13,2212300.0,2130100.0,0,0,0,0,0,0
,,,,,,51,2026-02-01 08:38:34.006240,ATMN,25.28,25.36,25.38,2065300.0,1997500.0,0,0,0,0,0,0
,,,,,,51,2026-02-01 08:38:34.006240,WNTR,25.36,25.22,25.36,2272100.0,2175600.0,0,0,0,0,0,0
2.0,1.0,1.0,,Aggregate Position Limit,Your CRO has set the aggregate position limit to 14000 shares for this week.,52,2026-02-01 08:38:35.041076,SPNG,24.64,25.06,25.26,2304600.0,2243500.0,0,0,0,0,0,0
1.0,1.0,1.0,,Welcome to the RITC 2026 Alogithmic Market Making Case - practice server,,52,2026-02-01 08:38:35.041076,SMMR,25.11,24.99,25.02,2256900.0,2158300.0,0,0,0,0,0,0
,,,,,,52,2026-02-01 08:38:35.041076,ATMN,25.2,25.2,25.38,2052800.0,1983400.0,0,0,0,0,0,0
,,,,,,52,2026-02-01 08:38:35.041076,WNTR,25.2,25.2,25.32,2260500.0,2177100.0,0,0,0,0,0,0
2.0,1.0,1.0,,Aggregate Position Limit,Your CRO has set the aggregate position limit to 14000 shares for this week.,54,2026-02-01 08:38:36.083889,SPNG,24.56,24.56,25.26,2305100.0,2243500.0,0,0,0,0,0,0
1.0,1.0,1.0,,Welcome to the RITC 2026 Alogithmic Market Making Case - practice server,,54,2026-02-01 08:38:36.083889,SMMR,25.13,24.99,25.13,2262000.0,2114200.0,0,0,0,0,0,0
,,,,,,54,2026-02-01 08:38:36.083889,ATMN,25.11,25.11,25.36,2051500.0,2002700.0,0,0,0,0,0,0
,,,,,,54,2026-02-01 08:38:36.083889,WNTR,25.39,25.26,25.39,2264500.0,2155300.0,0,0,0,0,0,0
2.0,1.0,1.0,,Aggregate Position Limit,Your CRO has set the aggregate position limit to 14000 shares for this week.,55,2026-02-01 08:38:37.163553,SPNG,25.29,24.55,25.29,2265500.0,2250200.0,0,0,0,0,0,0
1.0,1.0,1.0,,Welcome to the RITC 2026 Alogithmic Market Making Case - practice server,,55,2026-02-01 08:38:37.163553,SMMR,24.99,25.07,25.11,2275800.0,2118300.0,0,0,0,0,0,0
,,,,,,55,2026-02-01 08:38:37.163553,ATMN,25.09,25.09,25.36,2082000.0,2002700.0,0,0,0,0,0,0
,,,,,,55,2026-02-01 08:38:37.163553,WNTR,25.26,25.26,25.27,2264500.0,2174100.0,0,0,0,0,0,0
2.0,1.0,1.0,,Aggregate Position Limit,Your CRO has set the aggregate position limit to 14000 shares for this week.,56,2026-02-01 08:38:38.201678,SPNG,25.02,24.55,25.02,2241100.0,2264700.0,0,0,0,0,0,0
1.0,1.0,1.0,,Welcome to the RITC 2026 Alogithmic Market Making Case - practice server,,56,2026-02-01 08:38:38.201678,SMMR,25.07,25.07,25.11,2275800.0,2119700.0,0,0,0,0,0,0
,,,,,,56,2026-02-01 08:38:38.201678,ATMN,25.36,25.09,25.36,2082000.0,1989600.0,0,0,0,0,0,0
,,,,,,56,2026-02-01 08:38:38.201678,WNTR,25.26,25.2,25.22,2284700.0,2189700.0,0,0,0,0,0,0
2.0,1.0,1.0,,Aggregate Position Limit,Your CRO has set the aggregate position limit to 14000 shares for this week.,57,2026-02-01 08:38:39.232739,SPNG,24.53,24.53,25.32,2251600.0,2218100.0,0,0,0,0,0,0
1.0,1.0,1.0,,Welcome to the RITC 2026 Alogithmic Market Making Case - practice server,,57,2026-02-01 08:38:39.232739,SMMR,24.95,24.95,25.04,2239000.0,2112400.0,0,0,0,0,0,0
,,,,,,57,2026-02-01 08:38:39.232739,ATMN,25.38,25.35,25.38,2084900.0,1997700.0,0,0,0,0,0,0
,,,,,,57,2026-02-01 08:38:39.232739,WNTR,25.25,25.23,25.25,2265600.0,2169500.0,0,0,0,0,0,0
2.0,1.0,1.0,,Aggregate Position Limit,Your CRO has set the aggregate position limit to 14000 shares for this week.,58,2026-02-01 08:38:40.263956,SPNG,25.34,24.53,25.34,2239600.0,2203300.0,0,0,0,0,0,0
1.0,1.0,1.0,,Welcome to the RITC 2026 Alogithmic Market Making Case - practice server,,58,2026-02-01 08:38:40.263956,SMMR,24.89,24.89,25.04,2240500.0,2112400.0,0,0,0,0,0,0
,,,,,,58,2026-02-01 08:38:40.263956,ATMN,25.35,25.09,25.27,2082000.0,1967600.0,0,0,0,0,0,0
,,,,,,58,2026-02-01 08:38:40.263956,WNTR,25.2,25.2,25.27,2278100.0,2174100.0,0,0,0,0,0,0
2.0,1.0,1.0,,Aggregate Position Limit,Your CRO has set the aggregate position limit to 14000 shares for this week.,59,2026-02-01 08:38:41.294717,SPNG,25.34,25.29,25.34,2250700.0,2211700.0,0,0,0,0,0,0
1.0,1.0,1.0,,Welcome to the RITC 2026 Alogithmic Market Making Case - practice server,,59,2026-02-01 08:38:41.294717,SMMR,25.04,24.86,25.04,2221500.0,2092700.0,0,0,0,0,0,0
,,,,,,59,2026-02-01 08:38:41.294717,ATMN,25.07,25.26,25.27,2048500.0,1972500.0,0,0,0,0,0,0
,,,,,,59,2026-02-01 08:38:41.294717,WNTR,25.35,25.35,25.39,2281100.0,2159900.0,0,0,0,0,0,0
2.0,1.0,1.0,,Aggregate Position Limit,Your CRO has set the aggregate position limit to 14000 shares for this week.,60,2026-02-01 08:38:42.328727,SPNG,26.01,26.01,26.41,964800.0,678400.0,0,0,0,0,0,0
1.0,1.0,1.0,,Welcome to the RITC 2026 Alogithmic Market Making Case - practice server,,60,2026-02-01 08:38:42.328727,SMMR,25.06,25.88,26.38,860400.0,836000.0,0,0,0,0,0,0
,,,,,,60,2026-02-01 08:38:42.328727,ATMN,25.07,26.21,0.0,200000.0,,0,0,0,0,0,0
,,,,,,60,2026-02-01 08:38:42.328727,WNTR,25.35,25.01,25.15,942500.0,834400.0,0,0,0,0,0,0
2.0,1.0,1.0,,Aggregate Position Limit,Your CRO has set the aggregate position limit to 14000 shares for this week.,61,2026-02-01 08:38:43.348708,SPNG,25.12,25.12,26.23,1026100.0,858500.0,0,0,0,0,0,0
1.0,1.0,1.0,,Welcome to the RITC 2026 Alogithmic Market Making Case - practice server,,61,2026-02-01 08:38:43.348708,SMMR,25.06,25.88,25.94,860400.0,1144700.0,0,0,0,0,0,0
,,,,,,61,2026-02-01 08:38:43.348708,ATMN,25.07,26.21,26.6,855000.0,879300.0,0,0,0,0,0,0
,,,,,,61,2026-02-01 08:38:43.348708,WNTR,25.01,25.01,25.15,942500.0,1050600.0,0,0,0,0,0,0
2.0,1.0,1.0,,Aggregate Position Limit,Your CRO has set the aggregate position limit to 14000 shares for this week.,62,2026-02-01 08:38:44.372538,SPNG,25.47,25.47,26.41,1314800.0,763200.0,0,0,0,0,0,0
1.0,1.0,1.0,,Welcome to the RITC 2026 Alogithmic Market Making Case - practice server,,62,2026-02-01 08:38:44.372538,SMMR,25.88,25.31,25.65,828300.0,1382900.0,0,0,0,0,0,0
,,,,,,62,2026-02-01 08:38:44.372538,ATMN,26.21,26.21,26.47,855000.0,1054500.0,0,0,0,0,0,0
,,,,,,62,2026-02-01 08:38:44.372538,WNTR,24.99,24.99,25.15,939300.0,1153200.0,0,0,0,0,0,0
2.0,1.0,1.0,,Aggregate Position Limit,Your CRO has set the aggregate position limit to 14000 shares for this week.,63,2026-02-01 08:38:45.406777,SPNG,25.95,25.95,26.21,1408700.0,848500.0,0,0,0,0,0,0
1.0,1.0,1.0,,Welcome to the RITC 2026 Alogithmic Market Making Case - practice server,,63,2026-02-01 08:38:45.406777,SMMR,25.31,24.74,24.98,869300.0,1657700.0,0,0,0,0,0,0
,,,,,,63,2026-02-01 08:38:45.406777,ATMN,26.21,26.21,26.49,857800.0,1143900.0,0,0,0,0,0,0
,,,,,,63,2026-02-01 08:38:45.406777,WNTR,24.99,25.04,25.11,1112700.0,1248100.0,0,0,0,0,0,0
2.0,1.0,1.0,,Aggregate Position Limit,Your CRO has set the aggregate position limit to 14000 shares for this week.,64,2026-02-01 08:38:46.438537,SPNG,25.95,25.95,26.0,1507700.0,1095000.0,0,0,0,0,0,0
1.0,1.0,1.0,,Welcome to the RITC 2026 Alogithmic Market Making Case - practice server,,64,2026-02-01 08:38:46.438537,SMMR,25.31,24.74,24.76,975200.0,1876600.0,0,0,0,0,0,0
,,,,,,64,2026-02-01 08:38:46.438537,ATMN,26.21,26.21,26.49,979900.0,1228100.0,0,0,0,0,0,0
,,,,,,64,2026-02-01 08:38:46.438537,WNTR,25.04,25.04,25.11,1112700.0,1474400.0,0,0,0,0,0,0
2.0,1.0,1.0,,Aggregate Position Limit,Your CRO has set the aggregate position limit to 14000 shares for this week.,65,2026-02-01 08:38:47.466818,SPNG,26.0,25.95,26.0,1595500.0,1318300.0,0,0,0,0,0,0
1.0,1.0,1.0,,Welcome to the RITC 2026 Alogithmic Market Making Case - practice server,,65,2026-02-01 08:38:47.466818,SMMR,24.73,24.61,24.66,925000.0,1979200.0,0,0,0,0,0,0
,,,,,,65,2026-02-01 08:38:47.466818,ATMN,25.96,25.96,26.49,868100.0,1442400.0,0,0,0,0,0,0
,,,,,,65,2026-02-01 08:38:47.466818,WNTR,25.04,25.04,25.06,1112700.0,1767100.0,0,0,0,0,0,0
2.0,1.0,1.0,,Aggregate Position Limit,Your CRO has set the aggregate position limit to 14000 shares for this week.,66,2026-02-01 08:38:48.498500,SPNG,25.92,25.92,26.21,1588300.0,1192800.0,0,0,0,0,0,0
1.0,1.0,1.0,,Welcome to the RITC 2026 Alogithmic Market Making Case - practice server,,66,2026-02-01 08:38:48.498500,SMMR,24.66,24.66,24.76,1382100.0,1876600.0,0,0,0,0,0,0
,,,,,,66,2026-02-01 08:38:48.498500,ATMN,25.96,26.38,26.48,948800.0,1734600.0,0,0,0,0,0,0
,,,,,,66,2026-02-01 08:38:48.498500,WNTR,24.99,24.9,24.96,1018600.0,1905700.0,0,0,0,0,0,0
2.0,1.0,1.0,,Aggregate Position Limit,Your CRO has set the aggregate position limit to 14000 shares for this week.,67,2026-02-01 08:38:49.523831,SPNG,26.17,25.85,25.97,1624300.0,1315000.0,0,0,0,0,0,0
1.0,1.0,1.0,,Welcome to the RITC 2026 Alogithmic Market Making Case - practice server,,67,2026-02-01 08:38:49.523831,SMMR,24.76,24.66,24.72,1492000.0,1970400.0,0,0,0,0,0,0
,,,,,,67,2026-02-01 08:38:49.523831,ATMN,25.98,25.98,26.48,975600.0,1734600.0,0,0,0,0,0,0
,,,,,,67,2026-02-01 08:38:49.523831,WNTR,25.11,24.9,25.11,1018600.0,2044900.0,0,0,0,0,0,0
2.0,1.0,1.0,,Aggregate Position Limit,Your CRO has set the aggregate position limit to 14000 shares for this week.,68,2026-02-01 08:38:50.563710,SPNG,25.85,25.85,25.97,1774400.0,1411500.0,0,0,0,0,0,0
1.0,1.0,1.0,,Welcome to the RITC 2026 Alogithmic Market Making Case - practice server,,68,2026-02-01 08:38:50.563710,SMMR,24.86,24.66,24.75,1492000.0,2084700.0,0,0,0,0,0,0
,,,,,,68,2026-02-01 08:38:50.563710,ATMN,25.98,26.09,26.18,1180300.0,1819500.0,0,0,0,0,0,0
,,,,,,68,2026-02-01 08:38:50.563710,WNTR,25.11,25.13,25.15,1111700.0,2193400.0,0,0,0,0,0,0
2.0,1.0,1.0,,Aggregate Position Limit,Your CRO has set the aggregate position limit to 14000 shares for this week.,69,2026-02-01 08:38:51.587556,SPNG,25.59,25.47,25.53,1643700.0,1299200.0,0,0,0,0,0,0
1.0,1.0,1.0,,Welcome to the RITC 2026 Alogithmic Market Making Case - practice server,,69,2026-02-01 08:38:51.587556,SMMR,24.9,24.66,24.8,1492000.0,2145100.0,0,0,0,0,0,0
,,,,,,69,2026-02-01 08:38:51.587556,ATMN,26.09,26.09,26.18,1299100.0,1845900.0,0,0,0,0,0,0
,,,,,,69,2026-02-01 08:38:51.587556,WNTR,24.9,24.9,25.02,1018600.0,2211800.0,0,0,0,0,0,0
2.0,1.0,1.0,,Aggregate Position Limit,Your CRO has set the aggregate position limit to 14000 shares for this week.,70,2026-02-01 08:38:52.623700,SPNG,25.53,25.96,26.21,1970000.0,1192800.0,0,0,0,0,0,0
1.0,1.0,1.0,,Welcome to the RITC 2026 Alogithmic Market Making Case - practice server,,70,2026-02-01 08:38:52.623700,SMMR,24.9,24.74,24.8,1688400.0,2144900.0,0,0,0,0,0,0
,,,,,,70,2026-02-01 08:38:52.623700,ATMN,26.09,26.09,26.15,1299100.0,1921900.0,0,0,0,0,0,0
,,,,,,70,2026-02-01 08:38:52.623700,WNTR,24.9,24.9,25.02,1121400.0,2206200.0,0,0,0,0,0,0
2.0,1.0,1.0,,Aggregate Position Limit,Your CRO has set the aggregate position limit to 14000 shares for this week.,71,2026-02-01 08:38:53.656841,SPNG,25.75,25.47,25.75,2037700.0,1320000.0,0,0,0,0,0,0
1.0,1.0,1.0,,Welcome to the RITC 2026 Alogithmic Market Making Case - practice server,,71,2026-02-01 08:38:53.656841,SMMR,24.74,24.66,24.72,1727500.0,2167100.0,0,0,0,0,0,0
,,,,,,71,2026-02-01 08:38:53.656841,ATMN,26.18,25.78,26.18,983600.0,1900200.0,0,0,0,0,0,0
,,,,,,71,2026-02-01 08:38:53.656841,WNTR,25.02,24.57,25.02,997300.0,2206200.0,0,0,0,0,0,0
2.0,1.0,1.0,,Aggregate Position Limit,Your CRO has set the aggregate position limit to 14000 shares for this week.,72,2026-02-01 08:38:54.691710,SPNG,25.75,26.06,26.21,2241000.0,1308600.0,0,0,0,0,0,0
1.0,1.0,1.0,,Welcome to the RITC 2026 Alogithmic Market Making Case - practice server,,72,2026-02-01 08:38:54.691710,SMMR,24.83,24.75,24.83,1950200.0,2137300.0,0,0,0,0,0,0
,,,,,,72,2026-02-01 08:38:54.691710,ATMN,26.18,25.94,26.18,1257700.0,1900200.0,0,0,0,0,0,0
,,,,,,72,2026-02-01 08:38:54.691710,WNTR,25.02,24.88,25.02,1364900.0,2206200.0,0,0,0,0,0,0
2.0,1.0,1.0,,Aggregate Position Limit,Your CRO has set the aggregate position limit to 14000 shares for this week.,73,2026-02-01 08:38:55.717263,SPNG,26.06,26.06,26.16,2364200.0,1519900.0,0,0,0,0,0,0
1.0,1.0,1.0,,Welcome to the RITC 2026 Alogithmic Market Making Case - practice server,,73,2026-02-01 08:38:55.717263,SMMR,24.88,24.66,24.87,1845300.0,2141200.0,0,0,0,0,0,0
,,,,,,73,2026-02-01 08:38:55.717263,ATMN,26.28,25.78,26.27,1176600.0,1921000.0,0,0,0,0,0,0
,,,,,,73,2026-02-01 08:38:55.717263,WNTR,25.02,25.02,25.03,1524700.0,2199100.0,0,0,0,0,0,0
2.0,1.0,1.0,,Aggregate Position Limit,Your CRO has set the aggregate position limit to 14000 shares for this week.,74,2026-02-01 08:38:56.746011,SPNG,26.45,26.06,26.45,2364200.0,1441200.0,0,0,0,0,0,0
1.0,1.0,1.0,,Welcome to the RITC 2026 Alogithmic Market Making Case - practice server,,74,2026-02-01 08:38:56.746011,SMMR,24.82,24.66,24.73,1968200.0,2162600.0,0,0,0,0,0,0
,,,,,,74,2026-02-01 08:38:56.746011,ATMN,26.28,25.78,25.81,1176600.0,1923500.0,0,0,0,0,0,0
,,,,,,74,2026-02-01 08:38:56.746011,WNTR,25.02,24.66,24.7,1395900.0,2209800.0,0,0,0,0,0,0
2.0,1.0,1.0,,Aggregate Position Limit,Your CRO has set the aggregate position limit to 14000 shares for this week.,75,2026-02-01 08:38:57.773696,SPNG,25.95,25.95,26.0,2250900.0,1646100.0,0,0,0,0,0,0
1.0,1.0,1.0,,Welcome to the RITC 2026 Alogithmic Market Making Case - practice server,,75,2026-02-01 08:38:57.773696,SMMR,24.82,24.66,24.73,2194800.0,2178100.0,0,0,0,0,0,0
,,,,,,75,2026-02-01 08:38:57.773696,ATMN,26.22,25.86,26.22,1343800.0,1911600.0,0,0,0,0,0,0
,,,,,,75,2026-02-01 08:38:57.773696,WNTR,25.02,24.66,24.7,1803700.0,2209800.0,0,0,0,0,0,0
2.0,1.0,1.0,,Aggregate Position Limit,Your CRO has set the aggregate position limit to 14000 shares for this week.,76,2026-02-01 08:38:58.803442,SPNG,26.45,25.95,26.3,2299800.0,1756000.0,0,0,0,0,0,0
1.0,1.0,1.0,,Welcome to the RITC 2026 Alogithmic Market Making Case - practice server,,76,2026-02-01 08:38:58.803442,SMMR,24.81,24.66,24.72,2067400.0,2196300.0,0,0,0,0,0,0
,,,,,,76,2026-02-01 08:38:58.803442,ATMN,25.74,26.12,26.22,1275300.0,1934700.0,0,0,0,0,0,0
,,,,,,76,2026-02-01 08:38:58.803442,WNTR,25.02,24.66,24.7,2186400.0,2209800.0,0,0,0,0,0,0
2.0,1.0,1.0,,Aggregate Position Limit,Your CRO has set the aggregate position limit to 14000 shares for this week.,77,2026-02-01 08:38:59.823717,SPNG,26.3,25.88,26.3,2339800.0,1879300.0,0,0,0,0,0,0
1.0,1.0,1.0,,Welcome to the RITC 2026 Alogithmic Market Making Case - practice server,,77,2026-02-01 08:38:59.823717,SMMR,24.84,24.66,24.71,2195400.0,2189100.0,0,0,0,0,0,0
,,,,,,77,2026-02-01 08:38:59.823717,ATMN,26.12,25.74,25.9,1169300.0,1901100.0,0,0,0,0,0,0
,,,,,,77,2026-02-01 08:38:59.823717,WNTR,25.05,25.05,25.08,2433300.0,2208300.0,0,0,0,0,0,0
2.0,1.0,1.0,,Aggregate Position Limit,Your CRO has set the aggregate position limit to 14000 shares for this week.,78,2026-02-01 08:39:00.848355,SPNG,26.45,25.88,26.45,2339800.0,1747600.0,0,0,0,0,0,0
1.0,1.0,1.0,,Welcome to the RITC 2026 Alogithmic Market Making Case - practice server,,78,2026-02-01 08:39:00.848355,SMMR,24.71,24.78,24.87,2307100.0,2165400.0,0,0,0,0,0,0
,,,,,,78,2026-02-01 08:39:00.848355,ATMN,25.9,25.96,26.19,1286500.0,1906600.0,0,0,0,0,0,0
,,,,,,78,2026-02-01 08:39:00.848355,WNTR,24.66,24.8,25.08,2319200.0,2208300.0,0,0,0,0,0,0
2.0,1.0,1.0,,Aggregate Position Limit,Your CRO has set the aggregate position limit to 14000 shares for this week.,79,2026-02-01 08:39:01.886617,SPNG,26.45,25.88,26.45,2339800.0,2035900.0,0,0,0,0,0,0
1.0,1.0,1.0,,Welcome to the RITC 2026 Alogithmic Market Making Case - practice server,,79,2026-02-01 08:39:01.886617,SMMR,24.66,24.66,24.8,2318900.0,2199000.0,0,0,0,0,0,0
,,,,,,79,2026-02-01 08:39:01.886617,ATMN,25.96,25.61,25.91,1205100.0,1872900.0,0,0,0,0,0,0
,,,,,,79,2026-02-01 08:39:01.886617,WNTR,24.94,24.8,24.85,2319200.0,2203800.0,0,0,0,0,0,0
2.0,1.0,1.0,,Aggregate Position Limit,Your CRO has set the aggregate position limit to 14000 shares for this week.,80,2026-02-01 08:39:02.914283,SPNG,25.57,25.57,26.45,2127700.0,2117200.0,0,0,0,0,0,0
1.0,1.0,1.0,,Welcome to the RITC 2026 Alogithmic Market Making Case - practice server,,80,2026-02-01 08:39:02.914283,SMMR,24.8,24.81,24.87,2301000.0,2165400.0,0,0,0,0,0,0
,,,,,,80,2026-02-01 08:39:02.914283,ATMN,25.82,25.82,26.02,1291800.0,1901500.0,0,0,0,0,0,0
,,,,,,80,2026-02-01 08:39:02.914283,WNTR,24.85,25.07,25.08,2572000.0,2207600.0,0,0,0,0,0,0
2.0,1.0,1.0,,Aggregate Position Limit,Your CRO has set the aggregate position limit to 14000 shares for this week.,81,2026-02-01 08:39:03.943692,SPNG,25.57,25.9,26.16,2235300.0,2109800.0,0,0,0,0,0,0
1.0,1.0,1.0,,Welcome to the RITC 2026 Alogithmic Market Making Case - practice server,,81,2026-02-01 08:39:03.943692,SMMR,24.81,24.71,24.77,2290100.0,2212000.0,0,0,0,0,0,0
,,,,,,81,2026-02-01 08:39:03.943692,ATMN,25.58,25.89,26.02,1206200.0,1901500.0,0,0,0,0,0,0
,,,,,,81,2026-02-01 08:39:03.943692,WNTR,25.01,25.03,25.08,2554900.0,2187600.0,0,0,0,0,0,0
2.0,1.0,1.0,,Aggregate Position Limit,Your CRO has set the aggregate position limit to 14000 shares for this week.,82,2026-02-01 08:39:04.983483,SPNG,25.9,25.77,25.88,2303700.0,2121200.0,0,0,0,0,0,0
1.0,1.0,1.0,,Welcome to the RITC 2026 Alogithmic Market Making Case - practice server,,82,2026-02-01 08:39:04.983483,SMMR,24.65,24.65,24.77,2186800.0,2232200.0,0,0,0,0,0,0
,,,,,,82,2026-02-01 08:39:04.983483,ATMN,26.02,26.05,26.09,1295900.0,1855000.0,0,0,0,0,0,0
,,,,,,82,2026-02-01 08:39:04.983483,WNTR,25.03,24.8,24.83,2556800.0,2268300.0,0,0,0,0,0,0
2.0,1.0,1.0,,Aggregate Position Limit,Your CRO has set the aggregate position limit to 14000 shares for this week.,83,2026-02-01 08:39:06.026010,SPNG,26.22,25.77,26.22,2252200.0,2138100.0,0,0,0,0,0,0
1.0,1.0,1.0,,Welcome to the RITC 2026 Alogithmic Market Making Case - practice server,,83,2026-02-01 08:39:06.026010,SMMR,24.72,24.72,24.77,2087200.0,2213200.0,0,0,0,0,0,0
,,,,,,83,2026-02-01 08:39:06.026010,ATMN,25.51,25.9,26.09,1320600.0,1848300.0,0,0,0,0,0,0
,,,,,,83,2026-02-01 08:39:06.026010,WNTR,25.14,24.8,25.14,2556800.0,2227600.0,0,0,0,0,0,0
2.0,1.0,1.0,,Aggregate Position Limit,Your CRO has set the aggregate position limit to 14000 shares for this week.,84,2026-02-01 08:39:07.063724,SPNG,26.22,25.66,26.22,2282800.0,2135800.0,0,0,0,0,0,0
1.0,1.0,1.0,,Welcome to the RITC 2026 Alogithmic Market Making Case - practice server,,84,2026-02-01 08:39:07.063724,SMMR,24.61,24.61,24.75,1854900.0,2250700.0,0,0,0,0,0,0
,,,,,,84,2026-02-01 08:39:07.063724,ATMN,26.09,25.75,25.93,1308600.0,1843500.0,0,0,0,0,0,0
,,,,,,84,2026-02-01 08:39:07.063724,WNTR,25.14,25.09,25.14,2515000.0,2247500.0,0,0,0,0,0,0
2.0,1.0,1.0,,Aggregate Position Limit,Your CRO has set the aggregate position limit to 14000 shares for this week.,85,2026-02-01 08:39:08.095336,SPNG,26.22,25.66,25.85,2151400.0,2128300.0,0,0,0,0,0,0
1.0,1.0,1.0,,Welcome to the RITC 2026 Alogithmic Market Making Case - practice server,,85,2026-02-01 08:39:08.095336,SMMR,24.61,24.71,24.75,2107800.0,2259700.0,0,0,0,0,0,0
,,,,,,85,2026-02-01 08:39:08.095336,ATMN,25.75,25.72,25.74,1203300.0,1868100.0,0,0,0,0,0,0
,,,,,,85,2026-02-01 08:39:08.095336,WNTR,24.89,24.89,25.14,2542200.0,2283300.0,0,0,0,0,0,0
2.0,1.0,1.0,,Aggregate Position Limit,Your CRO has set the aggregate position limit to 14000 shares for this week.,86,2026-02-01 08:39:09.133533,SPNG,26.39,25.66,26.39,2141300.0,2129100.0,0,0,0,0,0,0
1.0,1.0,1.0,,Welcome to the RITC 2026 Alogithmic Market Making Case - practice server,,86,2026-02-01 08:39:09.133533,SMMR,24.77,24.71,24.77,2224100.0,2253500.0,0,0,0,0,0,0
,,,,,,86,2026-02-01 08:39:09.133533,ATMN,25.74,26.02,26.09,1524700.0,1861600.0,0,0,0,0,0,0
,,,,,,86,2026-02-01 08:39:09.133533,WNTR,24.89,24.89,25.12,2456000.0,2321700.0,0,0,0,0,0,0
2.0,1.0,1.0,,Aggregate Position Limit,Your CRO has set the aggregate position limit to 14000 shares for this week.,87,2026-02-01 08:39:10.170435,SPNG,25.57,25.57,25.99,2153700.0,2122400.0,0,0,0,0,0,0
1.0,1.0,1.0,,Welcome to the RITC 2026 Alogithmic Market Making Case - practice server,,87,2026-02-01 08:39:10.170435,SMMR,24.64,24.61,24.64,1984500.0,2249100.0,0,0,0,0,0,0
,,,,,,87,2026-02-01 08:39:10.170435,ATMN,26.02,26.02,26.09,1524700.0,1884000.0,0,0,0,0,0,0
,,,,,,87,2026-02-01 08:39:10.170435,WNTR,24.86,24.86,24.95,2449100.0,2325900.0,0,0,0,0,0,0
2.0,1.0,1.0,,Aggregate Position Limit,Your CRO has set the aggregate position limit to 14000 shares for this week.,88,2026-02-01 08:39:11.209652,SPNG,26.45,25.71,26.45,2093800.0,2117200.0,0,0,0,0,0,0
1.0,1.0,1.0,,Welcome to the RITC 2026 Alogithmic Market Making Case - practice server,,88,2026-02-01 08:39:11.209652,SMMR,24.89,24.72,24.89,2084500.0,2232500.0,0,0,0,0,0,0
,,,,,,88,2026-02-01 08:39:11.209652,ATMN,25.72,25.72,25.94,1512600.0,1910100.0,0,0,0,0,0,0
,,,,,,88,2026-02-01 08:39:11.209652,WNTR,24.95,24.95,25.12,2469200.0,2321700.0,0,0,0,0,0,0
2.0,1.0,1.0,,Aggregate Position Limit,Your CRO has set the aggregate position limit to 14000 shares for this week.,89,2026-02-01 08:39:12.241684,SPNG,26.45,26.26,26.45,2072400.0,2117200.0,0,0,0,0,0,0
1.0,1.0,1.0,,Welcome to the RITC 2026 Alogithmic Market Making Case - practice server,,89,2026-02-01 08:39:12.241684,SMMR,24.91,24.72,24.91,2084500.0,2244300.0,0,0,0,0,0,0
,,,,,,89,2026-02-01 08:39:12.241684,ATMN,25.72,25.86,25.94,1736900.0,1941000.0,0,0,0,0,0,0
,,,,,,89,2026-02-01 08:39:12.241684,WNTR,24.86,24.8,24.81,2458100.0,2363300.0,0,0,0,0,0,0
2.0,1.0,1.0,,Aggregate Position Limit,Your CRO has set the aggregate position limit to 14000 shares for this week.,90,2026-02-01 08:39:13.263531,SPNG,25.86,25.79,25.86,2093000.0,2136800.0,0,0,0,0,0,0
1.0,1.0,1.0,,Welcome to the RITC 2026 Alogithmic Market Making Case - practice server,,90,2026-02-01 08:39:13.263531,SMMR,24.61,24.61,24.91,1868600.0,2251400.0,0,0,0,0,0,0
,,,,,,90,2026-02-01 08:39:13.263531,ATMN,25.86,25.86,25.94,1956100.0,1941000.0,0,0,0,0,0,0
,,,,,,90,2026-02-01 08:39:13.263531,WNTR,25.14,24.95,25.14,2466600.0,2283300.0,0,0,0,0,0,0
2.0,1.0,1.0,,Aggregate Position Limit,Your CRO has set the aggregate position limit to 14000 shares for this week.,91,2026-02-01 08:39:14.293791,SPNG,25.71,25.71,26.38,2093800.0,2110800.0,0,0,0,0,0,0
1.0,1.0,1.0,,Welcome to the RITC 2026 Alogithmic Market Making Case - practice server,,91,2026-02-01 08:39:14.293791,SMMR,24.71,24.84,24.91,2153000.0,2251400.0,0,0,0,0,0,0
,,,,,,91,2026-02-01 08:39:14.293791,ATMN,26.03,26.01,26.03,2066700.0,1916000.0,0,0,0,0,0,0
,,,,,,91,2026-02-01 08:39:14.293791,WNTR,25.15,24.95,25.15,2446000.0,2238700.0,0,0,0,0,0,0
2.0,1.0,1.0,,Aggregate Position Limit,Your CRO has set the aggregate position limit to 14000 shares for this week.,92,2026-02-01 08:39:15.326349,SPNG,25.57,25.87,26.38,2123500.0,2110800.0,0,0,0,0,0,0
1.0,1.0,1.0,,Welcome to the RITC 2026 Alogithmic Market Making Case - practice server,,92,2026-02-01 08:39:15.326349,SMMR,24.84,24.69,24.75,2061000.0,2287900.0,0,0,0,0,0,0
,,,,,,92,2026-02-01 08:39:15.326349,ATMN,25.86,25.86,26.03,1930100.0,1916600.0,0,0,0,0,0,0
,,,,,,92,2026-02-01 08:39:15.326349,WNTR,25.15,24.95,25.15,2463600.0,2242700.0,0,0,0,0,0,0
2.0,1.0,1.0,,Aggregate Position Limit,Your CRO has set the aggregate position limit to 14000 shares for this week.,93,2026-02-01 08:39:16.354672,SPNG,26.04,26.26,26.38,2105300.0,2110800.0,0,0,0,0,0,0
1.0,1.0,1.0,,Welcome to the RITC 2026 Alogithmic Market Making Case - practice server,,93,2026-02-01 08:39:16.354672,SMMR,24.79,24.69,24.79,2283000.0,2269800.0,0,0,0,0,0,0
,,,,,,93,2026-02-01 08:39:16.354672,ATMN,26.1,26.0,26.1,2015700.0,1872900.0,0,0,0,0,0,0
,,,,,,93,2026-02-01 08:39:16.354672,WNTR,25.13,24.95,25.04,2463600.0,2263900.0,0,0,0,0,0,0
2.0,1.0,1.0,,Aggregate Position Limit,Your CRO has set the aggregate position limit to 14000 shares for this week.,95,2026-02-01 08:39:17.393877,SPNG,25.99,25.99,26.22,2123300.0,2120800.0,0,0,0,0,0,0
1.0,1.0,1.0,,Welcome to the RITC 2026 Alogithmic Market Making Case - practice server,,95,2026-02-01 08:39:17.393877,SMMR,24.65,24.65,24.66,2096500.0,2286900.0,0,0,0,0,0,0
,,,,,,95,2026-02-01 08:39:17.393877,ATMN,26.22,26.03,26.07,2095200.0,1874900.0,0,0,0,0,0,0
,,,,,,95,2026-02-01 08:39:17.393877,WNTR,24.95,24.95,25.04,2446000.0,2290700.0,0,0,0,0,0,0
2.0,1.0,1.0,,Aggregate Position Limit,Your CRO has set the aggregate position limit to 14000 shares for this week.,96,2026-02-01 08:39:18.451973,SPNG,25.96,26.01,26.22,2116600.0,2145900.0,0,0,0,0,0,0
1.0,1.0,1.0,,Welcome to the RITC 2026 Alogithmic Market Making Case - practice server,,96,2026-02-01 08:39:18.451973,SMMR,24.61,24.61,24.66,2304200.0,2286900.0,0,0,0,0,0,0
,,,,,,96,2026-02-01 08:39:18.451973,ATMN,26.22,26.0,26.22,2015700.0,1912200.0,0,0,0,0,0,0
,,,,,,96,2026-02-01 08:39:18.451973,WNTR,25.04,25.04,25.15,2461500.0,2261900.0,0,0,0,0,0,0
2.0,1.0,1.0,,Aggregate Position Limit,Your CRO has set the aggregate position limit to 14000 shares for this week.,97,2026-02-01 08:39:19.475230,SPNG,25.87,25.79,25.85,2145700.0,2141700.0,0,0,0,0,0,0
1.0,1.0,1.0,,Welcome to the RITC 2026 Alogithmic Market Making Case - practice server,,97,2026-02-01 08:39:19.475230,SMMR,24.66,24.61,24.66,2291600.0,2286900.0,0,0,0,0,0,0
,,,,,,97,2026-02-01 08:39:19.475230,ATMN,26.25,25.86,26.25,1930100.0,1917500.0,0,0,0,0,0,0
,,,,,,97,2026-02-01 08:39:19.475230,WNTR,25.04,25.04,25.05,2451700.0,2294000.0,0,0,0,0,0,0
2.0,1.0,1.0,,Aggregate Position Limit,Your CRO has set the aggregate position limit to 14000 shares for this week.,98,2026-02-01 08:39:20.492632,SPNG,25.85,26.13,26.22,2137000.0,2145900.0,0,0,0,0,0,0
1.0,1.0,1.0,,Welcome to the RITC 2026 Alogithmic Market Making Case - practice server,,98,2026-02-01 08:39:20.492632,SMMR,24.66,24.66,24.67,2289500.0,2258400.0,0,0,0,0,0,0
,,,,,,98,2026-02-01 08:39:20.492632,ATMN,25.8,26.06,26.09,1947300.0,1919400.0,0,0,0,0,0,0
,,,,,,98,2026-02-01 08:39:20.492632,WNTR,25.04,25.04,25.05,2451700.0,2326900.0,0,0,0,0,0,0
2.0,1.0,1.0,,Aggregate Position Limit,Your CRO has set the aggregate position limit to 14000 shares for this week.,99,2026-02-01 08:39:21.514330,SPNG,26.22,25.7,26.22,2180200.0,2145900.0,0,0,0,0,0,0
1.0,1.0,1.0,,Welcome to the RITC 2026 Alogithmic Market Making Case - practice server,,99,2026-02-01 08:39:21.514330,SMMR,24.66,24.66,24.67,2262300.0,2261000.0,0,0,0,0,0,0
,,,,,,99,2026-02-01 08:39:21.514330,ATMN,26.01,26.03,26.09,1923200.0,1915900.0,0,0,0,0,0,0
,,,,,,99,2026-02-01 08:39:21.514330,WNTR,25.04,25.04,25.05,2423400.0,2311000.0,0,0,0,0,0,0
2.0,1.0,1.0,,Aggregate Position Limit,Your CRO has set the aggregate position limit to 14000 shares for this week.,100,2026-02-01 08:39:22.538181,SPNG,25.55,25.55,26.22,2205400.0,2112400.0,0,0,0,0,0,0
1.0,1.0,1.0,,Welcome to the RITC 2026 Alogithmic Market Making Case - practice server,,100,2026-02-01 08:39:22.538181,SMMR,24.65,24.65,24.67,2260000.0,2261500.0,0,0,0,0,0,0
,,,,,,100,2026-02-01 08:39:22.538181,ATMN,26.03,25.8,25.88,2063100.0,1901100.0,0,0,0,0,0,0
,,,,,,100,2026-02-01 08:39:22.538181,WNTR,25.05,25.04,25.05,2399700.0,2311000.0,0,0,0,0,0,0
2.0,1.0,1.0,,Aggregate Position Limit,Your CRO has set the aggregate position limit to 14000 shares for this week.,101,2026-02-01 08:39:23.560976,SPNG,26.15,26.15,26.22,2190200.0,2112400.0,0,0,0,0,0,0
1.0,1.0,1.0,,Welcome to the RITC 2026 Alogithmic Market Making Case - practice server,,101,2026-02-01 08:39:23.560976,SMMR,24.79,24.65,24.69,2260000.0,2291600.0,0,0,0,0,0,0
,,,,,,101,2026-02-01 08:39:23.560976,ATMN,25.88,26.01,26.09,2173500.0,1905300.0,0,0,0,0,0,0
,,,,,,101,2026-02-01 08:39:23.560976,WNTR,25.0,25.0,25.05,2392000.0,2317900.0,0,0,0,0,0,0
2.0,1.0,1.0,,Aggregate Position Limit,Your CRO has set the aggregate position limit to 14000 shares for this week.,102,2026-02-01 08:39:24.588744,SPNG,25.99,25.48,25.53,2228300.0,2116300.0,0,0,0,0,0,0
1.0,1.0,1.0,,Welcome to the RITC 2026 Alogithmic Market Making Case - practice server,,102,2026-02-01 08:39:24.588744,SMMR,24.69,24.61,24.69,2291600.0,2291600.0,0,0,0,0,0,0
,,,,,,102,2026-02-01 08:39:24.588744,ATMN,25.8,25.8,26.09,2063100.0,1955000.0,0,0,0,0,0,0
,,,,,,102,2026-02-01 08:39:24.588744,WNTR,25.05,25.0,25.05,2404400.0,2297400.0,0,0,0,0,0,0
2.0,1.0,1.0,,Aggregate Position Limit,Your CRO has set the aggregate position limit to 14000 shares for this week.,103,2026-02-01 08:39:25.622366,SPNG,25.46,25.46,26.22,2242900.0,2112400.0,0,0,0,0,0,0
1.0,1.0,1.0,,Welcome to the RITC 2026 Alogithmic Market Making Case - practice server,,103,2026-02-01 08:39:25.622366,SMMR,24.62,24.61,24.62,2286000.0,2303900.0,0,0,0,0,0,0
,,,,,,103,2026-02-01 08:39:25.622366,ATMN,25.8,25.8,26.09,2101200.0,1955000.0,0,0,0,0,0,0
,,,,,,103,2026-02-01 08:39:25.622366,WNTR,24.93,24.93,25.05,2389300.0,2329700.0,0,0,0,0,0,0
2.0,1.0,1.0,,Aggregate Position Limit,Your CRO has set the aggregate position limit to 14000 shares for this week.,104,2026-02-01 08:39:26.647594,SPNG,26.45,26.22,26.45,2226200.0,2143300.0,0,0,0,0,0,0
1.0,1.0,1.0,,Welcome to the RITC 2026 Alogithmic Market Making Case - practice server,,104,2026-02-01 08:39:26.647594,SMMR,24.62,24.68,24.69,2278200.0,2282400.0,0,0,0,0,0,0
,,,,,,104,2026-02-01 08:39:26.647594,ATMN,25.99,25.8,25.97,2080300.0,1969800.0,0,0,0,0,0,0
,,,,,,104,2026-02-01 08:39:26.647594,WNTR,25.02,24.93,25.02,2389300.0,2355400.0,0,0,0,0,0,0
2.0,1.0,1.0,,Aggregate Position Limit,Your CRO has set the aggregate position limit to 14000 shares for this week.,105,2026-02-01 08:39:27.677656,SPNG,25.69,25.83,26.45,2244600.0,2143800.0,0,0,0,0,0,0
1.0,1.0,1.0,,Welcome to the RITC 2026 Alogithmic Market Making Case - practice server,,105,2026-02-01 08:39:27.677656,SMMR,24.62,24.68,24.69,2276600.0,2275600.0,0,0,0,0,0,0
,,,,,,105,2026-02-01 08:39:27.677656,ATMN,25.78,25.78,26.13,2054000.0,1929900.0,0,0,0,0,0,0
,,,,,,105,2026-02-01 08:39:27.677656,WNTR,25.09,24.93,25.09,2364500.0,2336900.0,0,0,0,0,0,0
2.0,1.0,1.0,,Aggregate Position Limit,Your CRO has set the aggregate position limit to 14000 shares for this week.,106,2026-02-01 08:39:28.698440,SPNG,25.33,25.33,25.43,2356000.0,2137700.0,0,0,0,0,0,0
1.0,1.0,1.0,,Welcome to the RITC 2026 Alogithmic Market Making Case - practice server,,106,2026-02-01 08:39:28.698440,SMMR,24.73,24.68,24.73,2294700.0,2285500.0,0,0,0,0,0,0
,,,,,,106,2026-02-01 08:39:28.698440,ATMN,26.25,26.25,26.27,2043700.0,1951500.0,0,0,0,0,0,0
,,,,,,106,2026-02-01 08:39:28.698440,WNTR,25.06,25.06,25.09,2394500.0,2336900.0,0,0,0,0,0,0
2.0,1.0,1.0,,Aggregate Position Limit,Your CRO has set the aggregate position limit to 14000 shares for this week.,107,2026-02-01 08:39:29.735045,SPNG,25.33,25.37,25.43,2234800.0,2137700.0,0,0,0,0,0,0
1.0,1.0,1.0,,Welcome to the RITC 2026 Alogithmic Market Making Case - practice server,,107,2026-02-01 08:39:29.735045,SMMR,24.73,24.68,24.73,2275000.0,2267800.0,0,0,0,0,0,0
,,,,,,107,2026-02-01 08:39:29.735045,ATMN,25.76,25.76,26.02,2078700.0,1957200.0,0,0,0,0,0,0
,,,,,,107,2026-02-01 08:39:29.735045,WNTR,25.06,25.06,25.07,2368500.0,2371700.0,0,0,0,0,0,0
2.0,1.0,1.0,,Aggregate Position Limit,Your CRO has set the aggregate position limit to 14000 shares for this week.,108,2026-02-01 08:39:30.769857,SPNG,25.43,26.03,26.45,2174000.0,2143800.0,0,0,0,0,0,0
1.0,1.0,1.0,,Welcome to the RITC 2026 Alogithmic Market Making Case - practice server,,108,2026-02-01 08:39:30.769857,SMMR,24.66,24.66,24.73,2250800.0,2267800.0,0,0,0,0,0,0
,,,,,,108,2026-02-01 08:39:30.769857,ATMN,26.01,25.86,26.01,2036100.0,1956400.0,0,0,0,0,0,0
,,,,,,108,2026-02-01 08:39:30.769857,WNTR,25.09,25.06,25.09,2368500.0,2329400.0,0,0,0,0,0,0
2.0,1.0,1.0,,Aggregate Position Limit,Your CRO has set the aggregate position limit to 14000 shares for this week.,109,2026-02-01 08:39:31.805411,SPNG,25.37,25.37,26.45,2202300.0,2129600.0,0,0,0,0,0,0
1.0,1.0,1.0,,Welcome to the RITC 2026 Alogithmic Market Making Case - practice server,,109,2026-02-01 08:39:31.805411,SMMR,24.66,24.66,24.73,2237800.0,2270400.0,0,0,0,0,0,0
,,,,,,109,2026-02-01 08:39:31.805411,ATMN,26.01,25.86,26.01,2014000.0,1968100.0,0,0,0,0,0,0
,,,,,,109,2026-02-01 08:39:31.805411,WNTR,25.02,24.93,24.97,2396200.0,2392800.0,0,0,0,0,0,0
2.0,1.0,1.0,,Aggregate Position Limit,Your CRO has set the aggregate position limit to 14000 shares for this week.,110,2026-02-01 08:39:32.835747,SPNG,26.46,25.37,26.46,2188700.0,2123400.0,0,0,0,0,0,0
1.0,1.0,1.0,,Welcome to the RITC 2026 Alogithmic Market Making Case - practice server,,110,2026-02-01 08:39:32.835747,SMMR,24.58,24.58,24.74,2278800.0,2279500.0,0,0,0,0,0,0
,,,,,,110,2026-02-01 08:39:32.835747,ATMN,26.27,25.92,26.27,2013000.0,1952400.0,0,0,0,0,0,0
,,,,,,110,2026-02-01 08:39:32.835747,WNTR,25.14,24.96,25.14,2362900.0,2329900.0,0,0,0,0,0,0
2.0,1.0,1.0,,Aggregate Position Limit,Your CRO has set the aggregate position limit to 14000 shares for this week.,111,2026-02-01 08:39:33.857503,SPNG,26.37,25.37,26.04,2188700.0,2124400.0,0,0,0,0,0,0
1.0,1.0,1.0,,Welcome to the RITC 2026 Alogithmic Market Making Case - practice server,,111,2026-02-01 08:39:33.857503,SMMR,24.65,24.65,24.68,2283600.0,2252500.0,0,0,0,0,0,0
,,,,,,111,2026-02-01 08:39:33.857503,ATMN,25.76,25.76,25.91,2043700.0,1964800.0,0,0,0,0,0,0
,,,,,,111,2026-02-01 08:39:33.857503,WNTR,25.15,24.97,25.15,2309600.0,2350100.0,0,0,0,0,0,0
2.0,1.0,1.0,,Aggregate Position Limit,Your CRO has set the aggregate position limit to 14000 shares for this week.,112,2026-02-01 08:39:34.900495,SPNG,26.25,25.37,25.88,2188700.0,2097200.0,0,0,0,0,0,0
1.0,1.0,1.0,,Welcome to the RITC 2026 Alogithmic Market Making Case - practice server,,112,2026-02-01 08:39:34.900495,SMMR,24.74,24.65,24.74,2291000.0,2279500.0,0,0,0,0,0,0
,,,,,,112,2026-02-01 08:39:34.900495,ATMN,26.27,25.76,26.27,2059600.0,1943500.0,0,0,0,0,0,0
,,,,,,112,2026-02-01 08:39:34.900495,WNTR,25.0,24.97,25.0,2315100.0,2367200.0,0,0,0,0,0,0
2.0,1.0,1.0,,Aggregate Position Limit,Your CRO has set the aggregate position limit to 14000 shares for this week.,113,2026-02-01 08:39:35.957941,SPNG,25.34,25.34,26.04,2173200.0,2093000.0,0,0,0,0,0,0
1.0,1.0,1.0,,Welcome to the RITC 2026 Alogithmic Market Making Case - practice server,,113,2026-02-01 08:39:35.957941,SMMR,24.65,24.65,24.75,2285600.0,2278600.0,0,0,0,0,0,0
,,,,,,113,2026-02-01 08:39:35.957941,ATMN,26.04,25.76,25.91,2059600.0,1930200.0,0,0,0,0,0,0
,,,,,,113,2026-02-01 08:39:35.957941,WNTR,25.16,24.97,25.16,2289300.0,2339400.0,0,0,0,0,0,0
2.0,1.0,1.0,,Aggregate Position Limit,Your CRO has set the aggregate position limit to 14000 shares for this week.,114,2026-02-01 08:39:36.990706,SPNG,25.34,25.87,26.04,2198300.0,2095900.0,0,0,0,0,0,0
1.0,1.0,1.0,,Welcome to the RITC 2026 Alogithmic Market Making Case - practice server,,114,2026-02-01 08:39:36.990706,SMMR,24.65,24.65,24.76,2285600.0,2289700.0,0,0,0,0,0,0
,,,,,,114,2026-02-01 08:39:36.990706,ATMN,25.76,25.76,26.25,2039100.0,1934800.0,0,0,0,0,0,0
,,,,,,114,2026-02-01 08:39:36.990706,WNTR,24.97,25.12,25.16,2321600.0,2339400.0,0,0,0,0,0,0
2.0,1.0,1.0,,Aggregate Position Limit,Your CRO has set the aggregate position limit to 14000 shares for this week.,115,2026-02-01 08:39:38.026517,SPNG,26.19,25.61,25.86,2163800.0,2117600.0,0,0,0,0,0,0
1.0,1.0,1.0,,Welcome to the RITC 2026 Alogithmic Market Making Case - practice server,,115,2026-02-01 08:39:38.026517,SMMR,24.77,24.6,24.77,2283100.0,2313200.0,0,0,0,0,0,0
,,,,,,115,2026-02-01 08:39:38.026517,ATMN,26.27,26.2,26.27,2067000.0,1923900.0,0,0,0,0,0,0
,,,,,,115,2026-02-01 08:39:38.026517,WNTR,25.12,25.12,25.16,2350600.0,2339400.0,0,0,0,0,0,0
2.0,1.0,1.0,,Aggregate Position Limit,Your CRO has set the aggregate position limit to 14000 shares for this week.,116,2026-02-01 08:39:39.055013,SPNG,25.86,25.74,25.86,2155400.0,2117600.0,0,0,0,0,0,0
1.0,1.0,1.0,,Welcome to the RITC 2026 Alogithmic Market Making Case - practice server,,116,2026-02-01 08:39:39.055013,SMMR,24.75,24.75,24.77,2287100.0,2313200.0,0,0,0,0,0,0
,,,,,,116,2026-02-01 08:39:39.055013,ATMN,26.2,26.2,26.27,2067000.0,1930400.0,0,0,0,0,0,0
,,,,,,116,2026-02-01 08:39:39.055013,WNTR,25.04,25.06,25.16,2335400.0,2350900.0,0,0,0,0,0,0
2.0,1.0,1.0,,Aggregate Position Limit,Your CRO has set the aggregate position limit to 14000 shares for this week.,117,2026-02-01 08:39:40.087478,SPNG,25.74,25.61,25.71,2176100.0,2161700.0,0,0,0,0,0,0
1.0,1.0,1.0,,Welcome to the RITC 2026 Alogithmic Market Making Case - practice server,,117,2026-02-01 08:39:40.087478,SMMR,24.75,24.75,24.77,2287100.0,2292600.0,0,0,0,0,0,0
,,,,,,117,2026-02-01 08:39:40.087478,ATMN,26.2,25.76,25.84,2039100.0,1903600.0,0,0,0,0,0,0
,,,,,,117,2026-02-01 08:39:40.087478,WNTR,25.19,25.06,25.19,2319300.0,2326700.0,0,0,0,0,0,0
2.0,1.0,1.0,,Aggregate Position Limit,Your CRO has set the aggregate position limit to 14000 shares for this week.,118,2026-02-01 08:39:41.114576,SPNG,25.98,25.98,26.32,2142100.0,2128900.0,0,0,0,0,0,0
1.0,1.0,1.0,,Welcome to the RITC 2026 Alogithmic Market Making Case - practice server,,118,2026-02-01 08:39:41.114576,SMMR,24.75,24.65,24.68,2287400.0,2292200.0,0,0,0,0,0,0
,,,,,,118,2026-02-01 08:39:41.114576,ATMN,25.76,25.76,25.84,2054300.0,1903600.0,0,0,0,0,0,0
,,,,,,118,2026-02-01 08:39:41.114576,WNTR,25.2,25.08,25.2,2314600.0,2295000.0,0,0,0,0,0,0
2.0,1.0,1.0,,Aggregate Position Limit,Your CRO has set the aggregate position limit to 14000 shares for this week.,119,2026-02-01 08:39:42.138087,SPNG,25.61,25.61,26.32,2176100.0,2155900.0,0,0,0,0,0,0
1.0,1.0,1.0,,Welcome to the RITC 2026 Alogithmic Market Making Case - practice server,,119,2026-02-01 08:39:42.138087,SMMR,24.75,24.65,24.67,2295400.0,2274800.0,0,0,0,0,0,0
,,,,,,119,2026-02-01 08:39:42.138087,ATMN,25.76,25.76,25.84,2028600.0,1903600.0,0,0,0,0,0,0
,,,,,,119,2026-02-01 08:39:42.138087,WNTR,25.12,25.18,25.2,2335900.0,2295000.0,0,0,0,0,0,0
2.0,1.0,1.0,,Aggregate Position Limit,Your CRO has set the aggregate position limit to 14000 shares for this week.,120,2026-02-01 08:39:43.158215,SPNG,25.61,23.26,24.24,999400.0,865000.0,0,0,0,0,0,0
1.0,1.0,1.0,,Welcome to the RITC 2026 Alogithmic Market Making Case - practice server,,120,2026-02-01 08:39:43.158215,SMMR,24.75,24.36,24.68,924500.0,886600.0,0,0,0,0,0,0
,,,,,,120,2026-02-01 08:39:43.158215,ATMN,26.71,26.71,26.78,820000.0,702800.0,0,0,0,0,0,0
,,,,,,120,2026-02-01 08:39:43.158215,WNTR,25.12,24.6,24.82,915100.0,1020200.0,0,0,0,0,0,0
2.0,1.0,1.0,,Aggregate Position Limit,Your CRO has set the aggregate position limit to 14000 shares for this week.,121,2026-02-01 08:39:44.187783,SPNG,25.61,23.26,23.86,999400.0,1353000.0,0,0,0,0,0,0
1.0,1.0,1.0,,Welcome to the RITC 2026 Alogithmic Market Making Case - practice server,,121,2026-02-01 08:39:44.187783,SMMR,24.56,24.24,24.56,926700.0,1103100.0,0,0,0,0,0,0
,,,,,,121,2026-02-01 08:39:44.187783,ATMN,26.95,26.74,26.86,920600.0,836100.0,0,0,0,0,0,0
,,,,,,121,2026-02-01 08:39:44.187783,WNTR,24.48,24.48,24.65,904000.0,1254600.0,0,0,0,0,0,0
2.0,1.0,1.0,,Aggregate Position Limit,Your CRO has set the aggregate position limit to 14000 shares for this week.,122,2026-02-01 08:39:45.210035,SPNG,23.26,23.26,23.59,1035400.0,1591000.0,0,0,0,0,0,0
1.0,1.0,1.0,,Welcome to the RITC 2026 Alogithmic Market Making Case - practice server,,122,2026-02-01 08:39:45.210035,SMMR,24.24,24.24,24.52,962500.0,1306500.0,0,0,0,0,0,0
,,,,,,122,2026-02-01 08:39:45.210035,ATMN,26.86,26.74,26.86,920600.0,986800.0,0,0,0,0,0,0
,,,,,,122,2026-02-01 08:39:45.210035,WNTR,24.48,24.48,24.54,917000.0,1358300.0,0,0,0,0,0,0
2.0,1.0,1.0,,Aggregate Position Limit,Your CRO has set the aggregate position limit to 14000 shares for this week.,123,2026-02-01 08:39:46.233891,SPNG,23.59,23.26,23.59,1035400.0,1722600.0,0,0,0,0,0,0
1.0,1.0,1.0,,Welcome to the RITC 2026 Alogithmic Market Making Case - practice server,,123,2026-02-01 08:39:46.233891,SMMR,24.11,24.31,24.52,1095400.0,1483000.0,0,0,0,0,0,0
,,,,,,123,2026-02-01 08:39:46.233891,ATMN,26.95,26.74,26.95,920600.0,879200.0,0,0,0,0,0,0
,,,,,,123,2026-02-01 08:39:46.233891,WNTR,24.48,24.09,24.37,1180000.0,1482300.0,0,0,0,0,0,0
2.0,1.0,1.0,,Aggregate Position Limit,Your CRO has set the aggregate position limit to 14000 shares for this week.,124,2026-02-01 08:39:47.258083,SPNG,23.63,21.59,23.63,1120100.0,1713000.0,0,0,0,0,0,0
1.0,1.0,1.0,,Welcome to the RITC 2026 Alogithmic Market Making Case - practice server,,124,2026-02-01 08:39:47.258083,SMMR,24.31,24.31,24.45,1095400.0,1665800.0,0,0,0,0,0,0
,,,,,,124,2026-02-01 08:39:47.258083,ATMN,26.71,26.71,26.77,906600.0,989700.0,0,0,0,0,0,0
,,,,,,124,2026-02-01 08:39:47.258083,WNTR,24.37,24.51,24.54,1420700.0,1474200.0,0,0,0,0,0,0
2.0,1.0,1.0,,Aggregate Position Limit,Your CRO has set the aggregate position limit to 14000 shares for this week.,125,2026-02-01 08:39:48.279977,SPNG,23.63,22.87,23.63,1565400.0,1713000.0,0,0,0,0,0,0
1.0,1.0,1.0,,Welcome to the RITC 2026 Alogithmic Market Making Case - practice server,,125,2026-02-01 08:39:48.279977,SMMR,24.45,24.44,24.45,1068300.0,1665800.0,0,0,0,0,0,0
,,,,,,125,2026-02-01 08:39:48.279977,ATMN,26.71,26.73,26.77,1118800.0,1080700.0,0,0,0,0,0,0
,,,,,,125,2026-02-01 08:39:48.279977,WNTR,24.47,24.47,24.54,1422900.0,1599100.0,0,0,0,0,0,0
2.0,1.0,1.0,,Aggregate Position Limit,Your CRO has set the aggregate position limit to 14000 shares for this week.,126,2026-02-01 08:39:49.317963,SPNG,23.11,23.11,23.33,1690400.0,1840800.0,0,0,0,0,0,0
1.0,1.0,1.0,,Welcome to the RITC 2026 Alogithmic Market Making Case - practice server,,126,2026-02-01 08:39:49.317963,SMMR,24.44,24.11,24.4,961300.0,1908800.0,0,0,0,0,0,0
,,,,,,126,2026-02-01 08:39:49.317963,ATMN,26.77,26.73,26.77,1118800.0,1365500.0,0,0,0,0,0,0
,,,,,,126,2026-02-01 08:39:49.317963,WNTR,24.47,24.47,24.5,1542000.0,1858500.0,0,0,0,0,0,0
2.0,1.0,1.0,,Aggregate Position Limit,Your CRO has set the aggregate position limit to 14000 shares for this week.,127,2026-02-01 08:39:50.340343,SPNG,23.11,23.11,23.33,2035300.0,1961300.0,0,0,0,0,0,0
1.0,1.0,1.0,,Welcome to the RITC 2026 Alogithmic Market Making Case - practice server,,127,2026-02-01 08:39:50.340343,SMMR,24.32,24.38,24.4,1089500.0,2016500.0,0,0,0,0,0,0
,,,,,,127,2026-02-01 08:39:50.340343,ATMN,26.77,26.73,26.77,1413800.0,1365500.0,0,0,0,0,0,0
,,,,,,127,2026-02-01 08:39:50.340343,WNTR,24.5,24.41,24.5,1420000.0,1955300.0,0,0,0,0,0,0
2.0,1.0,1.0,,Aggregate Position Limit,Your CRO has set the aggregate position limit to 14000 shares for this week.,128,2026-02-01 08:39:51.377198,SPNG,22.83,23.28,23.33,2005800.0,1961300.0,0,0,0,0,0,0
1.0,1.0,1.0,,Welcome to the RITC 2026 Alogithmic Market Making Case - practice server,,128,2026-02-01 08:39:51.377198,SMMR,24.04,24.0,24.04,1068800.0,2145400.0,0,0,0,0,0,0
,,,,,,128,2026-02-01 08:39:51.377198,ATMN,26.91,26.84,26.85,1604300.0,1358100.0,0,0,0,0,0,0
,,,,,,128,2026-02-01 08:39:51.377198,WNTR,24.33,24.33,24.5,1441800.0,2094600.0,0,0,0,0,0,0
2.0,1.0,1.0,,Aggregate Position Limit,Your CRO has set the aggregate position limit to 14000 shares for this week.,129,2026-02-01 08:39:52.403618,SPNG,23.37,22.83,23.37,1909300.0,2070700.0,0,0,0,0,0,0
1.0,1.0,1.0,,Welcome to the RITC 2026 Alogithmic Market Making Case - practice server,,129,2026-02-01 08:39:52.403618,SMMR,24.04,24.14,24.36,1330500.0,2144300.0,0,0,0,0,0,0
,,,,,,129,2026-02-01 08:39:52.403618,ATMN,26.73,26.73,26.85,1598200.0,1445500.0,0,0,0,0,0,0
,,,,,,129,2026-02-01 08:39:52.403618,WNTR,24.4,24.42,24.49,1691200.0,2225200.0,0,0,0,0,0,0
2.0,1.0,1.0,,Aggregate Position Limit,Your CRO has set the aggregate position limit to 14000 shares for this week.,130,2026-02-01 08:39:53.440697,SPNG,23.35,22.83,22.86,2017900.0,2179600.0,0,0,0,0,0,0
1.0,1.0,1.0,,Welcome to the RITC 2026 Alogithmic Market Making Case - practice server,,130,2026-02-01 08:39:53.440697,SMMR,24.36,24.14,24.36,1330500.0,2169100.0,0,0,0,0,0,0
,,,,,,130,2026-02-01 08:39:53.440697,ATMN,26.91,26.73,26.91,1598200.0,1310700.0,0,0,0,0,0,0
,,,,,,130,2026-02-01 08:39:53.440697,WNTR,24.12,24.12,24.49,1425700.0,2225200.0,0,0,0,0,0,0
2.0,1.0,1.0,,Aggregate Position Limit,Your CRO has set the aggregate position limit to 14000 shares for this week.,131,2026-02-01 08:39:54.473754,SPNG,23.69,23.08,23.69,2428200.0,1818600.0,0,0,0,0,0,0
1.0,1.0,1.0,,Welcome to the RITC 2026 Alogithmic Market Making Case - practice server,,131,2026-02-01 08:39:54.473754,SMMR,24.36,24.21,24.34,1552000.0,2185400.0,0,0,0,0,0,0
,,,,,,131,2026-02-01 08:39:54.473754,ATMN,26.71,26.88,26.91,1584200.0,1476700.0,0,0,0,0,0,0
,,,,,,131,2026-02-01 08:39:54.473754,WNTR,24.49,24.48,24.49,1661100.0,2225200.0,0,0,0,0,0,0
2.0,1.0,1.0,,Aggregate Position Limit,Your CRO has set the aggregate position limit to 14000 shares for this week.,132,2026-02-01 08:39:55.516804,SPNG,23.24,23.36,23.69,2563200.0,1818600.0,0,0,0,0,0,0
1.0,1.0,1.0,,Welcome to the RITC 2026 Alogithmic Market Making Case - practice server,,132,2026-02-01 08:39:55.516804,SMMR,24.34,24.21,24.34,1660200.0,2225700.0,0,0,0,0,0,0
,,,,,,132,2026-02-01 08:39:55.516804,ATMN,26.88,26.71,26.86,1599500.0,1641400.0,0,0,0,0,0,0
,,,,,,132,2026-02-01 08:39:55.516804,WNTR,24.48,24.12,24.2,1677800.0,2365900.0,0,0,0,0,0,0
2.0,1.0,1.0,,Aggregate Position Limit,Your CRO has set the aggregate position limit to 14000 shares for this week.,133,2026-02-01 08:39:56.544285,SPNG,23.33,23.08,23.33,2428200.0,2030500.0,0,0,0,0,0,0
1.0,1.0,1.0,,Welcome to the RITC 2026 Alogithmic Market Making Case - practice server,,133,2026-02-01 08:39:56.544285,SMMR,24.23,24.21,24.23,1762300.0,2195600.0,0,0,0,0,0,0
,,,,,,133,2026-02-01 08:39:56.544285,ATMN,26.71,26.71,26.86,1599500.0,1755000.0,0,0,0,0,0,0
,,,,,,133,2026-02-01 08:39:56.544285,WNTR,24.2,24.25,24.49,2146000.0,2225200.0,0,0,0,0,0,0
2.0,1.0,1.0,,Aggregate Position Limit,Your CRO has set the aggregate position limit to 14000 shares for this week.,134,2026-02-01 08:39:57.590245,SPNG,23.08,23.08,23.62,2428200.0,1918800.0,0,0,0,0,0,0
1.0,1.0,1.0,,Welcome to the RITC 2026 Alogithmic Market Making Case - practice server,,134,2026-02-01 08:39:57.590245,SMMR,24.35,24.23,24.35,1861500.0,2189200.0,0,0,0,0,0,0
,,,,,,134,2026-02-01 08:39:57.590245,ATMN,26.86,26.86,26.91,1589000.0,1754500.0,0,0,0,0,0,0
,,,,,,134,2026-02-01 08:39:57.590245,WNTR,24.2,24.28,24.46,2284400.0,2351000.0,0,0,0,0,0,0
2.0,1.0,1.0,,Aggregate Position Limit,Your CRO has set the aggregate position limit to 14000 shares for this week.,135,2026-02-01 08:39:58.628962,SPNG,23.08,23.08,23.62,2428200.0,2161200.0,0,0,0,0,0,0
1.0,1.0,1.0,,Welcome to the RITC 2026 Alogithmic Market Making Case - practice server,,135,2026-02-01 08:39:58.628962,SMMR,24.35,24.23,24.28,1861500.0,2238500.0,0,0,0,0,0,0
,,,,,,135,2026-02-01 08:39:58.628962,ATMN,26.86,26.64,26.74,1718800.0,1750400.0,0,0,0,0,0,0
,,,,,,135,2026-02-01 08:39:58.628962,WNTR,24.46,24.34,24.46,2393800.0,2366700.0,0,0,0,0,0,0
2.0,1.0,1.0,,Aggregate Position Limit,Your CRO has set the aggregate position limit to 14000 shares for this week.,137,2026-02-01 08:39:59.677984,SPNG,23.08,23.08,23.62,2524100.0,2208100.0,0,0,0,0,0,0
1.0,1.0,1.0,,Welcome to the RITC 2026 Alogithmic Market Making Case - practice server,,137,2026-02-01 08:39:59.677984,SMMR,24.21,24.21,24.28,1762300.0,2282300.0,0,0,0,0,0,0
,,,,,,137,2026-02-01 08:39:59.677984,ATMN,26.57,26.57,26.69,1619600.0,1752500.0,0,0,0,0,0,0
,,,,,,137,2026-02-01 08:39:59.677984,WNTR,24.46,24.34,24.46,2393000.0,2332800.0,0,0,0,0,0,0
2.0,1.0,1.0,,Aggregate Position Limit,Your CRO has set the aggregate position limit to 14000 shares for this week.,138,2026-02-01 08:40:00.726650,SPNG,23.58,23.31,23.58,2447800.0,2242600.0,0,0,0,0,0,0
1.0,1.0,1.0,,Welcome to the RITC 2026 Alogithmic Market Making Case - practice server,,138,2026-02-01 08:40:00.726650,SMMR,24.16,24.16,24.28,1652400.0,2266200.0,0,0,0,0,0,0
,,,,,,138,2026-02-01 08:40:00.726650,ATMN,26.49,26.49,26.69,1639400.0,1728100.0,0,0,0,0,0,0
,,,,,,138,2026-02-01 08:40:00.726650,WNTR,24.34,24.34,24.47,2396200.0,2319500.0,0,0,0,0,0,0
2.0,1.0,1.0,,Aggregate Position Limit,Your CRO has set the aggregate position limit to 14000 shares for this week.,139,2026-02-01 08:40:01.761508,SPNG,23.58,23.31,23.58,2447800.0,2326700.0,0,0,0,0,0,0
1.0,1.0,1.0,,Welcome to the RITC 2026 Alogithmic Market Making Case - practice server,,139,2026-02-01 08:40:01.761508,SMMR,24.14,24.14,24.25,1643500.0,2291000.0,0,0,0,0,0,0
,,,,,,139,2026-02-01 08:40:01.761508,ATMN,26.26,26.26,26.74,1517500.0,1754000.0,0,0,0,0,0,0
,,,,,,139,2026-02-01 08:40:01.761508,WNTR,24.53,24.34,24.53,2396200.0,2191200.0,0,0,0,0,0,0
2.0,1.0,1.0,,Aggregate Position Limit,Your CRO has set the aggregate position limit to 14000 shares for this week.,140,2026-02-01 08:40:02.793514,SPNG,23.31,23.08,23.26,2524100.0,2329400.0,0,0,0,0,0,0
1.0,1.0,1.0,,Welcome to the RITC 2026 Alogithmic Market Making Case - practice server,,140,2026-02-01 08:40:02.793514,SMMR,24.28,24.18,24.28,1843400.0,2266200.0,0,0,0,0,0,0
,,,,,,140,2026-02-01 08:40:02.793514,ATMN,26.26,26.63,26.74,1699300.0,1754000.0,0,0,0,0,0,0
,,,,,,140,2026-02-01 08:40:02.793514,WNTR,24.53,24.43,24.44,2364600.0,2300300.0,0,0,0,0,0,0
2.0,1.0,1.0,,Aggregate Position Limit,Your CRO has set the aggregate position limit to 14000 shares for this week.,141,2026-02-01 08:40:03.833938,SPNG,23.31,23.08,23.31,2468700.0,2319900.0,0,0,0,0,0,0
1.0,1.0,1.0,,Welcome to the RITC 2026 Alogithmic Market Making Case - practice server,,141,2026-02-01 08:40:03.833938,SMMR,24.34,24.18,24.34,1843400.0,2261300.0,0,0,0,0,0,0
,,,,,,141,2026-02-01 08:40:03.833938,ATMN,26.26,26.63,26.74,1699300.0,1753800.0,0,0,0,0,0,0
,,,,,,141,2026-02-01 08:40:03.833938,WNTR,24.53,24.43,24.44,2348800.0,2266500.0,0,0,0,0,0,0
2.0,1.0,1.0,,Aggregate Position Limit,Your CRO has set the aggregate position limit to 14000 shares for this week.,142,2026-02-01 08:40:04.892394,SPNG,23.62,23.08,23.4,2468700.0,2347500.0,0,0,0,0,0,0
1.0,1.0,1.0,,Welcome to the RITC 2026 Alogithmic Market Making Case - practice server,,142,2026-02-01 08:40:04.892394,SMMR,24.14,24.14,24.22,1737800.0,2262500.0,0,0,0,0,0,0
,,,,,,142,2026-02-01 08:40:04.892394,ATMN,26.63,26.3,26.56,1617300.0,1780100.0,0,0,0,0,0,0
,,,,,,142,2026-02-01 08:40:04.892394,WNTR,24.47,24.43,24.47,2360100.0,2269700.0,0,0,0,0,0,0
2.0,1.0,1.0,,Aggregate Position Limit,Your CRO has set the aggregate position limit to 14000 shares for this week.,143,2026-02-01 08:40:05.923572,SPNG,23.08,23.08,23.4,2468700.0,2332600.0,0,0,0,0,0,0
1.0,1.0,1.0,,Welcome to the RITC 2026 Alogithmic Market Making Case - practice server,,143,2026-02-01 08:40:05.923572,SMMR,24.14,24.14,24.22,1957300.0,2285400.0,0,0,0,0,0,0
,,,,,,143,2026-02-01 08:40:05.923572,ATMN,26.56,26.58,26.74,1923600.0,1771400.0,0,0,0,0,0,0
,,,,,,143,2026-02-01 08:40:05.923572,WNTR,24.43,24.4,24.42,2389500.0,2275500.0,0,0,0,0,0,0
2.0,1.0,1.0,,Aggregate Position Limit,Your CRO has set the aggregate position limit to 14000 shares for this week.,144,2026-02-01 08:40:06.963685,SPNG,23.6,23.46,23.6,2384600.0,2339900.0,0,0,0,0,0,0
1.0,1.0,1.0,,Welcome to the RITC 2026 Alogithmic Market Making Case - practice server,,144,2026-02-01 08:40:06.963685,SMMR,24.14,24.21,24.22,2213200.0,2307000.0,0,0,0,0,0,0
,,,,,,144,2026-02-01 08:40:06.963685,ATMN,26.26,26.26,26.54,1711000.0,1790500.0,0,0,0,0,0,0
,,,,,,144,2026-02-01 08:40:06.963685,WNTR,24.47,24.4,24.47,2382200.0,2269700.0,0,0,0,0,0,0
2.0,1.0,1.0,,Aggregate Position Limit,Your CRO has set the aggregate position limit to 14000 shares for this week.,145,2026-02-01 08:40:08.009010,SPNG,23.08,23.08,23.26,2420800.0,2341000.0,0,0,0,0,0,0
1.0,1.0,1.0,,Welcome to the RITC 2026 Alogithmic Market Making Case - practice server,,145,2026-02-01 08:40:08.009010,SMMR,24.21,24.21,24.29,2213200.0,2287300.0,0,0,0,0,0,0
,,,,,,145,2026-02-01 08:40:08.009010,ATMN,26.24,26.24,26.52,1775700.0,1794600.0,0,0,0,0,0,0
,,,,,,145,2026-02-01 08:40:08.009010,WNTR,24.47,24.48,24.53,2375400.0,2269000.0,0,0,0,0,0,0
2.0,1.0,1.0,,Aggregate Position Limit,Your CRO has set the aggregate position limit to 14000 shares for this week.,146,2026-02-01 08:40:09.050528,SPNG,23.63,23.08,23.63,2408200.0,2343100.0,0,0,0,0,0,0
1.0,1.0,1.0,,Welcome to the RITC 2026 Alogithmic Market Making Case - practice server,,146,2026-02-01 08:40:09.050528,SMMR,24.15,24.15,24.17,2320600.0,2302100.0,0,0,0,0,0,0
,,,,,,146,2026-02-01 08:40:09.050528,ATMN,26.52,26.24,26.52,1970100.0,1794600.0,0,0,0,0,0,0
,,,,,,146,2026-02-01 08:40:09.050528,WNTR,24.47,24.47,24.53,2399400.0,2291900.0,0,0,0,0,0,0
2.0,1.0,1.0,,Aggregate Position Limit,Your CRO has set the aggregate position limit to 14000 shares for this week.,147,2026-02-01 08:40:10.096381,SPNG,23.63,23.07,23.63,2415600.0,2309700.0,0,0,0,0,0,0
1.0,1.0,1.0,,Welcome to the RITC 2026 Alogithmic Market Making Case - practice server,,147,2026-02-01 08:40:10.096381,SMMR,24.15,24.15,24.3,2190800.0,2264400.0,0,0,0,0,0,0
,,,,,,147,2026-02-01 08:40:10.096381,ATMN,26.54,26.24,26.54,1970100.0,1790500.0,0,0,0,0,0,0
,,,,,,147,2026-02-01 08:40:10.096381,WNTR,24.37,24.37,24.53,2453200.0,2291900.0,0,0,0,0,0,0
2.0,1.0,1.0,,Aggregate Position Limit,Your CRO has set the aggregate position limit to 14000 shares for this week.,148,2026-02-01 08:40:11.156955,SPNG,23.69,23.07,23.61,2415600.0,2320500.0,0,0,0,0,0,0
1.0,1.0,1.0,,Welcome to the RITC 2026 Alogithmic Market Making Case - practice server,,148,2026-02-01 08:40:11.156955,SMMR,24.15,24.15,24.29,2190800.0,2268500.0,0,0,0,0,0,0
,,,,,,148,2026-02-01 08:40:11.156955,ATMN,26.21,26.45,26.47,2043700.0,1806100.0,0,0,0,0,0,0
,,,,,,148,2026-02-01 08:40:11.156955,WNTR,24.34,24.34,24.53,2435800.0,2279700.0,0,0,0,0,0,0
2.0,1.0,1.0,,Aggregate Position Limit,Your CRO has set the aggregate position limit to 14000 shares for this week.,149,2026-02-01 08:40:12.193777,SPNG,23.23,23.07,23.23,2415600.0,2339400.0,0,0,0,0,0,0
1.0,1.0,1.0,,Welcome to the RITC 2026 Alogithmic Market Making Case - practice server,,149,2026-02-01 08:40:12.193777,SMMR,24.15,24.21,24.22,2300500.0,2282600.0,0,0,0,0,0,0
,,,,,,149,2026-02-01 08:40:12.193777,ATMN,26.45,26.46,26.47,2039800.0,1806100.0,0,0,0,0,0,0
,,,,,,149,2026-02-01 08:40:12.193777,WNTR,24.34,24.34,24.36,2455700.0,2300300.0,0,0,0,0,0,0
2.0,1.0,1.0,,Aggregate Position Limit,Your CRO has set the aggregate position limit to 14000 shares for this week.,150,2026-02-01 08:40:13.213640,SPNG,23.43,23.07,23.26,2409300.0,2356000.0,0,0,0,0,0,0
1.0,1.0,1.0,,Welcome to the RITC 2026 Alogithmic Market Making Case - practice server,,150,2026-02-01 08:40:13.213640,SMMR,24.12,24.12,24.22,2185800.0,2282600.0,0,0,0,0,0,0
,,,,,,150,2026-02-01 08:40:13.213640,ATMN,26.47,26.46,26.47,1972900.0,1806100.0,0,0,0,0,0,0
,,,,,,150,2026-02-01 08:40:13.213640,WNTR,24.34,24.34,24.36,2455700.0,2332700.0,0,0,0,0,0,0
2.0,1.0,1.0,,Aggregate Position Limit,Your CRO has set the aggregate position limit to 14000 shares for this week.,151,2026-02-01 08:40:14.243810,SPNG,23.07,23.07,23.69,2418800.0,2320400.0,0,0,0,0,0,0
1.0,1.0,1.0,,Welcome to the RITC 2026 Alogithmic Market Making Case - practice server,,151,2026-02-01 08:40:14.243810,SMMR,24.29,24.12,24.29,2258800.0,2268500.0,0,0,0,0,0,0
,,,,,,151,2026-02-01 08:40:14.243810,ATMN,26.63,26.46,26.52,1968300.0,1775900.0,0,0,0,0,0,0
,,,,,,151,2026-02-01 08:40:14.243810,WNTR,24.31,24.31,24.42,2465700.0,2355000.0,0,0,0,0,0,0
2.0,1.0,1.0,,Aggregate Position Limit,Your CRO has set the aggregate position limit to 14000 shares for this week.,152,2026-02-01 08:40:15.283733,SPNG,23.0,23.3,23.69,2408600.0,2320400.0,0,0,0,0,0,0
1.0,1.0,1.0,,Welcome to the RITC 2026 Alogithmic Market Making Case - practice server,,152,2026-02-01 08:40:15.283733,SMMR,24.29,24.16,24.29,2262400.0,2268500.0,0,0,0,0,0,0
,,,,,,152,2026-02-01 08:40:15.283733,ATMN,26.42,26.42,26.52,2009800.0,1790200.0,0,0,0,0,0,0
,,,,,,152,2026-02-01 08:40:15.283733,WNTR,24.42,24.31,24.42,2465700.0,2362800.0,0,0,0,0,0,0
2.0,1.0,1.0,,Aggregate Position Limit,Your CRO has set the aggregate position limit to 14000 shares for this week.,153,2026-02-01 08:40:16.303992,SPNG,23.3,23.3,23.57,2408600.0,2324700.0,0,0,0,0,0,0
1.0,1.0,1.0,,Welcome to the RITC 2026 Alogithmic Market Making Case - practice server,,153,2026-02-01 08:40:16.303992,SMMR,24.34,24.16,24.32,2262400.0,2228600.0,0,0,0,0,0,0
,,,,,,153,2026-02-01 08:40:16.303992,ATMN,26.22,26.22,26.5,2047600.0,1826900.0,0,0,0,0,0,0
,,,,,,153,2026-02-01 08:40:16.303992,WNTR,24.3,24.3,24.53,2454800.0,2336000.0,0,0,0,0,0,0
2.0,1.0,1.0,,Aggregate Position Limit,Your CRO has set the aggregate position limit to 14000 shares for this week.,154,2026-02-01 08:40:17.343911,SPNG,23.41,23.3,23.41,2378800.0,2293400.0,0,0,0,0,0,0
1.0,1.0,1.0,,Welcome to the RITC 2026 Alogithmic Market Making Case - practice server,,154,2026-02-01 08:40:17.343911,SMMR,24.34,24.22,24.32,2225600.0,2212200.0,0,0,0,0,0,0
,,,,,,154,2026-02-01 08:40:17.343911,ATMN,26.14,26.14,26.5,2092900.0,1826900.0,0,0,0,0,0,0
,,,,,,154,2026-02-01 08:40:17.343911,WNTR,24.34,24.34,24.53,2482000.0,2352900.0,0,0,0,0,0,0
2.0,1.0,1.0,,Aggregate Position Limit,Your CRO has set the aggregate position limit to 14000 shares for this week.,155,2026-02-01 08:40:18.370603,SPNG,23.57,23.0,23.57,2392900.0,2293700.0,0,0,0,0,0,0
1.0,1.0,1.0,,Welcome to the RITC 2026 Alogithmic Market Making Case - practice server,,155,2026-02-01 08:40:18.370603,SMMR,24.12,24.12,24.23,2261700.0,2237500.0,0,0,0,0,0,0
,,,,,,155,2026-02-01 08:40:18.370603,ATMN,26.59,26.14,26.29,2081800.0,1784400.0,0,0,0,0,0,0
,,,,,,155,2026-02-01 08:40:18.370603,WNTR,24.3,24.48,24.53,2452400.0,2333600.0,0,0,0,0,0,0
2.0,1.0,1.0,,Aggregate Position Limit,Your CRO has set the aggregate position limit to 14000 shares for this week.,156,2026-02-01 08:40:19.395020,SPNG,23.57,23.0,23.05,2357400.0,2364900.0,0,0,0,0,0,0
1.0,1.0,1.0,,Welcome to the RITC 2026 Alogithmic Market Making Case - practice server,,156,2026-02-01 08:40:19.395020,SMMR,24.12,24.21,24.23,2250200.0,2255700.0,0,0,0,0,0,0
,,,,,,156,2026-02-01 08:40:19.395020,ATMN,26.29,26.36,26.63,2045100.0,1796400.0,0,0,0,0,0,0
,,,,,,156,2026-02-01 08:40:19.395020,WNTR,24.4,24.4,24.48,2443400.0,2362700.0,0,0,0,0,0,0
2.0,1.0,1.0,,Aggregate Position Limit,Your CRO has set the aggregate position limit to 14000 shares for this week.,157,2026-02-01 08:40:20.420321,SPNG,23.05,23.0,23.05,2356900.0,2364900.0,0,0,0,0,0,0
1.0,1.0,1.0,,Welcome to the RITC 2026 Alogithmic Market Making Case - practice server,,157,2026-02-01 08:40:20.420321,SMMR,24.12,24.1,24.11,2240800.0,2285200.0,0,0,0,0,0,0
,,,,,,157,2026-02-01 08:40:20.420321,ATMN,26.36,26.36,26.63,2045100.0,1819300.0,0,0,0,0,0,0
,,,,,,157,2026-02-01 08:40:20.420321,WNTR,24.29,24.41,24.48,2458600.0,2362700.0,0,0,0,0,0,0
2.0,1.0,1.0,,Aggregate Position Limit,Your CRO has set the aggregate position limit to 14000 shares for this week.,158,2026-02-01 08:40:21.457953,SPNG,23.36,23.04,23.34,2357600.0,2364400.0,0,0,0,0,0,0
1.0,1.0,1.0,,Welcome to the RITC 2026 Alogithmic Market Making Case - practice server,,158,2026-02-01 08:40:21.457953,SMMR,24.11,24.2,24.23,2229400.0,2255700.0,0,0,0,0,0,0
,,,,,,158,2026-02-01 08:40:21.457953,ATMN,26.63,26.36,26.63,2045100.0,1819300.0,0,0,0,0,0,0
,,,,,,158,2026-02-01 08:40:21.457953,WNTR,24.48,24.41,24.48,2459600.0,2362700.0,0,0,0,0,0,0
2.0,1.0,1.0,,Aggregate Position Limit,Your CRO has set the aggregate position limit to 14000 shares for this week.,159,2026-02-01 08:40:22.487688,SPNG,23.43,23.04,23.43,2357600.0,2367400.0,0,0,0,0,0,0
1.0,1.0,1.0,,Welcome to the RITC 2026 Alogithmic Market Making Case - practice server,,159,2026-02-01 08:40:22.487688,SMMR,24.1,24.1,24.11,2206900.0,2249200.0,0,0,0,0,0,0
,,,,,,159,2026-02-01 08:40:22.487688,ATMN,26.31,26.31,26.71,2026700.0,1791600.0,0,0,0,0,0,0
,,,,,,159,2026-02-01 08:40:22.487688,WNTR,24.53,24.41,24.53,2459600.0,2318900.0,0,0,0,0,0,0
2.0,1.0,1.0,,Aggregate Position Limit,Your CRO has set the aggregate position limit to 14000 shares for this week.,160,2026-02-01 08:40:23.523718,SPNG,23.04,23.04,23.57,2382000.0,2364200.0,0,0,0,0,0,0
1.0,1.0,1.0,,Welcome to the RITC 2026 Alogithmic Market Making Case - practice server,,160,2026-02-01 08:40:23.523718,SMMR,24.15,24.1,24.15,2159400.0,2281800.0,0,0,0,0,0,0
,,,,,,160,2026-02-01 08:40:23.523718,ATMN,26.14,26.14,26.71,2029200.0,1791600.0,0,0,0,0,0,0
,,,,,,160,2026-02-01 08:40:23.523718,WNTR,24.53,24.49,24.53,2422300.0,2314300.0,0,0,0,0,0,0
2.0,1.0,1.0,,Aggregate Position Limit,Your CRO has set the aggregate position limit to 14000 shares for this week.,161,2026-02-01 08:40:24.559582,SPNG,23.7,22.98,23.7,2376000.0,2331100.0,0,0,0,0,0,0
1.0,1.0,1.0,,Welcome to the RITC 2026 Alogithmic Market Making Case - practice server,,161,2026-02-01 08:40:24.559582,SMMR,24.12,24.1,24.12,2162900.0,2268100.0,0,0,0,0,0,0
,,,,,,161,2026-02-01 08:40:24.559582,ATMN,26.4,26.14,26.4,2040300.0,1816200.0,0,0,0,0,0,0
,,,,,,161,2026-02-01 08:40:24.559582,WNTR,24.54,24.49,24.54,2422300.0,2320000.0,0,0,0,0,0,0
2.0,1.0,1.0,,Aggregate Position Limit,Your CRO has set the aggregate position limit to 14000 shares for this week.,162,2026-02-01 08:40:25.588728,SPNG,22.98,22.98,23.52,2381500.0,2346000.0,0,0,0,0,0,0
1.0,1.0,1.0,,Welcome to the RITC 2026 Alogithmic Market Making Case - practice server,,162,2026-02-01 08:40:25.588728,SMMR,24.09,24.1,24.12,2175900.0,2268100.0,0,0,0,0,0,0
,,,,,,162,2026-02-01 08:40:25.588728,ATMN,26.63,26.63,26.71,2035100.0,1791600.0,0,0,0,0,0,0
,,,,,,162,2026-02-01 08:40:25.588728,WNTR,24.41,24.41,24.53,2453500.0,2285500.0,0,0,0,0,0,0
2.0,1.0,1.0,,Aggregate Position Limit,Your CRO has set the aggregate position limit to 14000 shares for this week.,163,2026-02-01 08:40:26.623554,SPNG,23.17,23.17,23.52,2405700.0,2365300.0,0,0,0,0,0,0
1.0,1.0,1.0,,Welcome to the RITC 2026 Alogithmic Market Making Case - practice server,,163,2026-02-01 08:40:26.623554,SMMR,24.23,24.09,24.23,2186400.0,2255700.0,0,0,0,0,0,0
,,,,,,163,2026-02-01 08:40:26.623554,ATMN,26.47,26.62,26.71,2036500.0,1791600.0,0,0,0,0,0,0
,,,,,,163,2026-02-01 08:40:26.623554,WNTR,24.41,24.51,24.53,2435700.0,2323600.0,0,0,0,0,0,0
2.0,1.0,1.0,,Aggregate Position Limit,Your CRO has set the aggregate position limit to 14000 shares for this week.,164,2026-02-01 08:40:27.648479,SPNG,23.35,23.21,23.35,2399100.0,2370800.0,0,0,0,0,0,0
1.0,1.0,1.0,,Welcome to the RITC 2026 Alogithmic Market Making Case - practice server,,164,2026-02-01 08:40:27.648479,SMMR,24.32,24.09,24.14,2186400.0,2287100.0,0,0,0,0,0,0
,,,,,,164,2026-02-01 08:40:27.648479,ATMN,26.13,26.49,26.71,2038100.0,1791600.0,0,0,0,0,0,0
,,,,,,164,2026-02-01 08:40:27.648479,WNTR,24.39,24.39,24.53,2443500.0,2323600.0,0,0,0,0,0,0
2.0,1.0,1.0,,Aggregate Position Limit,Your CRO has set the aggregate position limit to 14000 shares for this week.,165,2026-02-01 08:40:28.718677,SPNG,23.21,23.21,23.35,2399100.0,2400700.0,0,0,0,0,0,0
1.0,1.0,1.0,,Welcome to the RITC 2026 Alogithmic Market Making Case - practice server,,165,2026-02-01 08:40:28.718677,SMMR,24.31,24.09,24.18,2186400.0,2218500.0,0,0,0,0,0,0
,,,,,,165,2026-02-01 08:40:28.718677,ATMN,26.62,26.13,26.62,2054200.0,1799100.0,0,0,0,0,0,0
,,,,,,165,2026-02-01 08:40:28.718677,WNTR,24.53,24.48,24.52,2442600.0,2328400.0,0,0,0,0,0,0
2.0,1.0,1.0,,Aggregate Position Limit,Your CRO has set the aggregate position limit to 14000 shares for this week.,166,2026-02-01 08:40:29.749311,SPNG,23.44,23.21,23.44,2408100.0,2371900.0,0,0,0,0,0,0
1.0,1.0,1.0,,Welcome to the RITC 2026 Alogithmic Market Making Case - practice server,,166,2026-02-01 08:40:29.749311,SMMR,24.11,24.09,24.11,2186400.0,2237800.0,0,0,0,0,0,0
,,,,,,166,2026-02-01 08:40:29.749311,ATMN,26.35,26.54,26.62,2061200.0,1799100.0,0,0,0,0,0,0
,,,,,,166,2026-02-01 08:40:29.749311,WNTR,24.48,24.48,24.52,2481700.0,2328400.0,0,0,0,0,0,0
2.0,1.0,1.0,,Aggregate Position Limit,Your CRO has set the aggregate position limit to 14000 shares for this week.,167,2026-02-01 08:40:30.787421,SPNG,22.94,22.94,23.52,2347500.0,2365300.0,0,0,0,0,0,0
1.0,1.0,1.0,,Welcome to the RITC 2026 Alogithmic Market Making Case - practice server,,167,2026-02-01 08:40:30.787421,SMMR,24.08,24.08,24.31,2173300.0,2247500.0,0,0,0,0,0,0
,,,,,,167,2026-02-01 08:40:30.787421,ATMN,26.71,26.44,26.71,2033400.0,1791600.0,0,0,0,0,0,0
,,,,,,167,2026-02-01 08:40:30.787421,WNTR,24.54,24.39,24.54,2459200.0,2348500.0,0,0,0,0,0,0
2.0,1.0,1.0,,Aggregate Position Limit,Your CRO has set the aggregate position limit to 14000 shares for this week.,168,2026-02-01 08:40:31.820479,SPNG,22.9,22.9,23.19,2334500.0,2381700.0,0,0,0,0,0,0
1.0,1.0,1.0,,Welcome to the RITC 2026 Alogithmic Market Making Case - practice server,,168,2026-02-01 08:40:31.820479,SMMR,24.34,24.08,24.34,2213800.0,2281600.0,0,0,0,0,0,0
,,,,,,168,2026-02-01 08:40:31.820479,ATMN,26.71,26.44,26.71,2033400.0,1793800.0,0,0,0,0,0,0
,,,,,,168,2026-02-01 08:40:31.820479,WNTR,24.54,24.39,24.54,2446100.0,2360500.0,0,0,0,0,0,0
2.0,1.0,1.0,,Aggregate Position Limit,Your CRO has set the aggregate position limit to 14000 shares for this week.,169,2026-02-01 08:40:32.839105,SPNG,23.19,23.46,23.7,2386700.0,2360900.0,0,0,0,0,0,0
1.0,1.0,1.0,,Welcome to the RITC 2026 Alogithmic Market Making Case - practice server,,169,2026-02-01 08:40:32.839105,SMMR,24.34,24.07,24.34,2207600.0,2281600.0,0,0,0,0,0,0
,,,,,,169,2026-02-01 08:40:32.839105,ATMN,26.71,26.44,26.71,2033400.0,1834900.0,0,0,0,0,0,0
,,,,,,169,2026-02-01 08:40:32.839105,WNTR,24.55,24.39,24.55,2462400.0,2350500.0,0,0,0,0,0,0
2.0,1.0,1.0,,Aggregate Position Limit,Your CRO has set the aggregate position limit to 14000 shares for this week.,171,2026-02-01 08:40:33.873462,SPNG,23.46,23.09,23.3,2387000.0,2371200.0,0,0,0,0,0,0
1.0,1.0,1.0,,Welcome to the RITC 2026 Alogithmic Market Making Case - practice server,,171,2026-02-01 08:40:33.873462,SMMR,24.37,24.13,24.37,2206300.0,2240400.0,0,0,0,0,0,0
,,,,,,171,2026-02-01 08:40:33.873462,ATMN,26.71,26.44,26.47,2033400.0,1804300.0,0,0,0,0,0,0
,,,,,,171,2026-02-01 08:40:33.873462,WNTR,24.31,24.31,24.55,2451300.0,2357600.0,0,0,0,0,0,0
2.0,1.0,1.0,,Aggregate Position Limit,Your CRO has set the aggregate position limit to 14000 shares for this week.,172,2026-02-01 08:40:34.910414,SPNG,23.3,23.46,23.62,2381400.0,2379100.0,0,0,0,0,0,0
1.0,1.0,1.0,,Welcome to the RITC 2026 Alogithmic Market Making Case - practice server,,172,2026-02-01 08:40:34.910414,SMMR,24.3,24.31,24.37,2211100.0,2240400.0,0,0,0,0,0,0
,,,,,,172,2026-02-01 08:40:34.910414,ATMN,26.71,26.44,26.47,2040100.0,1817500.0,0,0,0,0,0,0
,,,,,,172,2026-02-01 08:40:34.910414,WNTR,24.55,24.42,24.55,2408100.0,2329100.0,0,0,0,0,0,0
2.0,1.0,1.0,,Aggregate Position Limit,Your CRO has set the aggregate position limit to 14000 shares for this week.,173,2026-02-01 08:40:35.938336,SPNG,23.09,23.09,23.4,2387000.0,2383500.0,0,0,0,0,0,0
1.0,1.0,1.0,,Welcome to the RITC 2026 Alogithmic Market Making Case - practice server,,173,2026-02-01 08:40:35.938336,SMMR,24.37,24.07,24.37,2207600.0,2280300.0,0,0,0,0,0,0
,,,,,,173,2026-02-01 08:40:35.938336,ATMN,26.47,26.34,26.47,2059400.0,1817500.0,0,0,0,0,0,0
,,,,,,173,2026-02-01 08:40:35.938336,WNTR,24.5,24.5,24.55,2442700.0,2329100.0,0,0,0,0,0,0
2.0,1.0,1.0,,Aggregate Position Limit,Your CRO has set the aggregate position limit to 14000 shares for this week.,174,2026-02-01 08:40:36.962630,SPNG,23.4,22.9,23.4,2333000.0,2399300.0,0,0,0,0,0,0
1.0,1.0,1.0,,Welcome to the RITC 2026 Alogithmic Market Making Case - practice server,,174,2026-02-01 08:40:36.962630,SMMR,24.32,24.07,24.22,2207600.0,2292600.0,0,0,0,0,0,0
,,,,,,174,2026-02-01 08:40:36.962630,ATMN,26.34,26.34,26.46,2045600.0,1837000.0,0,0,0,0,0,0
,,,,,,174,2026-02-01 08:40:36.962630,WNTR,24.5,24.51,24.55,2486500.0,2357400.0,0,0,0,0,0,0
2.0,1.0,1.0,,Aggregate Position Limit,Your CRO has set the aggregate position limit to 14000 shares for this week.,175,2026-02-01 08:40:37.992129,SPNG,23.57,22.81,23.57,2354300.0,2371600.0,0,0,0,0,0,0
1.0,1.0,1.0,,Welcome to the RITC 2026 Alogithmic Market Making Case - practice server,,175,2026-02-01 08:40:37.992129,SMMR,24.32,24.09,24.18,2235400.0,2357800.0,0,0,0,0,0,0
,,,,,,175,2026-02-01 08:40:37.992129,ATMN,26.4,26.34,26.4,2036400.0,1842700.0,0,0,0,0,0,0
,,,,,,175,2026-02-01 08:40:37.992129,WNTR,24.55,24.55,24.56,2473800.0,2350300.0,0,0,0,0,0,0
2.0,1.0,1.0,,Aggregate Position Limit,Your CRO has set the aggregate position limit to 14000 shares for this week.,176,2026-02-01 08:40:39.026346,SPNG,22.78,22.78,23.57,2388000.0,2371600.0,0,0,0,0,0,0
1.0,1.0,1.0,,Welcome to the RITC 2026 Alogithmic Market Making Case - practice server,,176,2026-02-01 08:40:39.026346,SMMR,24.18,24.09,24.18,2235400.0,2346200.0,0,0,0,0,0,0
,,,,,,176,2026-02-01 08:40:39.026346,ATMN,26.34,26.34,26.57,2012700.0,1815300.0,0,0,0,0,0,0
,,,,,,176,2026-02-01 08:40:39.026346,WNTR,24.56,24.55,24.56,2457200.0,2350300.0,0,0,0,0,0,0
2.0,1.0,1.0,,Aggregate Position Limit,Your CRO has set the aggregate position limit to 14000 shares for this week.,177,2026-02-01 08:40:40.063630,SPNG,23.18,22.9,23.08,2380800.0,2368100.0,0,0,0,0,0,0
1.0,1.0,1.0,,Welcome to the RITC 2026 Alogithmic Market Making Case - practice server,,177,2026-02-01 08:40:40.063630,SMMR,24.22,24.1,24.22,2214600.0,2341900.0,0,0,0,0,0,0
,,,,,,177,2026-02-01 08:40:40.063630,ATMN,26.31,26.31,26.57,2008100.0,1841400.0,0,0,0,0,0,0
,,,,,,177,2026-02-01 08:40:40.063630,WNTR,24.56,24.55,24.56,2457200.0,2371300.0,0,0,0,0,0,0
2.0,1.0,1.0,,Aggregate Position Limit,Your CRO has set the aggregate position limit to 14000 shares for this week.,178,2026-02-01 08:40:41.079027,SPNG,23.62,23.01,23.25,2399200.0,2384200.0,0,0,0,0,0,0
1.0,1.0,1.0,,Welcome to the RITC 2026 Alogithmic Market Making Case - practice server,,178,2026-02-01 08:40:41.079027,SMMR,24.22,24.18,24.22,2232200.0,2321700.0,0,0,0,0,0,0
,,,,,,178,2026-02-01 08:40:41.079027,ATMN,26.27,26.27,26.47,1994100.0,1844000.0,0,0,0,0,0,0
,,,,,,178,2026-02-01 08:40:41.079027,WNTR,24.51,24.51,24.56,2486600.0,2355300.0,0,0,0,0,0,0
2.0,1.0,1.0,,Aggregate Position Limit,Your CRO has set the aggregate position limit to 14000 shares for this week.,179,2026-02-01 08:40:42.108100,SPNG,23.25,23.01,23.25,2437100.0,2384200.0,0,0,0,0,0,0
1.0,1.0,1.0,,Welcome to the RITC 2026 Alogithmic Market Making Case - practice server,,179,2026-02-01 08:40:42.108100,SMMR,24.26,24.1,24.19,2214600.0,2302600.0,0,0,0,0,0,0
,,,,,,179,2026-02-01 08:40:42.108100,ATMN,26.27,26.45,26.47,1982500.0,1844000.0,0,0,0,0,0,0
,,,,,,179,2026-02-01 08:40:42.108100,WNTR,24.51,24.51,24.56,2486600.0,2368000.0,0,0,0,0,0,0
2.0,1.0,1.0,,Aggregate Position Limit,Your CRO has set the aggregate position limit to 14000 shares for this week.,180,2026-02-01 08:40:43.133445,SPNG,23.62,26.01,0.0,200000.0,0,0,0,0,0,0,0
1.0,1.0,1.0,,Welcome to the RITC 2026 Alogithmic Market Making Case - practice server,,180,2026-02-01 08:40:43.133445,SMMR,24.19,25.74,0.0,200000.0,0,0,0,0,0,0,0
,,,,,,180,2026-02-01 08:40:43.133445,ATMN,26.57,25.7,0.0,200000.0,0,0,0,0,0,0,0
,,,,,,180,2026-02-01 08:40:43.133445,WNTR,24.56,25.74,0.0,200000.0,0,0,0,0,0,0,0
2.0,1.0,1.0,,Aggregate Position Limit,Your CRO has set the aggregate position limit to 14000 shares for this week.,181,2026-02-01 08:40:44.163390,SPNG,26.01,25.41,25.77,1281500.0,752400.0,0,0,0,0,0,0
1.0,1.0,1.0,,Welcome to the RITC 2026 Alogithmic Market Making Case - practice server,,181,2026-02-01 08:40:44.163390,SMMR,25.74,25.06,25.09,1157600.0,797100.0,0,0,0,0,0,0
,,,,,,181,2026-02-01 08:40:44.163390,ATMN,26.57,25.7,26.13,846000.0,826200.0,0,0,0,0,0,0
,,,,,,181,2026-02-01 08:40:44.163390,WNTR,25.2,25.69,26.01,1057400.0,907000.0,0,0,0,0,0,0
2.0,1.0,1.0,,Aggregate Position Limit,Your CRO has set the aggregate position limit to 14000 shares for this week.,182,2026-02-01 08:40:45.183900,SPNG,25.77,25.87,25.99,1497500.0,866500.0,0,0,0,0,0,0
1.0,1.0,1.0,,Welcome to the RITC 2026 Alogithmic Market Making Case - practice server,,182,2026-02-01 08:40:45.183900,SMMR,25.1,25.26,25.49,1366200.0,838800.0,0,0,0,0,0,0
,,,,,,182,2026-02-01 08:40:45.183900,ATMN,25.82,25.7,25.82,837600.0,1035400.0,0,0,0,0,0,0
,,,,,,182,2026-02-01 08:40:45.183900,WNTR,25.69,25.46,25.68,1070800.0,1171700.0,0,0,0,0,0,0
2.0,1.0,1.0,,Aggregate Position Limit,Your CRO has set the aggregate position limit to 14000 shares for this week.,183,2026-02-01 08:40:46.218935,SPNG,25.41,25.41,26.29,1397100.0,833900.0,0,0,0,0,0,0
1.0,1.0,1.0,,Welcome to the RITC 2026 Alogithmic Market Making Case - practice server,,183,2026-02-01 08:40:46.218935,SMMR,25.49,25.39,25.49,1659600.0,838800.0,0,0,0,0,0,0
,,,,,,183,2026-02-01 08:40:46.218935,ATMN,25.7,25.66,25.69,933900.0,1144200.0,0,0,0,0,0,0
,,,,,,183,2026-02-01 08:40:46.218935,WNTR,25.96,25.57,25.92,1202800.0,1034600.0,0,0,0,0,0,0
2.0,1.0,1.0,,Aggregate Position Limit,Your CRO has set the aggregate position limit to 14000 shares for this week.,184,2026-02-01 08:40:47.253763,SPNG,25.41,26.17,26.29,1688200.0,933600.0,0,0,0,0,0,0
1.0,1.0,1.0,,Welcome to the RITC 2026 Alogithmic Market Making Case - practice server,,184,2026-02-01 08:40:47.253763,SMMR,25.66,25.67,25.89,2011000.0,816600.0,0,0,0,0,0,0
,,,,,,184,2026-02-01 08:40:47.253763,ATMN,25.69,25.72,25.82,1225800.0,1035400.0,0,0,0,0,0,0
,,,,,,184,2026-02-01 08:40:47.253763,WNTR,25.96,25.66,25.91,1414800.0,1164000.0,0,0,0,0,0,0
2.0,1.0,1.0,,Aggregate Position Limit,Your CRO has set the aggregate position limit to 14000 shares for this week.,185,2026-02-01 08:40:48.276197,SPNG,25.41,26.17,26.22,1688200.0,1346700.0,0,0,0,0,0,0
1.0,1.0,1.0,,Welcome to the RITC 2026 Alogithmic Market Making Case - practice server,,185,2026-02-01 08:40:48.276197,SMMR,25.8,25.79,25.8,2119300.0,1053800.0,0,0,0,0,0,0
,,,,,,185,2026-02-01 08:40:48.276197,ATMN,25.66,25.75,25.82,1363300.0,1035400.0,0,0,0,0,0,0
,,,,,,185,2026-02-01 08:40:48.276197,WNTR,25.96,25.88,25.91,1524200.0,1382600.0,0,0,0,0,0,0
