news_id,period,tick,ticker,headline,body,tick,timestamp,ticker,last_price,bid_price,ask_price,BUY_ANON,SELL_ANON
2.0,1.0,1.0,,Aggregate Position Limit,Your CRO has set the aggregate position limit to 12000 shares for this week.,2,2026-02-01 04:11:09.698573,SPNG,25.42,24.88,25.42,1432100.0,2216700.0
1.0,1.0,1.0,,Welcome to the RITC 2026 Alogithmic Market Making Case - practice server,,2,2026-02-01 04:11:09.698573,SMMR,24.97,24.97,25.01,2062100.0,1971900.0
,,,,,,2,2026-02-01 04:11:09.698573,ATMN,25.15,25.17,25.22,2121800.0,2226900.0
,,,,,,2,2026-02-01 04:11:09.698573,WNTR,25.05,24.96,25.05,2260900.0,2078600.0
2.0,1.0,1.0,,Aggregate Position Limit,Your CRO has set the aggregate position limit to 12000 shares for this week.,3,2026-02-01 04:11:10.723242,SPNG,25.52,24.75,25.52,1446500.0,2225000.0
1.0,1.0,1.0,,Welcome to the RITC 2026 Alogithmic Market Making Case - practice server,,3,2026-02-01 04:11:10.723242,SMMR,25.05,24.97,25.05,2062100.0,2005700.0
,,,,,,3,2026-02-01 04:11:10.723242,ATMN,25.17,24.88,24.92,2251600.0,2220800.0
,,,,,,3,2026-02-01 04:11:10.723242,WNTR,24.96,24.96,25.05,2264200.0,2078600.0
2.0,1.0,1.0,,Aggregate Position Limit,Your CRO has set the aggregate position limit to 12000 shares for this week.,4,2026-02-01 04:11:11.749589,SPNG,24.75,24.75,25.15,1446500.0,2241400.0
1.0,1.0,1.0,,Welcome to the RITC 2026 Alogithmic Market Making Case - practice server,,4,2026-02-01 04:11:11.749589,SMMR,25.05,24.97,25.05,2071200.0,2022100.0
,,,,,,4,2026-02-01 04:11:11.749589,ATMN,24.94,24.94,24.97,2246200.0,2235900.0
,,,,,,4,2026-02-01 04:11:11.749589,WNTR,24.81,24.81,25.05,2248400.0,2078600.0
2.0,1.0,1.0,,Aggregate Position Limit,Your CRO has set the aggregate position limit to 12000 shares for this week.,5,2026-02-01 04:11:12.781275,SPNG,24.75,24.49,24.64,1442600.0,2228100.0
1.0,1.0,1.0,,Welcome to the RITC 2026 Alogithmic Market Making Case - practice server,,5,2026-02-01 04:11:12.781275,SMMR,24.97,24.97,25.01,2057900.0,2042600.0
,,,,,,5,2026-02-01 04:11:12.781275,ATMN,25.01,24.94,25.01,2275900.0,2218100.0
,,,,,,5,2026-02-01 04:11:12.781275,WNTR,24.81,24.81,25.05,2256200.0,2099800.0
2.0,1.0,1.0,,Aggregate Position Limit,Your CRO has set the aggregate position limit to 12000 shares for this week.,6,2026-02-01 04:11:13.804066,SPNG,25.52,24.75,25.52,1541900.0,2226200.0
1.0,1.0,1.0,,Welcome to the RITC 2026 Alogithmic Market Making Case - practice server,,6,2026-02-01 04:11:13.804066,SMMR,24.88,24.88,25.01,2074700.0,2042600.0
,,,,,,6,2026-02-01 04:11:13.804066,ATMN,25.01,24.94,25.01,2253500.0,2226200.0
,,,,,,6,2026-02-01 04:11:13.804066,WNTR,24.97,24.97,25.05,2273700.0,2093400.0
2.0,1.0,1.0,,Aggregate Position Limit,Your CRO has set the aggregate position limit to 12000 shares for this week.,7,2026-02-01 04:11:14.838062,SPNG,24.67,25.24,25.52,1567200.0,2220100.0
1.0,1.0,1.0,,Welcome to the RITC 2026 Alogithmic Market Making Case - practice server,,7,2026-02-01 04:11:14.838062,SMMR,25.06,24.88,25.06,2080600.0,2007800.0
,,,,,,7,2026-02-01 04:11:14.838062,ATMN,24.97,24.94,24.97,2219800.0,2228100.0
,,,,,,7,2026-02-01 04:11:14.838062,WNTR,24.97,24.81,24.87,2238300.0,2071200.0
2.0,1.0,1.0,,Aggregate Position Limit,Your CRO has set the aggregate position limit to 12000 shares for this week.,9,2026-02-01 04:11:15.907435,SPNG,25.37,24.49,25.19,1442600.0,2246400.0
1.0,1.0,1.0,,Welcome to the RITC 2026 Alogithmic Market Making Case - practice server,,9,2026-02-01 04:11:15.907435,SMMR,25.06,24.94,25.06,2041100.0,1998100.0
,,,,,,9,2026-02-01 04:11:15.907435,ATMN,24.88,24.81,24.88,2243900.0,2227600.0
,,,,,,9,2026-02-01 04:11:15.907435,WNTR,24.87,24.91,25.05,2234800.0,2093400.0
2.0,1.0,1.0,,Aggregate Position Limit,Your CRO has set the aggregate position limit to 12000 shares for this week.,10,2026-02-01 04:11:16.957883,SPNG,25.52,25.43,25.52,1538800.0,2223200.0
1.0,1.0,1.0,,Welcome to the RITC 2026 Alogithmic Market Making Case - practice server,,10,2026-02-01 04:11:16.957883,SMMR,24.94,24.94,25.02,2024100.0,2011300.0
,,,,,,10,2026-02-01 04:11:16.957883,ATMN,24.82,24.82,24.88,2225200.0,2230300.0
,,,,,,10,2026-02-01 04:11:16.957883,WNTR,25.06,25.06,25.07,2227800.0,2124400.0
2.0,1.0,1.0,,Aggregate Position Limit,Your CRO has set the aggregate position limit to 12000 shares for this week.,11,2026-02-01 04:11:18.021682,SPNG,24.97,24.98,25.52,1672800.0,2218200.0
1.0,1.0,1.0,,Welcome to the RITC 2026 Alogithmic Market Making Case - practice server,,11,2026-02-01 04:11:18.021682,SMMR,25.02,25.03,25.06,2006700.0,2029500.0
,,,,,,11,2026-02-01 04:11:18.021682,ATMN,24.8,24.8,24.88,2252900.0,2244100.0
,,,,,,11,2026-02-01 04:11:18.021682,WNTR,24.91,24.84,24.87,2238300.0,2113900.0
2.0,1.0,1.0,,Aggregate Position Limit,Your CRO has set the aggregate position limit to 12000 shares for this week.,12,2026-02-01 04:11:19.050767,SPNG,24.97,24.98,25.39,1672800.0,2191900.0
1.0,1.0,1.0,,Welcome to the RITC 2026 Alogithmic Market Making Case - practice server,,12,2026-02-01 04:11:19.050767,SMMR,25.03,24.94,24.99,2024900.0,2027400.0
,,,,,,12,2026-02-01 04:11:19.050767,ATMN,24.75,24.75,24.88,2272000.0,2244100.0
,,,,,,12,2026-02-01 04:11:19.050767,WNTR,25.07,24.84,25.07,2250200.0,2092700.0
2.0,1.0,1.0,,Aggregate Position Limit,Your CRO has set the aggregate position limit to 12000 shares for this week.,13,2026-02-01 04:11:20.101176,SPNG,25.39,24.63,25.39,1548800.0,2217800.0
1.0,1.0,1.0,,Welcome to the RITC 2026 Alogithmic Market Making Case - practice server,,13,2026-02-01 04:11:20.101176,SMMR,25.01,24.94,25.01,2044800.0,2030200.0
,,,,,,13,2026-02-01 04:11:20.101176,ATMN,24.88,24.75,24.78,2276000.0,2245000.0
,,,,,,13,2026-02-01 04:11:20.101176,WNTR,24.81,24.81,24.92,2230800.0,2106200.0
2.0,1.0,1.0,,Aggregate Position Limit,Your CRO has set the aggregate position limit to 12000 shares for this week.,14,2026-02-01 04:11:21.246658,SPNG,25.03,25.25,25.39,1766900.0,2179800.0
1.0,1.0,1.0,,Welcome to the RITC 2026 Alogithmic Market Making Case - practice server,,14,2026-02-01 04:11:21.246658,SMMR,25.01,25.02,25.09,2065900.0,2038900.0
,,,,,,14,2026-02-01 04:11:21.246658,ATMN,24.64,24.64,24.78,2277000.0,2282800.0
,,,,,,14,2026-02-01 04:11:21.246658,WNTR,24.76,24.76,24.92,2246500.0,2106200.0
2.0,1.0,1.0,,Aggregate Position Limit,Your CRO has set the aggregate position limit to 12000 shares for this week.,15,2026-02-01 04:11:22.277220,SPNG,25.03,25.25,25.36,1766900.0,2142800.0
1.0,1.0,1.0,,Welcome to the RITC 2026 Alogithmic Market Making Case - practice server,,15,2026-02-01 04:11:22.277220,SMMR,25.1,24.99,25.04,2050700.0,2042300.0
,,,,,,15,2026-02-01 04:11:22.277220,ATMN,24.64,24.65,24.78,2272300.0,2282800.0
,,,,,,15,2026-02-01 04:11:22.277220,WNTR,24.76,24.76,25.08,2241200.0,2089100.0
2.0,1.0,1.0,,Aggregate Position Limit,Your CRO has set the aggregate position limit to 12000 shares for this week.,16,2026-02-01 04:11:23.297722,SPNG,25.15,25.07,25.11,1798100.0,2149900.0
1.0,1.0,1.0,,Welcome to the RITC 2026 Alogithmic Market Making Case - practice server,,16,2026-02-01 04:11:23.297722,SMMR,25.1,25.0,25.04,2104400.0,2021300.0
,,,,,,16,2026-02-01 04:11:23.297722,ATMN,24.79,24.65,24.79,2290100.0,2266600.0
,,,,,,16,2026-02-01 04:11:23.297722,WNTR,24.76,24.94,25.08,2242100.0,2089100.0
2.0,1.0,1.0,,Aggregate Position Limit,Your CRO has set the aggregate position limit to 12000 shares for this week.,17,2026-02-01 04:11:24.331778,SPNG,25.15,25.07,25.11,1916500.0,2129700.0
1.0,1.0,1.0,,Welcome to the RITC 2026 Alogithmic Market Making Case - practice server,,17,2026-02-01 04:11:24.331778,SMMR,25.04,25.0,25.04,2104400.0,2013800.0
,,,,,,17,2026-02-01 04:11:24.331778,ATMN,24.79,24.67,24.79,2304700.0,2266600.0
,,,,,,17,2026-02-01 04:11:24.331778,WNTR,24.94,24.94,25.08,2242100.0,2089100.0
2.0,1.0,1.0,,Aggregate Position Limit,Your CRO has set the aggregate position limit to 12000 shares for this week.,18,2026-02-01 04:11:25.360313,SPNG,25.07,24.65,24.8,1793700.0,2138100.0
1.0,1.0,1.0,,Welcome to the RITC 2026 Alogithmic Market Making Case - practice server,,18,2026-02-01 04:11:25.360313,SMMR,25.04,25.0,25.04,2109200.0,2013800.0
,,,,,,18,2026-02-01 04:11:25.360313,ATMN,24.79,24.84,24.86,2265200.0,2267400.0
,,,,,,18,2026-02-01 04:11:25.360313,WNTR,25.08,24.76,25.08,2239500.0,2058400.0
2.0,1.0,1.0,,Aggregate Position Limit,Your CRO has set the aggregate position limit to 12000 shares for this week.,19,2026-02-01 04:11:26.395362,SPNG,24.65,24.7,25.14,1918700.0,2102800.0
1.0,1.0,1.0,,Welcome to the RITC 2026 Alogithmic Market Making Case - practice server,,19,2026-02-01 04:11:26.395362,SMMR,25.06,25.0,25.06,2123200.0,1992100.0
,,,,,,19,2026-02-01 04:11:26.395362,ATMN,24.86,24.84,24.86,2249400.0,2267900.0
,,,,,,19,2026-02-01 04:11:26.395362,WNTR,25.08,24.83,25.08,2223200.0,2058400.0
2.0,1.0,1.0,,Aggregate Position Limit,Your CRO has set the aggregate position limit to 12000 shares for this week.,20,2026-02-01 04:11:27.431430,SPNG,24.65,24.78,25.14,2175600.0,2077100.0
1.0,1.0,1.0,,Welcome to the RITC 2026 Alogithmic Market Making Case - practice server,,20,2026-02-01 04:11:27.431430,SMMR,25.1,25.0,25.1,2116700.0,2009300.0
,,,,,,20,2026-02-01 04:11:27.431430,ATMN,24.67,24.67,24.68,2272600.0,2296000.0
,,,,,,20,2026-02-01 04:11:27.431430,WNTR,24.83,25.06,25.08,2178800.0,2058400.0
2.0,1.0,1.0,,Aggregate Position Limit,Your CRO has set the aggregate position limit to 12000 shares for this week.,21,2026-02-01 04:11:28.455233,SPNG,25.14,24.78,25.14,2175600.0,2077100.0
1.0,1.0,1.0,,Welcome to the RITC 2026 Alogithmic Market Making Case - practice server,,21,2026-02-01 04:11:28.455233,SMMR,25.1,25.03,25.1,2109000.0,2016100.0
,,,,,,21,2026-02-01 04:11:28.455233,ATMN,24.68,24.85,24.86,2255200.0,2267900.0
,,,,,,21,2026-02-01 04:11:28.455233,WNTR,24.75,24.75,24.99,2208300.0,2072300.0
2.0,1.0,1.0,,Aggregate Position Limit,Your CRO has set the aggregate position limit to 12000 shares for this week.,22,2026-02-01 04:11:29.482721,SPNG,25.3,24.93,25.18,2307600.0,2077200.0
1.0,1.0,1.0,,Welcome to the RITC 2026 Alogithmic Market Making Case - practice server,,22,2026-02-01 04:11:29.482721,SMMR,25.1,25.16,25.17,2118200.0,2015100.0
,,,,,,22,2026-02-01 04:11:29.482721,ATMN,25.04,24.66,25.04,2257500.0,2253600.0
,,,,,,22,2026-02-01 04:11:29.482721,WNTR,24.75,24.91,24.99,2218900.0,2101300.0
2.0,1.0,1.0,,Aggregate Position Limit,Your CRO has set the aggregate position limit to 12000 shares for this week.,23,2026-02-01 04:11:30.504403,SPNG,24.86,24.86,25.18,2310000.0,2075300.0
1.0,1.0,1.0,,Welcome to the RITC 2026 Alogithmic Market Making Case - practice server,,23,2026-02-01 04:11:30.504403,SMMR,24.99,25.01,25.14,2097500.0,2025000.0
,,,,,,23,2026-02-01 04:11:30.504403,ATMN,24.92,24.66,24.85,2257500.0,2258000.0
,,,,,,23,2026-02-01 04:11:30.504403,WNTR,24.96,24.91,24.95,2196800.0,2100400.0
2.0,1.0,1.0,,Aggregate Position Limit,Your CRO has set the aggregate position limit to 12000 shares for this week.,24,2026-02-01 04:11:31.536769,SPNG,24.86,24.78,24.84,2264400.0,2080600.0
1.0,1.0,1.0,,Welcome to the RITC 2026 Alogithmic Market Making Case - practice server,,24,2026-02-01 04:11:31.536769,SMMR,24.99,25.12,25.14,2063300.0,2032300.0
,,,,,,24,2026-02-01 04:11:31.536769,ATMN,24.66,24.66,24.85,2259600.0,2254000.0
,,,,,,24,2026-02-01 04:11:31.536769,WNTR,24.91,24.77,24.9,2188200.0,2098700.0
2.0,1.0,1.0,,Aggregate Position Limit,Your CRO has set the aggregate position limit to 12000 shares for this week.,25,2026-02-01 04:11:32.579716,SPNG,24.98,24.78,24.81,2247400.0,2114600.0
1.0,1.0,1.0,,Welcome to the RITC 2026 Alogithmic Market Making Case - practice server,,25,2026-02-01 04:11:32.579716,SMMR,25.14,25.12,25.14,2049000.0,2053200.0
,,,,,,25,2026-02-01 04:11:32.579716,ATMN,24.65,24.65,24.7,2281500.0,2236500.0
,,,,,,25,2026-02-01 04:11:32.579716,WNTR,25.06,24.9,25.06,2224700.0,2089000.0
2.0,1.0,1.0,,Aggregate Position Limit,Your CRO has set the aggregate position limit to 12000 shares for this week.,26,2026-02-01 04:11:33.641840,SPNG,25.33,24.78,24.84,2247400.0,2079200.0
1.0,1.0,1.0,,Welcome to the RITC 2026 Alogithmic Market Making Case - practice server,,26,2026-02-01 04:11:33.641840,SMMR,25.12,25.01,25.11,2073500.0,2060900.0
,,,,,,26,2026-02-01 04:11:33.641840,ATMN,25.04,24.65,25.04,2281500.0,2248900.0
,,,,,,26,2026-02-01 04:11:33.641840,WNTR,25.06,25.01,25.06,2268000.0,2088500.0
2.0,1.0,1.0,,Aggregate Position Limit,Your CRO has set the aggregate position limit to 12000 shares for this week.,27,2026-02-01 04:11:34.685945,SPNG,25.19,25.04,25.19,2269000.0,2080100.0
1.0,1.0,1.0,,Welcome to the RITC 2026 Alogithmic Market Making Case - practice server,,27,2026-02-01 04:11:34.685945,SMMR,25.15,24.94,25.15,2075100.0,2025400.0
,,,,,,27,2026-02-01 04:11:34.685945,ATMN,24.59,24.59,25.04,2262800.0,2248900.0
,,,,,,27,2026-02-01 04:11:34.685945,WNTR,24.9,24.9,25.06,2226900.0,2088500.0
2.0,1.0,1.0,,Aggregate Position Limit,Your CRO has set the aggregate position limit to 12000 shares for this week.,28,2026-02-01 04:11:35.722045,SPNG,24.78,24.78,24.97,2275500.0,2092300.0
1.0,1.0,1.0,,Welcome to the RITC 2026 Alogithmic Market Making Case - practice server,,28,2026-02-01 04:11:35.722045,SMMR,25.06,24.92,25.06,2105900.0,2031100.0
,,,,,,28,2026-02-01 04:11:35.722045,ATMN,24.62,24.9,25.04,2263700.0,2248900.0
,,,,,,28,2026-02-01 04:11:35.722045,WNTR,24.85,24.91,25.06,2215500.0,2088500.0
2.0,1.0,1.0,,Aggregate Position Limit,Your CRO has set the aggregate position limit to 12000 shares for this week.,29,2026-02-01 04:11:36.770880,SPNG,24.83,24.89,24.97,2273500.0,2092300.0
1.0,1.0,1.0,,Welcome to the RITC 2026 Alogithmic Market Making Case - practice server,,29,2026-02-01 04:11:36.770880,SMMR,25.06,24.92,25.06,2042600.0,2031100.0
,,,,,,29,2026-02-01 04:11:36.770880,ATMN,24.9,24.59,24.88,2262800.0,2223000.0
,,,,,,29,2026-02-01 04:11:36.770880,WNTR,25.07,24.77,25.03,2215500.0,2064700.0
2.0,1.0,1.0,,Aggregate Position Limit,Your CRO has set the aggregate position limit to 12000 shares for this week.,30,2026-02-01 04:11:37.810753,SPNG,24.78,24.78,25.19,2276100.0,2074600.0
1.0,1.0,1.0,,Welcome to the RITC 2026 Alogithmic Market Making Case - practice server,,30,2026-02-01 04:11:37.810753,SMMR,25.17,24.92,25.17,2042600.0,2014500.0
,,,,,,30,2026-02-01 04:11:37.810753,ATMN,24.88,24.95,25.04,2282800.0,2209600.0
,,,,,,30,2026-02-01 04:11:37.810753,WNTR,25.03,24.77,25.03,2215500.0,2064700.0
2.0,1.0,1.0,,Aggregate Position Limit,Your CRO has set the aggregate position limit to 12000 shares for this week.,31,2026-02-01 04:11:38.833893,SPNG,25.19,25.17,25.19,2284900.0,2074600.0
1.0,1.0,1.0,,Welcome to the RITC 2026 Alogithmic Market Making Case - practice server,,31,2026-02-01 04:11:38.833893,SMMR,25.17,25.08,25.17,2063600.0,1993200.0
,,,,,,31,2026-02-01 04:11:38.833893,ATMN,24.77,24.59,24.7,2262800.0,2174400.0
,,,,,,31,2026-02-01 04:11:38.833893,WNTR,24.75,24.8,25.09,2246400.0,2082000.0
2.0,1.0,1.0,,Aggregate Position Limit,Your CRO has set the aggregate position limit to 12000 shares for this week.,32,2026-02-01 04:11:39.859651,SPNG,24.78,25.02,25.19,2252900.0,2097800.0
1.0,1.0,1.0,,Welcome to the RITC 2026 Alogithmic Market Making Case - practice server,,32,2026-02-01 04:11:39.859651,SMMR,25.08,25.08,25.18,2057200.0,2002400.0
,,,,,,32,2026-02-01 04:11:39.859651,ATMN,24.77,24.63,24.7,2281100.0,2174400.0
,,,,,,32,2026-02-01 04:11:39.859651,WNTR,24.85,24.8,24.83,2246400.0,2067100.0
2.0,1.0,1.0,,Aggregate Position Limit,Your CRO has set the aggregate position limit to 12000 shares for this week.,33,2026-02-01 04:11:40.892500,SPNG,24.76,24.76,25.19,2273300.0,2107900.0
1.0,1.0,1.0,,Welcome to the RITC 2026 Alogithmic Market Making Case - practice server,,33,2026-02-01 04:11:40.892500,SMMR,25.04,25.15,25.16,2040200.0,1997700.0
,,,,,,33,2026-02-01 04:11:40.892500,ATMN,24.7,24.77,25.04,2286400.0,2170500.0
,,,,,,33,2026-02-01 04:11:40.892500,WNTR,25.19,24.8,25.12,2261300.0,2123100.0
2.0,1.0,1.0,,Aggregate Position Limit,Your CRO has set the aggregate position limit to 12000 shares for this week.,34,2026-02-01 04:11:41.922148,SPNG,24.75,24.95,25.21,2292800.0,2106800.0
1.0,1.0,1.0,,Welcome to the RITC 2026 Alogithmic Market Making Case - practice server,,34,2026-02-01 04:11:41.922148,SMMR,25.04,25.08,25.16,2047000.0,1996500.0
,,,,,,34,2026-02-01 04:11:41.922148,ATMN,24.82,24.87,25.04,2315000.0,2200900.0
,,,,,,34,2026-02-01 04:11:41.922148,WNTR,24.84,24.98,25.12,2222900.0,2123100.0
2.0,1.0,1.0,,Aggregate Position Limit,Your CRO has set the aggregate position limit to 12000 shares for this week.,35,2026-02-01 04:11:42.961953,SPNG,25.01,24.95,25.01,2286200.0,2131600.0
1.0,1.0,1.0,,Welcome to the RITC 2026 Alogithmic Market Making Case - practice server,,35,2026-02-01 04:11:42.961953,SMMR,25.12,25.08,25.12,2047000.0,1984500.0
,,,,,,35,2026-02-01 04:11:42.961953,ATMN,24.57,24.83,25.04,2292900.0,2200900.0
,,,,,,35,2026-02-01 04:11:42.961953,WNTR,24.84,24.98,25.05,2238500.0,2124300.0
2.0,1.0,1.0,,Aggregate Position Limit,Your CRO has set the aggregate position limit to 12000 shares for this week.,37,2026-02-01 04:11:44.000243,SPNG,24.7,24.9,25.21,2234500.0,2106800.0
1.0,1.0,1.0,,Welcome to the RITC 2026 Alogithmic Market Making Case - practice server,,37,2026-02-01 04:11:44.000243,SMMR,25.09,25.09,25.12,2050100.0,1974700.0
,,,,,,37,2026-02-01 04:11:44.000243,ATMN,24.57,25.03,25.04,2263200.0,2200900.0
,,,,,,37,2026-02-01 04:11:44.000243,WNTR,24.98,24.92,24.93,2249200.0,2134600.0
2.0,1.0,1.0,,Aggregate Position Limit,Your CRO has set the aggregate position limit to 12000 shares for this week.,38,2026-02-01 04:11:45.046878,SPNG,24.68,25.19,25.21,2244300.0,2106800.0
1.0,1.0,1.0,,Welcome to the RITC 2026 Alogithmic Market Making Case - practice server,,38,2026-02-01 04:11:45.046878,SMMR,25.2,25.12,25.2,2060000.0,1993800.0
,,,,,,38,2026-02-01 04:11:45.046878,ATMN,24.55,24.55,25.04,2242200.0,2200900.0
,,,,,,38,2026-02-01 04:11:45.046878,WNTR,25.05,24.92,25.05,2249200.0,2132200.0
2.0,1.0,1.0,,Aggregate Position Limit,Your CRO has set the aggregate position limit to 12000 shares for this week.,39,2026-02-01 04:11:46.086518,SPNG,25.19,24.75,24.96,2258600.0,2106300.0
1.0,1.0,1.0,,Welcome to the RITC 2026 Alogithmic Market Making Case - practice server,,39,2026-02-01 04:11:46.086518,SMMR,25.1,25.1,25.17,2029600.0,1979100.0
,,,,,,39,2026-02-01 04:11:46.086518,ATMN,24.96,24.96,25.04,2260900.0,2200900.0
,,,,,,39,2026-02-01 04:11:46.086518,WNTR,24.94,24.92,24.94,2249200.0,2175600.0
2.0,1.0,1.0,,Aggregate Position Limit,Your CRO has set the aggregate position limit to 12000 shares for this week.,40,2026-02-01 04:11:47.126627,SPNG,24.75,24.75,25.21,2280600.0,2112500.0
1.0,1.0,1.0,,Welcome to the RITC 2026 Alogithmic Market Making Case - practice server,,40,2026-02-01 04:11:47.126627,SMMR,25.11,25.11,25.17,2055100.0,1979100.0
,,,,,,40,2026-02-01 04:11:47.126627,ATMN,24.96,24.55,24.7,2226900.0,2215400.0
,,,,,,40,2026-02-01 04:11:47.126627,WNTR,24.9,24.9,25.05,2244200.0,2171600.0
2.0,1.0,1.0,,Aggregate Position Limit,Your CRO has set the aggregate position limit to 12000 shares for this week.,41,2026-02-01 04:11:48.154817,SPNG,25.36,24.75,25.36,2309600.0,2116800.0
1.0,1.0,1.0,,Welcome to the RITC 2026 Alogithmic Market Making Case - practice server,,41,2026-02-01 04:11:48.154817,SMMR,25.07,25.07,25.11,2030700.0,1969500.0
,,,,,,41,2026-02-01 04:11:48.154817,ATMN,24.53,24.53,24.91,2213500.0,2214600.0
,,,,,,41,2026-02-01 04:11:48.154817,WNTR,25.01,25.01,25.05,2232300.0,2181600.0
2.0,1.0,1.0,,Aggregate Position Limit,Your CRO has set the aggregate position limit to 12000 shares for this week.,42,2026-02-01 04:11:49.186280,SPNG,25.36,25.02,25.06,2288900.0,2131600.0
1.0,1.0,1.0,,Welcome to the RITC 2026 Alogithmic Market Making Case - practice server,,42,2026-02-01 04:11:49.186280,SMMR,25.11,25.11,25.13,2068100.0,1947200.0
,,,,,,42,2026-02-01 04:11:49.186280,ATMN,24.53,24.53,24.8,2221300.0,2188000.0
,,,,,,42,2026-02-01 04:11:49.186280,WNTR,25.04,25.04,25.05,2234000.0,2192800.0
2.0,1.0,1.0,,Aggregate Position Limit,Your CRO has set the aggregate position limit to 12000 shares for this week.,43,2026-02-01 04:11:50.218929,SPNG,25.02,24.75,24.88,2309600.0,2117200.0
1.0,1.0,1.0,,Welcome to the RITC 2026 Alogithmic Market Making Case - practice server,,43,2026-02-01 04:11:50.218929,SMMR,25.13,24.92,25.13,2076200.0,1947200.0
,,,,,,43,2026-02-01 04:11:50.218929,ATMN,24.53,24.53,24.56,2220700.0,2200200.0
,,,,,,43,2026-02-01 04:11:50.218929,WNTR,24.82,24.82,25.05,2236000.0,2203700.0
2.0,1.0,1.0,,Aggregate Position Limit,Your CRO has set the aggregate position limit to 12000 shares for this week.,44,2026-02-01 04:11:51.247807,SPNG,24.65,24.65,25.06,2288500.0,2131600.0
1.0,1.0,1.0,,Welcome to the RITC 2026 Alogithmic Market Making Case - practice server,,44,2026-02-01 04:11:51.247807,SMMR,25.2,24.91,25.2,2048400.0,1948400.0
,,,,,,44,2026-02-01 04:11:51.247807,ATMN,24.56,24.64,24.8,2200000.0,2188000.0
,,,,,,44,2026-02-01 04:11:51.247807,WNTR,24.91,24.91,25.05,2217900.0,2203700.0
2.0,1.0,1.0,,Aggregate Position Limit,Your CRO has set the aggregate position limit to 12000 shares for this week.,45,2026-02-01 04:11:52.279518,SPNG,25.38,24.65,24.78,2322400.0,2159500.0
1.0,1.0,1.0,,Welcome to the RITC 2026 Alogithmic Market Making Case - practice server,,45,2026-02-01 04:11:52.279518,SMMR,25.2,25.12,25.2,2047100.0,1948400.0
,,,,,,45,2026-02-01 04:11:52.279518,ATMN,24.91,24.52,24.78,2219500.0,2219100.0
,,,,,,45,2026-02-01 04:11:52.279518,WNTR,24.91,24.91,24.92,2212900.0,2214000.0
2.0,1.0,1.0,,Aggregate Position Limit,Your CRO has set the aggregate position limit to 12000 shares for this week.,46,2026-02-01 04:11:53.307302,SPNG,24.78,24.65,24.78,2304500.0,2159500.0
1.0,1.0,1.0,,Welcome to the RITC 2026 Alogithmic Market Making Case - practice server,,46,2026-02-01 04:11:53.307302,SMMR,25.01,25.1,25.2,2028600.0,1948400.0
,,,,,,46,2026-02-01 04:11:53.307302,ATMN,24.91,24.52,24.78,2275300.0,2201600.0
,,,,,,46,2026-02-01 04:11:53.307302,WNTR,24.94,24.91,24.94,2212500.0,2223500.0
2.0,1.0,1.0,,Aggregate Position Limit,Your CRO has set the aggregate position limit to 12000 shares for this week.,47,2026-02-01 04:11:54.343519,SPNG,24.59,24.59,25.38,2298700.0,2156700.0
1.0,1.0,1.0,,Welcome to the RITC 2026 Alogithmic Market Making Case - practice server,,47,2026-02-01 04:11:54.343519,SMMR,25.21,25.1,25.21,2040500.0,1927400.0
,,,,,,47,2026-02-01 04:11:54.343519,ATMN,24.48,24.48,24.57,2268000.0,2208500.0
,,,,,,47,2026-02-01 04:11:54.343519,WNTR,24.94,24.91,24.94,2192900.0,2236000.0
2.0,1.0,1.0,,Aggregate Position Limit,Your CRO has set the aggregate position limit to 12000 shares for this week.,48,2026-02-01 04:11:55.372766,SPNG,24.71,24.59,24.71,2275100.0,2158600.0
1.0,1.0,1.0,,Welcome to the RITC 2026 Alogithmic Market Making Case - practice server,,48,2026-02-01 04:11:55.372766,SMMR,25.06,25.06,25.21,2042500.0,1900800.0
,,,,,,48,2026-02-01 04:11:55.372766,ATMN,24.53,24.48,24.49,2275700.0,2218300.0
,,,,,,48,2026-02-01 04:11:55.372766,WNTR,24.89,24.89,25.05,2206000.0,2172000.0
2.0,1.0,1.0,,Aggregate Position Limit,Your CRO has set the aggregate position limit to 12000 shares for this week.,49,2026-02-01 04:11:56.395215,SPNG,25.1,24.69,24.96,2307500.0,2185000.0
1.0,1.0,1.0,,Welcome to the RITC 2026 Alogithmic Market Making Case - practice server,,49,2026-02-01 04:11:56.395215,SMMR,24.96,25.1,25.21,2038700.0,1900800.0
,,,,,,49,2026-02-01 04:11:56.395215,ATMN,24.46,24.46,24.54,2247800.0,2210300.0
,,,,,,49,2026-02-01 04:11:56.395215,WNTR,24.89,24.89,25.1,2206000.0,2175000.0
2.0,1.0,1.0,,Aggregate Position Limit,Your CRO has set the aggregate position limit to 12000 shares for this week.,50,2026-02-01 04:11:57.432994,SPNG,25.1,24.69,24.96,2342700.0,2185000.0
1.0,1.0,1.0,,Welcome to the RITC 2026 Alogithmic Market Making Case - practice server,,50,2026-02-01 04:11:57.432994,SMMR,24.91,24.91,25.13,2042200.0,1935200.0
,,,,,,50,2026-02-01 04:11:57.432994,ATMN,24.45,24.45,24.46,2274900.0,2224500.0
,,,,,,50,2026-02-01 04:11:57.432994,WNTR,25.11,24.87,25.11,2206400.0,2141800.0
2.0,1.0,1.0,,Aggregate Position Limit,Your CRO has set the aggregate position limit to 12000 shares for this week.,51,2026-02-01 04:11:58.463109,SPNG,25.38,24.82,25.15,2345900.0,2140300.0
1.0,1.0,1.0,,Welcome to the RITC 2026 Alogithmic Market Making Case - practice server,,51,2026-02-01 04:11:58.463109,SMMR,24.91,24.91,25.13,2061800.0,1935200.0
,,,,,,51,2026-02-01 04:11:58.463109,ATMN,24.54,24.45,24.54,2267500.0,2218500.0
,,,,,,51,2026-02-01 04:11:58.463109,WNTR,25.13,24.97,25.13,2206900.0,2147000.0
2.0,1.0,1.0,,Aggregate Position Limit,Your CRO has set the aggregate position limit to 12000 shares for this week.,52,2026-02-01 04:11:59.500155,SPNG,24.78,24.8,25.15,2345400.0,2140300.0
1.0,1.0,1.0,,Welcome to the RITC 2026 Alogithmic Market Making Case - practice server,,52,2026-02-01 04:11:59.500155,SMMR,24.91,25.05,25.13,2028500.0,1935200.0
,,,,,,52,2026-02-01 04:11:59.500155,ATMN,24.55,24.43,24.55,2247200.0,2209000.0
,,,,,,52,2026-02-01 04:11:59.500155,WNTR,24.97,24.87,24.93,2206400.0,2134100.0
2.0,1.0,1.0,,Aggregate Position Limit,Your CRO has set the aggregate position limit to 12000 shares for this week.,53,2026-02-01 04:12:00.529244,SPNG,25.15,24.8,25.15,2345400.0,2145600.0
1.0,1.0,1.0,,Welcome to the RITC 2026 Alogithmic Market Making Case - practice server,,53,2026-02-01 04:12:00.529244,SMMR,25.21,25.05,25.21,2028500.0,1901300.0
,,,,,,53,2026-02-01 04:12:00.529244,ATMN,24.41,24.41,24.61,2244000.0,2221600.0
,,,,,,53,2026-02-01 04:12:00.529244,WNTR,24.98,24.82,24.98,2236000.0,2153600.0
2.0,1.0,1.0,,Aggregate Position Limit,Your CRO has set the aggregate position limit to 12000 shares for this week.,54,2026-02-01 04:12:01.587047,SPNG,24.76,24.69,24.76,2323300.0,2179000.0
1.0,1.0,1.0,,Welcome to the RITC 2026 Alogithmic Market Making Case - practice server,,54,2026-02-01 04:12:01.587047,SMMR,25.21,25.19,25.21,2021000.0,1946400.0
,,,,,,54,2026-02-01 04:12:01.587047,ATMN,24.38,24.46,24.61,2271300.0,2221600.0
,,,,,,54,2026-02-01 04:12:01.587047,WNTR,24.92,24.86,24.92,2229600.0,2170200.0
2.0,1.0,1.0,,Aggregate Position Limit,Your CRO has set the aggregate position limit to 12000 shares for this week.,55,2026-02-01 04:12:02.623462,SPNG,25.15,24.88,25.15,2297100.0,2145600.0
1.0,1.0,1.0,,Welcome to the RITC 2026 Alogithmic Market Making Case - practice server,,55,2026-02-01 04:12:02.623462,SMMR,25.21,25.19,25.21,2011400.0,1956600.0
,,,,,,55,2026-02-01 04:12:02.623462,ATMN,24.46,24.46,24.61,2248100.0,2244500.0
,,,,,,55,2026-02-01 04:12:02.623462,WNTR,25.05,25.0,25.05,2250900.0,2168100.0
2.0,1.0,1.0,,Aggregate Position Limit,Your CRO has set the aggregate position limit to 12000 shares for this week.,56,2026-02-01 04:12:03.661597,SPNG,25.15,24.88,25.15,2310400.0,2145600.0
1.0,1.0,1.0,,Welcome to the RITC 2026 Alogithmic Market Making Case - practice server,,56,2026-02-01 04:12:03.661597,SMMR,25.21,25.05,25.21,2034300.0,1936900.0
,,,,,,56,2026-02-01 04:12:03.661597,ATMN,24.61,24.46,24.61,2248100.0,2277700.0
,,,,,,56,2026-02-01 04:12:03.661597,WNTR,25.14,24.82,25.14,2236000.0,2146400.0
2.0,1.0,1.0,,Aggregate Position Limit,Your CRO has set the aggregate position limit to 12000 shares for this week.,57,2026-02-01 04:12:04.695682,SPNG,25.24,24.88,24.94,2310400.0,2178800.0
1.0,1.0,1.0,,Welcome to the RITC 2026 Alogithmic Market Making Case - practice server,,57,2026-02-01 04:12:04.695682,SMMR,24.94,24.94,24.99,2061900.0,1961600.0
,,,,,,57,2026-02-01 04:12:04.695682,ATMN,24.38,24.35,24.37,2220300.0,2264000.0
,,,,,,57,2026-02-01 04:12:04.695682,WNTR,24.8,24.8,24.95,2250500.0,2147000.0
2.0,1.0,1.0,,Aggregate Position Limit,Your CRO has set the aggregate position limit to 12000 shares for this week.,58,2026-02-01 04:12:05.761492,SPNG,25.39,24.88,25.15,2310400.0,2146200.0
1.0,1.0,1.0,,Welcome to the RITC 2026 Alogithmic Market Making Case - practice server,,58,2026-02-01 04:12:05.761492,SMMR,24.99,25.12,25.21,2080100.0,1936900.0
,,,,,,58,2026-02-01 04:12:05.761492,ATMN,24.61,24.35,24.61,2214100.0,2241800.0
,,,,,,58,2026-02-01 04:12:05.761492,WNTR,24.8,24.88,24.95,2233800.0,2147000.0
2.0,1.0,1.0,,Aggregate Position Limit,Your CRO has set the aggregate position limit to 12000 shares for this week.,59,2026-02-01 04:12:06.806728,SPNG,25.15,25.04,25.15,2286800.0,2146200.0
1.0,1.0,1.0,,Welcome to the RITC 2026 Alogithmic Market Making Case - practice server,,59,2026-02-01 04:12:06.806728,SMMR,25.23,25.12,25.23,2080100.0,1952000.0
,,,,,,59,2026-02-01 04:12:06.806728,ATMN,24.35,24.49,24.61,2238900.0,2241800.0
,,,,,,59,2026-02-01 04:12:06.806728,WNTR,24.8,24.88,24.95,2233200.0,2180800.0
2.0,1.0,1.0,,Aggregate Position Limit,Your CRO has set the aggregate position limit to 12000 shares for this week.,60,2026-02-01 04:12:07.843757,SPNG,23.4,24.21,25.35,1028200.0,782000.0
1.0,1.0,1.0,,Welcome to the RITC 2026 Alogithmic Market Making Case - practice server,,60,2026-02-01 04:12:07.843757,SMMR,25.2,25.2,25.56,846800.0,736800.0
,,,,,,60,2026-02-01 04:12:07.843757,ATMN,24.66,24.66,24.99,980000.0,891200.0
,,,,,,60,2026-02-01 04:12:07.843757,WNTR,25.46,25.46,25.91,902600.0,817700.0
2.0,1.0,1.0,,Aggregate Position Limit,Your CRO has set the aggregate position limit to 12000 shares for this week.,61,2026-02-01 04:12:08.869903,SPNG,23.4,24.99,25.27,1140500.0,1118400.0
1.0,1.0,1.0,,Welcome to the RITC 2026 Alogithmic Market Making Case - practice server,,61,2026-02-01 04:12:08.869903,SMMR,25.2,25.2,25.3,938100.0,929100.0
,,,,,,61,2026-02-01 04:12:08.869903,ATMN,24.66,24.66,24.68,1086700.0,1121200.0
,,,,,,61,2026-02-01 04:12:08.869903,WNTR,25.46,25.46,25.82,902600.0,1112400.0
2.0,1.0,1.0,,Aggregate Position Limit,Your CRO has set the aggregate position limit to 12000 shares for this week.,62,2026-02-01 04:12:09.891348,SPNG,25.27,24.99,25.27,1238700.0,1243100.0
1.0,1.0,1.0,,Welcome to the RITC 2026 Alogithmic Market Making Case - practice server,,62,2026-02-01 04:12:09.891348,SMMR,25.2,25.22,25.23,1025100.0,1227800.0
,,,,,,62,2026-02-01 04:12:09.891348,ATMN,24.68,24.66,24.68,1363800.0,1235700.0
,,,,,,62,2026-02-01 04:12:09.891348,WNTR,25.46,25.46,25.47,998600.0,1305800.0
2.0,1.0,1.0,,Aggregate Position Limit,Your CRO has set the aggregate position limit to 12000 shares for this week.,63,2026-02-01 04:12:10.926442,SPNG,25.18,25.18,25.27,1348900.0,1453500.0
1.0,1.0,1.0,,Welcome to the RITC 2026 Alogithmic Market Making Case - practice server,,63,2026-02-01 04:12:10.926442,SMMR,25.23,25.22,25.23,1025100.0,1424200.0
,,,,,,63,2026-02-01 04:12:10.926442,ATMN,24.76,24.66,24.76,1484000.0,1108900.0
,,,,,,63,2026-02-01 04:12:10.926442,WNTR,25.26,25.46,25.47,1137800.0,1305800.0
2.0,1.0,1.0,,Aggregate Position Limit,Your CRO has set the aggregate position limit to 12000 shares for this week.,64,2026-02-01 04:12:11.957808,SPNG,24.62,24.62,25.27,1352600.0,1453500.0
1.0,1.0,1.0,,Welcome to the RITC 2026 Alogithmic Market Making Case - practice server,,64,2026-02-01 04:12:11.957808,SMMR,25.3,25.22,25.26,1242200.0,1407400.0
,,,,,,64,2026-02-01 04:12:11.957808,ATMN,24.54,24.54,24.76,1384000.0,1202200.0
,,,,,,64,2026-02-01 04:12:11.957808,WNTR,25.64,25.76,25.82,1322000.0,1112400.0
2.0,1.0,1.0,,Aggregate Position Limit,Your CRO has set the aggregate position limit to 12000 shares for this week.,65,2026-02-01 04:12:12.980510,SPNG,25.41,25.3,25.41,1452100.0,1328800.0
1.0,1.0,1.0,,Welcome to the RITC 2026 Alogithmic Market Making Case - practice server,,65,2026-02-01 04:12:12.980510,SMMR,25.31,25.2,25.31,1155200.0,1318300.0
,,,,,,65,2026-02-01 04:12:12.980510,ATMN,24.99,24.54,24.99,1384000.0,1186900.0
,,,,,,65,2026-02-01 04:12:12.980510,WNTR,25.76,25.48,25.53,1328700.0,1416000.0
2.0,1.0,1.0,,Aggregate Position Limit,Your CRO has set the aggregate position limit to 12000 shares for this week.,66,2026-02-01 04:12:14.012657,SPNG,25.3,24.62,24.8,1612500.0,1439300.0
1.0,1.0,1.0,,Welcome to the RITC 2026 Alogithmic Market Making Case - practice server,,66,2026-02-01 04:12:14.012657,SMMR,25.19,25.21,25.31,1236300.0,1318300.0
,,,,,,66,2026-02-01 04:12:14.012657,ATMN,24.42,24.42,24.51,1390400.0,1314100.0
,,,,,,66,2026-02-01 04:12:14.012657,WNTR,25.54,25.48,25.52,1328700.0,1432900.0
2.0,1.0,1.0,,Aggregate Position Limit,Your CRO has set the aggregate position limit to 12000 shares for this week.,67,2026-02-01 04:12:15.040382,SPNG,25.5,24.77,24.97,1826300.0,1338900.0
1.0,1.0,1.0,,Welcome to the RITC 2026 Alogithmic Market Making Case - practice server,,67,2026-02-01 04:12:15.040382,SMMR,25.19,25.21,25.31,1236300.0,1626600.0
,,,,,,67,2026-02-01 04:12:15.040382,ATMN,24.99,24.42,24.83,1390400.0,1286500.0
,,,,,,67,2026-02-01 04:12:15.040382,WNTR,25.54,25.48,25.54,1578900.0,1417300.0
2.0,1.0,1.0,,Aggregate Position Limit,Your CRO has set the aggregate position limit to 12000 shares for this week.,68,2026-02-01 04:12:16.072632,SPNG,24.97,25.22,25.55,1952000.0,1419900.0
1.0,1.0,1.0,,Welcome to the RITC 2026 Alogithmic Market Making Case - practice server,,68,2026-02-01 04:12:16.072632,SMMR,25.16,25.16,25.31,1142400.0,1534900.0
,,,,,,68,2026-02-01 04:12:16.072632,ATMN,24.83,24.45,24.83,1736900.0,1286500.0
,,,,,,68,2026-02-01 04:12:16.072632,WNTR,25.48,25.48,25.6,1578900.0,1436100.0
2.0,1.0,1.0,,Aggregate Position Limit,Your CRO has set the aggregate position limit to 12000 shares for this week.,69,2026-02-01 04:12:17.094909,SPNG,24.97,25.22,25.45,1952000.0,1839000.0
1.0,1.0,1.0,,Welcome to the RITC 2026 Alogithmic Market Making Case - practice server,,69,2026-02-01 04:12:17.094909,SMMR,25.08,25.08,25.31,1137300.0,1711200.0
,,,,,,69,2026-02-01 04:12:17.094909,ATMN,25.0,24.45,24.54,1964600.0,1159900.0
,,,,,,69,2026-02-01 04:12:17.094909,WNTR,25.64,25.48,25.64,1669900.0,1429300.0
2.0,1.0,1.0,,Aggregate Position Limit,Your CRO has set the aggregate position limit to 12000 shares for this week.,70,2026-02-01 04:12:18.105070,SPNG,24.77,24.98,25.45,1951800.0,1932800.0
1.0,1.0,1.0,,Welcome to the RITC 2026 Alogithmic Market Making Case - practice server,,70,2026-02-01 04:12:18.105070,SMMR,25.08,25.22,25.31,1325600.0,1814100.0
,,,,,,70,2026-02-01 04:12:18.105070,ATMN,25.02,24.59,25.02,2180300.0,952500.0
,,,,,,70,2026-02-01 04:12:18.105070,WNTR,25.56,25.56,25.62,1783800.0,1525900.0
2.0,1.0,1.0,,Aggregate Position Limit,Your CRO has set the aggregate position limit to 12000 shares for this week.,71,2026-02-01 04:12:19.120481,SPNG,24.77,24.77,25.17,1826300.0,2059700.0
1.0,1.0,1.0,,Welcome to the RITC 2026 Alogithmic Market Making Case - practice server,,71,2026-02-01 04:12:19.120481,SMMR,25.08,25.22,25.31,1349600.0,1924400.0
,,,,,,71,2026-02-01 04:12:19.120481,ATMN,24.49,24.87,25.02,2286200.0,952500.0
,,,,,,71,2026-02-01 04:12:19.120481,WNTR,25.48,25.49,25.62,1694500.0,1746200.0
2.0,1.0,1.0,,Aggregate Position Limit,Your CRO has set the aggregate position limit to 12000 shares for this week.,72,2026-02-01 04:12:20.151100,SPNG,24.62,24.34,24.57,1716200.0,2072600.0
1.0,1.0,1.0,,Welcome to the RITC 2026 Alogithmic Market Making Case - practice server,,72,2026-02-01 04:12:20.151100,SMMR,25.31,25.06,25.31,1151400.0,1818500.0
,,,,,,72,2026-02-01 04:12:20.151100,ATMN,24.43,24.43,24.8,2057400.0,1186300.0
,,,,,,72,2026-02-01 04:12:20.151100,WNTR,25.64,25.49,25.64,1694500.0,1755200.0
2.0,1.0,1.0,,Aggregate Position Limit,Your CRO has set the aggregate position limit to 12000 shares for this week.,73,2026-02-01 04:12:21.173009,SPNG,25.02,24.34,24.46,1716200.0,2070100.0
1.0,1.0,1.0,,Welcome to the RITC 2026 Alogithmic Market Making Case - practice server,,73,2026-02-01 04:12:21.173009,SMMR,25.04,25.04,25.2,1164900.0,1918900.0
,,,,,,73,2026-02-01 04:12:21.173009,ATMN,24.95,24.95,25.02,2176800.0,1160300.0
,,,,,,73,2026-02-01 04:12:21.173009,WNTR,25.46,25.46,25.58,1340100.0,1961600.0
2.0,1.0,1.0,,Aggregate Position Limit,Your CRO has set the aggregate position limit to 12000 shares for this week.,75,2026-02-01 04:12:22.206284,SPNG,25.02,24.4,24.46,2160700.0,2070100.0
1.0,1.0,1.0,,Welcome to the RITC 2026 Alogithmic Market Making Case - practice server,,75,2026-02-01 04:12:22.206284,SMMR,25.31,25.09,25.31,1251200.0,1843100.0
,,,,,,75,2026-02-01 04:12:22.206284,ATMN,24.95,24.8,24.82,2302600.0,1383500.0
,,,,,,75,2026-02-01 04:12:22.206284,WNTR,25.22,25.22,25.58,1130200.0,2071700.0
2.0,1.0,1.0,,Aggregate Position Limit,Your CRO has set the aggregate position limit to 12000 shares for this week.,76,2026-02-01 04:12:23.238781,SPNG,25.45,24.57,25.45,2393700.0,2025600.0
1.0,1.0,1.0,,Welcome to the RITC 2026 Alogithmic Market Making Case - practice server,,76,2026-02-01 04:12:23.238781,SMMR,25.34,25.1,25.34,1475400.0,1753400.0
,,,,,,76,2026-02-01 04:12:23.238781,ATMN,24.8,24.43,24.79,2174200.0,1262900.0
,,,,,,76,2026-02-01 04:12:23.238781,WNTR,25.65,25.22,25.36,1250800.0,1950000.0
2.0,1.0,1.0,,Aggregate Position Limit,Your CRO has set the aggregate position limit to 12000 shares for this week.,77,2026-02-01 04:12:24.260762,SPNG,25.3,25.3,25.35,2374700.0,2073100.0
1.0,1.0,1.0,,Welcome to the RITC 2026 Alogithmic Market Making Case - practice server,,77,2026-02-01 04:12:24.260762,SMMR,25.34,25.2,25.34,1668900.0,1924900.0
,,,,,,77,2026-02-01 04:12:24.260762,ATMN,24.8,24.53,24.79,2363300.0,1262900.0
,,,,,,77,2026-02-01 04:12:24.260762,WNTR,25.43,25.51,25.65,1481500.0,1861300.0
2.0,1.0,1.0,,Aggregate Position Limit,Your CRO has set the aggregate position limit to 12000 shares for this week.,78,2026-02-01 04:12:25.314551,SPNG,25.3,25.3,25.34,2374700.0,2173600.0
1.0,1.0,1.0,,Welcome to the RITC 2026 Alogithmic Market Making Case - practice server,,78,2026-02-01 04:12:25.314551,SMMR,25.1,25.1,25.33,1475400.0,1918200.0
,,,,,,78,2026-02-01 04:12:25.314551,ATMN,24.96,24.53,24.79,2376600.0,1386600.0
,,,,,,78,2026-02-01 04:12:25.314551,WNTR,25.51,25.39,25.42,1574500.0,2074700.0
2.0,1.0,1.0,,Aggregate Position Limit,Your CRO has set the aggregate position limit to 12000 shares for this week.,79,2026-02-01 04:12:26.358518,SPNG,24.4,25.16,25.34,2352400.0,2173600.0
1.0,1.0,1.0,,Welcome to the RITC 2026 Alogithmic Market Making Case - practice server,,79,2026-02-01 04:12:26.358518,SMMR,25.1,25.16,25.33,1801300.0,1918200.0
,,,,,,79,2026-02-01 04:12:26.358518,ATMN,24.96,24.71,24.79,2298300.0,1386600.0
,,,,,,79,2026-02-01 04:12:26.358518,WNTR,25.54,25.39,25.54,1803300.0,1988200.0
2.0,1.0,1.0,,Aggregate Position Limit,Your CRO has set the aggregate position limit to 12000 shares for this week.,80,2026-02-01 04:12:27.386053,SPNG,25.16,24.77,25.1,2402300.0,2189200.0
1.0,1.0,1.0,,Welcome to the RITC 2026 Alogithmic Market Making Case - practice server,,80,2026-02-01 04:12:27.386053,SMMR,25.23,25.16,25.23,1913500.0,1918300.0
,,,,,,80,2026-02-01 04:12:27.386053,ATMN,25.28,24.71,24.76,2320800.0,1284800.0
,,,,,,80,2026-02-01 04:12:27.386053,WNTR,25.38,25.39,25.54,1887000.0,1988200.0
2.0,1.0,1.0,,Aggregate Position Limit,Your CRO has set the aggregate position limit to 12000 shares for this week.,81,2026-02-01 04:12:28.442913,SPNG,25.16,25.02,25.1,2273700.0,2189200.0
1.0,1.0,1.0,,Welcome to the RITC 2026 Alogithmic Market Making Case - practice server,,81,2026-02-01 04:12:28.442913,SMMR,25.23,25.22,25.23,2018500.0,1988100.0
,,,,,,81,2026-02-01 04:12:28.442913,ATMN,24.93,25.2,25.28,2348000.0,1189500.0
,,,,,,81,2026-02-01 04:12:28.442913,WNTR,25.65,25.36,25.65,1775900.0,1755900.0
2.0,1.0,1.0,,Aggregate Position Limit,Your CRO has set the aggregate position limit to 12000 shares for this week.,82,2026-02-01 04:12:29.479371,SPNG,24.92,25.03,25.1,2296800.0,2189200.0
1.0,1.0,1.0,,Welcome to the RITC 2026 Alogithmic Market Making Case - practice server,,82,2026-02-01 04:12:29.479371,SMMR,25.26,25.22,25.26,2018500.0,1994800.0
,,,,,,82,2026-02-01 04:12:29.479371,ATMN,25.2,24.67,24.95,2340700.0,1415200.0
,,,,,,82,2026-02-01 04:12:29.479371,WNTR,25.62,25.36,25.62,1775900.0,1965900.0
2.0,1.0,1.0,,Aggregate Position Limit,Your CRO has set the aggregate position limit to 12000 shares for this week.,83,2026-02-01 04:12:30.510615,SPNG,25.29,25.03,25.29,2296800.0,2178700.0
1.0,1.0,1.0,,Welcome to the RITC 2026 Alogithmic Market Making Case - practice server,,83,2026-02-01 04:12:30.510615,SMMR,25.1,25.1,25.28,1904700.0,1976600.0
,,,,,,83,2026-02-01 04:12:30.510615,ATMN,25.07,25.07,25.28,2359300.0,1300500.0
,,,,,,83,2026-02-01 04:12:30.510615,WNTR,25.65,25.35,25.52,1762900.0,1963000.0
2.0,1.0,1.0,,Aggregate Position Limit,Your CRO has set the aggregate position limit to 12000 shares for this week.,84,2026-02-01 04:12:31.567639,SPNG,25.34,25.11,25.22,2313400.0,2224400.0
1.0,1.0,1.0,,Welcome to the RITC 2026 Alogithmic Market Making Case - practice server,,84,2026-02-01 04:12:31.567639,SMMR,25.1,25.1,25.11,2083400.0,1983600.0
,,,,,,84,2026-02-01 04:12:31.567639,ATMN,25.07,24.67,25.07,2342800.0,1614300.0
,,,,,,84,2026-02-01 04:12:31.567639,WNTR,25.65,25.48,25.65,1762900.0,2086700.0
2.0,1.0,1.0,,Aggregate Position Limit,Your CRO has set the aggregate position limit to 12000 shares for this week.,85,2026-02-01 04:12:32.614406,SPNG,25.11,25.11,25.22,2307300.0,2224400.0
1.0,1.0,1.0,,Welcome to the RITC 2026 Alogithmic Market Making Case - practice server,,85,2026-02-01 04:12:32.614406,SMMR,25.1,25.1,25.28,2086100.0,1976600.0
,,,,,,85,2026-02-01 04:12:32.614406,ATMN,25.07,24.79,24.9,2335800.0,1812100.0
,,,,,,85,2026-02-01 04:12:32.614406,WNTR,25.67,25.48,25.66,1856600.0,2097600.0
2.0,1.0,1.0,,Aggregate Position Limit,Your CRO has set the aggregate position limit to 12000 shares for this week.,86,2026-02-01 04:12:33.658820,SPNG,25.22,25.2,25.22,2304400.0,2224400.0
1.0,1.0,1.0,,Welcome to the RITC 2026 Alogithmic Market Making Case - practice server,,86,2026-02-01 04:12:33.658820,SMMR,25.2,25.1,25.2,2083600.0,1987500.0
,,,,,,86,2026-02-01 04:12:33.658820,ATMN,24.9,24.9,25.07,2322500.0,1717800.0
,,,,,,86,2026-02-01 04:12:33.658820,WNTR,25.49,25.48,25.49,1856600.0,2080400.0
2.0,1.0,1.0,,Aggregate Position Limit,Your CRO has set the aggregate position limit to 12000 shares for this week.,87,2026-02-01 04:12:34.688411,SPNG,25.35,24.77,25.35,2318300.0,2140400.0
1.0,1.0,1.0,,Welcome to the RITC 2026 Alogithmic Market Making Case - practice server,,87,2026-02-01 04:12:34.688411,SMMR,25.29,25.1,25.26,2080200.0,1955600.0
,,,,,,87,2026-02-01 04:12:34.688411,ATMN,24.95,24.9,24.95,2322500.0,1943700.0
,,,,,,87,2026-02-01 04:12:34.688411,WNTR,25.49,25.56,25.57,1976300.0,2114300.0
2.0,1.0,1.0,,Aggregate Position Limit,Your CRO has set the aggregate position limit to 12000 shares for this week.,88,2026-02-01 04:12:35.710602,SPNG,25.35,25.26,25.28,2291400.0,2190700.0
1.0,1.0,1.0,,Welcome to the RITC 2026 Alogithmic Market Making Case - practice server,,88,2026-02-01 04:12:35.710602,SMMR,25.09,25.09,25.26,2077200.0,1955600.0
,,,,,,88,2026-02-01 04:12:35.710602,ATMN,24.91,24.91,24.95,2313900.0,1943700.0
,,,,,,88,2026-02-01 04:12:35.710602,WNTR,25.57,25.48,25.57,1856600.0,2087300.0
2.0,1.0,1.0,,Aggregate Position Limit,Your CRO has set the aggregate position limit to 12000 shares for this week.,89,2026-02-01 04:12:36.744636,SPNG,24.75,24.75,25.28,2295800.0,2190700.0
1.0,1.0,1.0,,Welcome to the RITC 2026 Alogithmic Market Making Case - practice server,,89,2026-02-01 04:12:36.744636,SMMR,25.34,25.21,25.34,2068500.0,1976400.0
,,,,,,89,2026-02-01 04:12:36.744636,ATMN,24.9,24.9,25.01,2274400.0,1842000.0
,,,,,,89,2026-02-01 04:12:36.744636,WNTR,25.57,25.6,25.66,1966400.0,2089500.0
2.0,1.0,1.0,,Aggregate Position Limit,Your CRO has set the aggregate position limit to 12000 shares for this week.,90,2026-02-01 04:12:37.801874,SPNG,25.28,24.75,25.28,2290600.0,2190700.0
1.0,1.0,1.0,,Welcome to the RITC 2026 Alogithmic Market Making Case - practice server,,90,2026-02-01 04:12:37.801874,SMMR,25.16,25.16,25.17,2088700.0,1952800.0
,,,,,,90,2026-02-01 04:12:37.801874,ATMN,24.88,24.88,24.92,2285900.0,1737900.0
,,,,,,90,2026-02-01 04:12:37.801874,WNTR,25.48,25.35,25.43,1769600.0,2075700.0
2.0,1.0,1.0,,Aggregate Position Limit,Your CRO has set the aggregate position limit to 12000 shares for this week.,91,2026-02-01 04:12:38.857112,SPNG,25.35,24.93,25.35,2263700.0,2185500.0
1.0,1.0,1.0,,Welcome to the RITC 2026 Alogithmic Market Making Case - practice server,,91,2026-02-01 04:12:38.857112,SMMR,25.36,25.16,25.36,2088700.0,1964700.0
,,,,,,91,2026-02-01 04:12:38.857112,ATMN,25.11,24.88,25.11,2256400.0,1501400.0
,,,,,,91,2026-02-01 04:12:38.857112,WNTR,25.48,25.35,25.43,2075000.0,2075700.0
2.0,1.0,1.0,,Aggregate Position Limit,Your CRO has set the aggregate position limit to 12000 shares for this week.,92,2026-02-01 04:12:39.883830,SPNG,25.35,24.93,24.99,2279900.0,2176500.0
1.0,1.0,1.0,,Welcome to the RITC 2026 Alogithmic Market Making Case - practice server,,92,2026-02-01 04:12:39.883830,SMMR,25.09,25.09,25.27,2077200.0,1944300.0
,,,,,,92,2026-02-01 04:12:39.883830,ATMN,25.01,24.85,25.01,2296500.0,1630700.0
,,,,,,92,2026-02-01 04:12:39.883830,WNTR,25.43,25.44,25.56,2201300.0,2104600.0
2.0,1.0,1.0,,Aggregate Position Limit,Your CRO has set the aggregate position limit to 12000 shares for this week.,93,2026-02-01 04:12:40.911494,SPNG,25.35,24.98,24.99,2263700.0,2176500.0
1.0,1.0,1.0,,Welcome to the RITC 2026 Alogithmic Market Making Case - practice server,,93,2026-02-01 04:12:40.911494,SMMR,25.07,25.07,25.27,2069600.0,1944300.0
,,,,,,93,2026-02-01 04:12:40.911494,ATMN,24.85,24.85,25.01,2296500.0,1823600.0
,,,,,,93,2026-02-01 04:12:40.911494,WNTR,25.34,25.55,25.56,2158700.0,2104600.0
2.0,1.0,1.0,,Aggregate Position Limit,Your CRO has set the aggregate position limit to 12000 shares for this week.,94,2026-02-01 04:12:41.965256,SPNG,24.98,24.98,25.35,2263700.0,2169300.0
1.0,1.0,1.0,,Welcome to the RITC 2026 Alogithmic Market Making Case - practice server,,94,2026-02-01 04:12:41.965256,SMMR,25.32,25.32,25.36,2055300.0,1967200.0
,,,,,,94,2026-02-01 04:12:41.965256,ATMN,25.11,24.79,25.11,2316900.0,1811700.0
,,,,,,94,2026-02-01 04:12:41.965256,WNTR,25.56,25.55,25.56,2170300.0,2104600.0
2.0,1.0,1.0,,Aggregate Position Limit,Your CRO has set the aggregate position limit to 12000 shares for this week.,95,2026-02-01 04:12:43.011281,SPNG,25.45,24.93,25.45,2248800.0,2130600.0
1.0,1.0,1.0,,Welcome to the RITC 2026 Alogithmic Market Making Case - practice server,,95,2026-02-01 04:12:43.011281,SMMR,25.32,25.35,25.36,2024100.0,1954900.0
,,,,,,95,2026-02-01 04:12:43.011281,ATMN,24.76,24.74,24.76,2330600.0,2135600.0
,,,,,,95,2026-02-01 04:12:43.011281,WNTR,25.56,25.48,25.56,2207700.0,2104600.0
2.0,1.0,1.0,,Aggregate Position Limit,Your CRO has set the aggregate position limit to 12000 shares for this week.,96,2026-02-01 04:12:44.074732,SPNG,24.75,24.75,25.45,2275800.0,2130600.0
1.0,1.0,1.0,,Welcome to the RITC 2026 Alogithmic Market Making Case - practice server,,96,2026-02-01 04:12:44.074732,SMMR,25.4,25.09,25.21,2036200.0,1962600.0
,,,,,,96,2026-02-01 04:12:44.074732,ATMN,25.02,25.02,25.05,2336400.0,2140900.0
,,,,,,96,2026-02-01 04:12:44.074732,WNTR,25.48,25.48,25.56,2183100.0,2120000.0
2.0,1.0,1.0,,Aggregate Position Limit,Your CRO has set the aggregate position limit to 12000 shares for this week.,97,2026-02-01 04:12:45.125046,SPNG,24.65,24.65,24.69,2253500.0,2112600.0
1.0,1.0,1.0,,Welcome to the RITC 2026 Alogithmic Market Making Case - practice server,,97,2026-02-01 04:12:45.125046,SMMR,25.41,25.09,25.14,2036200.0,1946400.0
,,,,,,97,2026-02-01 04:12:45.125046,ATMN,25.02,25.02,25.05,2336400.0,2108800.0
,,,,,,97,2026-02-01 04:12:45.125046,WNTR,25.48,25.53,25.56,2204000.0,2131400.0
2.0,1.0,1.0,,Aggregate Position Limit,Your CRO has set the aggregate position limit to 12000 shares for this week.,98,2026-02-01 04:12:46.152447,SPNG,25.55,25.2,25.55,2246000.0,2102800.0
1.0,1.0,1.0,,Welcome to the RITC 2026 Alogithmic Market Making Case - practice server,,98,2026-02-01 04:12:46.152447,SMMR,25.32,25.09,25.22,2036200.0,1926900.0
,,,,,,98,2026-02-01 04:12:46.152447,ATMN,25.05,24.69,25.05,2335400.0,2108800.0
,,,,,,98,2026-02-01 04:12:46.152447,WNTR,25.34,25.34,25.56,2217600.0,2131400.0
2.0,1.0,1.0,,Aggregate Position Limit,Your CRO has set the aggregate position limit to 12000 shares for this week.,99,2026-02-01 04:12:47.167260,SPNG,25.2,24.65,24.94,2280100.0,2133900.0
1.0,1.0,1.0,,Welcome to the RITC 2026 Alogithmic Market Making Case - practice server,,99,2026-02-01 04:12:47.167260,SMMR,25.09,25.09,25.22,2036200.0,1926900.0
,,,,,,99,2026-02-01 04:12:47.167260,ATMN,24.69,24.69,25.05,2354800.0,2108800.0
,,,,,,99,2026-02-01 04:12:47.167260,WNTR,25.58,25.34,25.36,2217600.0,2102200.0
2.0,1.0,1.0,,Aggregate Position Limit,Your CRO has set the aggregate position limit to 12000 shares for this week.,100,2026-02-01 04:12:48.195952,SPNG,25.56,24.65,25.56,2280100.0,2099000.0
1.0,1.0,1.0,,Welcome to the RITC 2026 Alogithmic Market Making Case - practice server,,100,2026-02-01 04:12:48.195952,SMMR,25.32,25.34,25.41,2024000.0,1942400.0
,,,,,,100,2026-02-01 04:12:48.195952,ATMN,24.69,24.76,25.05,2347500.0,2105500.0
,,,,,,100,2026-02-01 04:12:48.195952,WNTR,25.34,25.34,25.58,2226700.0,2100900.0
2.0,1.0,1.0,,Aggregate Position Limit,Your CRO has set the aggregate position limit to 12000 shares for this week.,101,2026-02-01 04:12:49.218032,SPNG,25.56,24.65,25.1,2280100.0,2123800.0
1.0,1.0,1.0,,Welcome to the RITC 2026 Alogithmic Market Making Case - practice server,,101,2026-02-01 04:12:49.218032,SMMR,25.09,25.1,25.41,2038400.0,1942400.0
,,,,,,101,2026-02-01 04:12:49.218032,ATMN,24.76,24.69,24.73,2337700.0,2103300.0
,,,,,,101,2026-02-01 04:12:49.218032,WNTR,25.62,25.34,25.35,2224800.0,2126800.0
2.0,1.0,1.0,,Aggregate Position Limit,Your CRO has set the aggregate position limit to 12000 shares for this week.,102,2026-02-01 04:12:50.244884,SPNG,25.1,24.73,25.1,2234200.0,2123800.0
1.0,1.0,1.0,,Welcome to the RITC 2026 Alogithmic Market Making Case - practice server,,102,2026-02-01 04:12:50.244884,SMMR,25.41,25.1,25.41,2024300.0,1942400.0
,,,,,,102,2026-02-01 04:12:50.244884,ATMN,24.73,24.77,25.05,2270600.0,2103900.0
,,,,,,102,2026-02-01 04:12:50.244884,WNTR,25.35,25.34,25.35,2245400.0,2126800.0
2.0,1.0,1.0,,Aggregate Position Limit,Your CRO has set the aggregate position limit to 12000 shares for this week.,103,2026-02-01 04:12:51.279358,SPNG,25.57,24.85,25.57,2254000.0,2085600.0
1.0,1.0,1.0,,Welcome to the RITC 2026 Alogithmic Market Making Case - practice server,,103,2026-02-01 04:12:51.279358,SMMR,25.38,25.1,25.35,2024300.0,1944300.0
,,,,,,103,2026-02-01 04:12:51.279358,ATMN,24.98,24.98,25.05,2290400.0,2103900.0
,,,,,,103,2026-02-01 04:12:51.279358,WNTR,25.66,25.37,25.66,2254600.0,2086600.0
2.0,1.0,1.0,,Aggregate Position Limit,Your CRO has set the aggregate position limit to 12000 shares for this week.,104,2026-02-01 04:12:52.304900,SPNG,25.57,24.85,25.47,2269200.0,2102100.0
1.0,1.0,1.0,,Welcome to the RITC 2026 Alogithmic Market Making Case - practice server,,104,2026-02-01 04:12:52.304900,SMMR,25.3,25.1,25.29,2009900.0,1945000.0
,,,,,,104,2026-02-01 04:12:52.304900,ATMN,24.97,24.97,25.05,2317000.0,2103900.0
,,,,,,104,2026-02-01 04:12:52.304900,WNTR,25.29,25.29,25.57,2244200.0,2065000.0
2.0,1.0,1.0,,Aggregate Position Limit,Your CRO has set the aggregate position limit to 12000 shares for this week.,105,2026-02-01 04:12:53.324135,SPNG,25.57,24.85,25.47,2247400.0,2131400.0
1.0,1.0,1.0,,Welcome to the RITC 2026 Alogithmic Market Making Case - practice server,,105,2026-02-01 04:12:53.324135,SMMR,25.23,25.1,25.23,2014200.0,1951800.0
,,,,,,105,2026-02-01 04:12:53.324135,ATMN,24.76,24.76,25.05,2326400.0,2105200.0
,,,,,,105,2026-02-01 04:12:53.324135,WNTR,25.67,25.29,25.61,2244200.0,2062100.0
2.0,1.0,1.0,,Aggregate Position Limit,Your CRO has set the aggregate position limit to 12000 shares for this week.,106,2026-02-01 04:12:54.360497,SPNG,25.57,25.06,25.47,2241700.0,2162600.0
1.0,1.0,1.0,,Welcome to the RITC 2026 Alogithmic Market Making Case - practice server,,106,2026-02-01 04:12:54.360497,SMMR,25.04,25.04,25.3,2018500.0,1946500.0
,,,,,,106,2026-02-01 04:12:54.360497,ATMN,25.11,24.76,25.11,2321300.0,2140900.0
,,,,,,106,2026-02-01 04:12:54.360497,WNTR,25.38,25.42,25.61,2225200.0,2062100.0
2.0,1.0,1.0,,Aggregate Position Limit,Your CRO has set the aggregate position limit to 12000 shares for this week.,107,2026-02-01 04:12:55.385065,SPNG,24.92,24.92,25.47,2237000.0,2162600.0
1.0,1.0,1.0,,Welcome to the RITC 2026 Alogithmic Market Making Case - practice server,,107,2026-02-01 04:12:55.385065,SMMR,25.42,25.04,25.12,1996600.0,1936100.0
,,,,,,107,2026-02-01 04:12:55.385065,ATMN,25.12,24.76,25.12,2364700.0,2138100.0
,,,,,,107,2026-02-01 04:12:55.385065,WNTR,25.42,25.42,25.43,2225200.0,2102100.0
2.0,1.0,1.0,,Aggregate Position Limit,Your CRO has set the aggregate position limit to 12000 shares for this week.,109,2026-02-01 04:12:56.423748,SPNG,25.53,24.92,25.32,2268000.0,2186100.0
1.0,1.0,1.0,,Welcome to the RITC 2026 Alogithmic Market Making Case - practice server,,109,2026-02-01 04:12:56.423748,SMMR,25.37,25.27,25.37,2016400.0,1925500.0
,,,,,,109,2026-02-01 04:12:56.423748,ATMN,25.16,25.02,25.16,2402600.0,2139700.0
,,,,,,109,2026-02-01 04:12:56.423748,WNTR,25.43,25.33,25.43,2232200.0,2102100.0
2.0,1.0,1.0,,Aggregate Position Limit,Your CRO has set the aggregate position limit to 12000 shares for this week.,110,2026-02-01 04:12:57.480711,SPNG,24.85,24.85,25.32,2249000.0,2186100.0
1.0,1.0,1.0,,Welcome to the RITC 2026 Alogithmic Market Making Case - practice server,,110,2026-02-01 04:12:57.480711,SMMR,25.32,25.27,25.32,2016400.0,1927300.0
,,,,,,110,2026-02-01 04:12:57.480711,ATMN,25.05,25.02,25.05,2402600.0,2119100.0
,,,,,,110,2026-02-01 04:12:57.480711,WNTR,25.33,25.33,25.56,2216200.0,2074400.0
2.0,1.0,1.0,,Aggregate Position Limit,Your CRO has set the aggregate position limit to 12000 shares for this week.,111,2026-02-01 04:12:58.512360,SPNG,25.21,25.21,25.32,2257800.0,2186100.0
1.0,1.0,1.0,,Welcome to the RITC 2026 Alogithmic Market Making Case - practice server,,111,2026-02-01 04:12:58.512360,SMMR,25.32,25.23,25.32,1980600.0,1936200.0
,,,,,,111,2026-02-01 04:12:58.512360,ATMN,25.18,25.02,25.12,2402600.0,2126000.0
,,,,,,111,2026-02-01 04:12:58.512360,WNTR,25.33,25.33,25.47,2205600.0,2120100.0
2.0,1.0,1.0,,Aggregate Position Limit,Your CRO has set the aggregate position limit to 12000 shares for this week.,112,2026-02-01 04:12:59.543470,SPNG,25.5,24.85,25.5,2249000.0,2163100.0
1.0,1.0,1.0,,Welcome to the RITC 2026 Alogithmic Market Making Case - practice server,,112,2026-02-01 04:12:59.543470,SMMR,25.32,25.23,25.29,1980600.0,1932400.0
,,,,,,112,2026-02-01 04:12:59.543470,ATMN,25.18,25.02,25.12,2402600.0,2102900.0
,,,,,,112,2026-02-01 04:12:59.543470,WNTR,25.33,25.33,25.47,2203900.0,2137300.0
2.0,1.0,1.0,,Aggregate Position Limit,Your CRO has set the aggregate position limit to 12000 shares for this week.,113,2026-02-01 04:13:00.562849,SPNG,24.85,24.85,25.5,2234400.0,2163100.0
1.0,1.0,1.0,,Welcome to the RITC 2026 Alogithmic Market Making Case - practice server,,113,2026-02-01 04:13:00.562849,SMMR,25.23,25.12,25.22,1964400.0,1926900.0
,,,,,,113,2026-02-01 04:13:00.562849,ATMN,24.92,24.97,25.12,2409500.0,2102900.0
,,,,,,113,2026-02-01 04:13:00.562849,WNTR,25.33,25.4,25.47,2167500.0,2137300.0
2.0,1.0,1.0,,Aggregate Position Limit,Your CRO has set the aggregate position limit to 12000 shares for this week.,114,2026-02-01 04:13:01.603826,SPNG,24.85,25.29,25.48,2209400.0,2169900.0
1.0,1.0,1.0,,Welcome to the RITC 2026 Alogithmic Market Making Case - practice server,,114,2026-02-01 04:13:01.603826,SMMR,25.12,25.12,25.22,1969800.0,1926900.0
,,,,,,114,2026-02-01 04:13:01.603826,ATMN,25.18,24.97,25.18,2383800.0,2133900.0
,,,,,,114,2026-02-01 04:13:01.603826,WNTR,25.33,25.4,25.47,2180000.0,2127700.0
2.0,1.0,1.0,,Aggregate Position Limit,Your CRO has set the aggregate position limit to 12000 shares for this week.,115,2026-02-01 04:13:02.633604,SPNG,25.29,25.29,25.48,2209400.0,2169700.0
1.0,1.0,1.0,,Welcome to the RITC 2026 Alogithmic Market Making Case - practice server,,115,2026-02-01 04:13:02.633604,SMMR,25.11,25.11,25.12,1969500.0,1926400.0
,,,,,,115,2026-02-01 04:13:02.633604,ATMN,24.84,24.88,25.0,2368100.0,2107900.0
,,,,,,115,2026-02-01 04:13:02.633604,WNTR,25.33,25.42,25.47,2149400.0,2117500.0
2.0,1.0,1.0,,Aggregate Position Limit,Your CRO has set the aggregate position limit to 12000 shares for this week.,116,2026-02-01 04:13:03.662833,SPNG,25.27,25.4,25.48,2209600.0,2169700.0
1.0,1.0,1.0,,Welcome to the RITC 2026 Alogithmic Market Making Case - practice server,,116,2026-02-01 04:13:03.662833,SMMR,25.12,25.17,25.18,1954000.0,1948900.0
,,,,,,116,2026-02-01 04:13:03.662833,ATMN,25.0,24.88,25.0,2336900.0,2107900.0
,,,,,,116,2026-02-01 04:13:03.662833,WNTR,25.34,25.39,25.47,2214600.0,2117500.0
2.0,1.0,1.0,,Aggregate Position Limit,Your CRO has set the aggregate position limit to 12000 shares for this week.,117,2026-02-01 04:13:04.714706,SPNG,25.48,25.37,25.48,2194100.0,2169700.0
1.0,1.0,1.0,,Welcome to the RITC 2026 Alogithmic Market Making Case - practice server,,117,2026-02-01 04:13:04.714706,SMMR,25.21,25.04,25.21,1964100.0,1942600.0
,,,,,,117,2026-02-01 04:13:04.714706,ATMN,25.16,25.02,25.16,2341600.0,2104900.0
,,,,,,117,2026-02-01 04:13:04.714706,WNTR,25.33,25.38,25.47,2206400.0,2117500.0
2.0,1.0,1.0,,Aggregate Position Limit,Your CRO has set the aggregate position limit to 12000 shares for this week.,118,2026-02-01 04:13:05.782914,SPNG,24.84,24.84,25.41,2249500.0,2163900.0
1.0,1.0,1.0,,Welcome to the RITC 2026 Alogithmic Market Making Case - practice server,,118,2026-02-01 04:13:05.782914,SMMR,25.25,25.2,25.25,1994400.0,1971300.0
,,,,,,118,2026-02-01 04:13:05.782914,ATMN,25.02,24.88,24.96,2336900.0,2155100.0
,,,,,,118,2026-02-01 04:13:05.782914,WNTR,25.47,25.38,25.47,2206400.0,2144400.0
2.0,1.0,1.0,,Aggregate Position Limit,Your CRO has set the aggregate position limit to 12000 shares for this week.,119,2026-02-01 04:13:06.838169,SPNG,25.49,25.45,25.49,2284300.0,2153600.0
1.0,1.0,1.0,,Welcome to the RITC 2026 Alogithmic Market Making Case - practice server,,119,2026-02-01 04:13:06.838169,SMMR,25.06,25.04,25.06,2002100.0,1995500.0
,,,,,,119,2026-02-01 04:13:06.838169,ATMN,24.83,24.83,24.96,2385900.0,2171500.0
,,,,,,119,2026-02-01 04:13:06.838169,WNTR,25.53,25.33,25.53,2166200.0,2127800.0
2.0,1.0,1.0,,Aggregate Position Limit,Your CRO has set the aggregate position limit to 12000 shares for this week.,120,2026-02-01 04:13:07.903329,SPNG,24.8,24.8,25.19,1072400.0,839300.0
1.0,1.0,1.0,,Welcome to the RITC 2026 Alogithmic Market Making Case - practice server,,120,2026-02-01 04:13:07.903329,SMMR,26.71,26.01,26.33,647500.0,563100.0
,,,,,,120,2026-02-01 04:13:07.903329,ATMN,25.05,23.26,23.93,958900.0,880700.0
,,,,,,120,2026-02-01 04:13:07.903329,WNTR,25.53,24.96,25.05,884900.0,964600.0
2.0,1.0,1.0,,Aggregate Position Limit,Your CRO has set the aggregate position limit to 12000 shares for this week.,121,2026-02-01 04:13:08.942045,SPNG,24.8,24.8,25.19,1072400.0,1137400.0
1.0,1.0,1.0,,Welcome to the RITC 2026 Alogithmic Market Making Case - practice server,,121,2026-02-01 04:13:08.942045,SMMR,26.71,26.11,26.33,1053600.0,763300.0
,,,,,,121,2026-02-01 04:13:08.942045,ATMN,23.21,23.21,23.7,984800.0,1099400.0
,,,,,,121,2026-02-01 04:13:08.942045,WNTR,25.53,24.96,25.05,989200.0,1201600.0
2.0,1.0,1.0,,Aggregate Position Limit,Your CRO has set the aggregate position limit to 12000 shares for this week.,122,2026-02-01 04:13:09.973969,SPNG,24.96,24.96,25.0,1069600.0,1359000.0
1.0,1.0,1.0,,Welcome to the RITC 2026 Alogithmic Market Making Case - practice server,,122,2026-02-01 04:13:09.973969,SMMR,26.33,26.38,26.73,1462600.0,764000.0
,,,,,,122,2026-02-01 04:13:09.973969,ATMN,22.71,22.71,22.86,1076700.0,1205000.0
,,,,,,122,2026-02-01 04:13:09.973969,WNTR,25.21,24.96,25.21,889200.0,1205000.0
2.0,1.0,1.0,,Aggregate Position Limit,Your CRO has set the aggregate position limit to 12000 shares for this week.,123,2026-02-01 04:13:10.994239,SPNG,24.79,23.96,24.37,1552700.0,1450500.0
1.0,1.0,1.0,,Welcome to the RITC 2026 Alogithmic Market Making Case - practice server,,123,2026-02-01 04:13:10.994239,SMMR,26.33,26.72,26.73,1751400.0,849400.0
,,,,,,123,2026-02-01 04:13:10.994239,ATMN,22.62,22.71,23.03,1248700.0,1216600.0
,,,,,,123,2026-02-01 04:13:10.994239,WNTR,25.21,25.02,25.21,1010900.0,1422600.0
2.0,1.0,1.0,,Aggregate Position Limit,Your CRO has set the aggregate position limit to 12000 shares for this week.,124,2026-02-01 04:13:12.027832,SPNG,25.0,24.39,25.0,1791000.0,1359000.0
1.0,1.0,1.0,,Welcome to the RITC 2026 Alogithmic Market Making Case - practice server,,124,2026-02-01 04:13:12.027832,SMMR,26.72,26.69,26.7,1783800.0,1105400.0
,,,,,,124,2026-02-01 04:13:12.027832,ATMN,22.71,22.09,22.51,1241600.0,1460500.0
,,,,,,124,2026-02-01 04:13:12.027832,WNTR,25.02,25.02,25.12,1010900.0,1778200.0
2.0,1.0,1.0,,Aggregate Position Limit,Your CRO has set the aggregate position limit to 12000 shares for this week.,125,2026-02-01 04:13:13.058987,SPNG,24.73,24.73,25.0,2033500.0,1359000.0
1.0,1.0,1.0,,Welcome to the RITC 2026 Alogithmic Market Making Case - practice server,,125,2026-02-01 04:13:13.058987,SMMR,26.69,26.69,26.7,1972400.0,1105400.0
,,,,,,125,2026-02-01 04:13:13.058987,ATMN,22.09,22.61,23.03,1352300.0,1336200.0
,,,,,,125,2026-02-01 04:13:13.058987,WNTR,24.96,24.67,24.85,1139400.0,1881700.0
2.0,1.0,1.0,,Aggregate Position Limit,Your CRO has set the aggregate position limit to 12000 shares for this week.,126,2026-02-01 04:13:14.150380,SPNG,24.73,24.9,25.0,2159600.0,1554500.0
1.0,1.0,1.0,,Welcome to the RITC 2026 Alogithmic Market Making Case - practice server,,126,2026-02-01 04:13:14.150380,SMMR,26.72,26.67,26.72,1859100.0,1202700.0
,,,,,,126,2026-02-01 04:13:14.150380,ATMN,22.61,22.09,22.46,1493300.0,1457000.0
,,,,,,126,2026-02-01 04:13:14.150380,WNTR,24.85,25.02,25.12,1480300.0,1778200.0
2.0,1.0,1.0,,Aggregate Position Limit,Your CRO has set the aggregate position limit to 12000 shares for this week.,127,2026-02-01 04:13:15.180427,SPNG,24.9,24.73,24.75,2160400.0,1676700.0
1.0,1.0,1.0,,Welcome to the RITC 2026 Alogithmic Market Making Case - practice server,,127,2026-02-01 04:13:15.180427,SMMR,26.73,26.67,26.73,2034800.0,1125200.0
,,,,,,127,2026-02-01 04:13:15.180427,ATMN,22.89,22.61,22.74,1590900.0,1433400.0
,,,,,,127,2026-02-01 04:13:15.180427,WNTR,25.02,24.83,24.85,1366100.0,2126100.0
2.0,1.0,1.0,,Aggregate Position Limit,Your CRO has set the aggregate position limit to 12000 shares for this week.,128,2026-02-01 04:13:16.212407,SPNG,25.08,25.11,25.19,2397800.0,1437600.0
1.0,1.0,1.0,,Welcome to the RITC 2026 Alogithmic Market Making Case - practice server,,128,2026-02-01 04:13:16.212407,SMMR,26.73,26.67,26.73,2034800.0,1184600.0
,,,,,,128,2026-02-01 04:13:16.212407,ATMN,22.61,22.61,22.74,1869100.0,1433400.0
,,,,,,128,2026-02-01 04:13:16.212407,WNTR,25.02,24.84,24.85,1680700.0,2126100.0
2.0,1.0,1.0,,Aggregate Position Limit,Your CRO has set the aggregate position limit to 12000 shares for this week.,129,2026-02-01 04:13:17.247479,SPNG,25.19,24.55,25.19,2144600.0,1557100.0
1.0,1.0,1.0,,Welcome to the RITC 2026 Alogithmic Market Making Case - practice server,,129,2026-02-01 04:13:17.247479,SMMR,26.73,26.67,26.73,2034800.0,1470900.0
,,,,,,129,2026-02-01 04:13:17.247479,ATMN,22.74,22.92,23.03,1980700.0,1594500.0
,,,,,,129,2026-02-01 04:13:17.247479,WNTR,24.85,24.98,25.04,1877700.0,2125800.0
2.0,1.0,1.0,,Aggregate Position Limit,Your CRO has set the aggregate position limit to 12000 shares for this week.,130,2026-02-01 04:13:18.273619,SPNG,24.56,24.55,24.56,2254600.0,1783700.0
1.0,1.0,1.0,,Welcome to the RITC 2026 Alogithmic Market Making Case - practice server,,130,2026-02-01 04:13:18.273619,SMMR,26.65,26.65,26.73,1932900.0,1568800.0
,,,,,,130,2026-02-01 04:13:18.273619,ATMN,22.74,22.92,22.98,1980700.0,1932100.0
,,,,,,130,2026-02-01 04:13:18.273619,WNTR,24.84,24.91,25.04,1989100.0,2125800.0
2.0,1.0,1.0,,Aggregate Position Limit,Your CRO has set the aggregate position limit to 12000 shares for this week.,131,2026-02-01 04:13:19.301986,SPNG,24.56,24.55,24.56,2624400.0,1783700.0
1.0,1.0,1.0,,Welcome to the RITC 2026 Alogithmic Market Making Case - practice server,,131,2026-02-01 04:13:19.301986,SMMR,26.65,26.63,26.64,1846200.0,1674500.0
,,,,,,131,2026-02-01 04:13:19.301986,ATMN,22.46,22.46,22.98,1771500.0,2027400.0
,,,,,,131,2026-02-01 04:13:19.301986,WNTR,25.12,25.08,25.12,2210400.0,2012300.0
2.0,1.0,1.0,,Aggregate Position Limit,Your CRO has set the aggregate position limit to 12000 shares for this week.,132,2026-02-01 04:13:20.333113,SPNG,24.56,24.83,24.94,2451200.0,1655900.0
1.0,1.0,1.0,,Welcome to the RITC 2026 Alogithmic Market Making Case - practice server,,132,2026-02-01 04:13:20.333113,SMMR,26.73,26.63,26.64,1956000.0,1803600.0
,,,,,,132,2026-02-01 04:13:20.333113,ATMN,22.46,22.72,22.86,1872000.0,2285600.0
,,,,,,132,2026-02-01 04:13:20.333113,WNTR,25.12,25.08,25.12,2210400.0,2121100.0
2.0,1.0,1.0,,Aggregate Position Limit,Your CRO has set the aggregate position limit to 12000 shares for this week.,133,2026-02-01 04:13:21.352826,SPNG,24.55,24.64,24.94,2445400.0,1783500.0
1.0,1.0,1.0,,Welcome to the RITC 2026 Alogithmic Market Making Case - practice server,,133,2026-02-01 04:13:21.352826,SMMR,26.51,26.51,26.64,1958500.0,1803600.0
,,,,,,133,2026-02-01 04:13:21.352826,ATMN,22.46,22.72,22.75,1872000.0,2392600.0
,,,,,,133,2026-02-01 04:13:21.352826,WNTR,25.12,25.08,25.09,2204900.0,2251400.0
2.0,1.0,1.0,,Aggregate Position Limit,Your CRO has set the aggregate position limit to 12000 shares for this week.,134,2026-02-01 04:13:22.391350,SPNG,24.55,24.55,24.94,2437800.0,1886100.0
1.0,1.0,1.0,,Welcome to the RITC 2026 Alogithmic Market Making Case - practice server,,134,2026-02-01 04:13:22.391350,SMMR,26.77,26.51,26.6,1958500.0,1785400.0
,,,,,,134,2026-02-01 04:13:22.391350,ATMN,22.46,22.46,22.6,1771500.0,2417300.0
,,,,,,134,2026-02-01 04:13:22.391350,WNTR,25.09,25.02,25.09,2188400.0,2256400.0
2.0,1.0,1.0,,Aggregate Position Limit,Your CRO has set the aggregate position limit to 12000 shares for this week.,135,2026-02-01 04:13:23.426058,SPNG,24.55,24.79,24.94,2352300.0,1886100.0
1.0,1.0,1.0,,Welcome to the RITC 2026 Alogithmic Market Making Case - practice server,,135,2026-02-01 04:13:23.426058,SMMR,26.45,26.51,26.6,2065100.0,1785400.0
,,,,,,135,2026-02-01 04:13:23.426058,ATMN,22.85,22.46,22.85,1771500.0,2376400.0
,,,,,,135,2026-02-01 04:13:23.426058,WNTR,25.02,25.0,25.02,2169900.0,2295500.0
2.0,1.0,1.0,,Aggregate Position Limit,Your CRO has set the aggregate position limit to 12000 shares for this week.,136,2026-02-01 04:13:24.469774,SPNG,24.94,24.79,24.8,2284200.0,1893500.0
1.0,1.0,1.0,,Welcome to the RITC 2026 Alogithmic Market Making Case - practice server,,136,2026-02-01 04:13:24.469774,SMMR,26.65,26.51,26.65,2065100.0,1794700.0
,,,,,,136,2026-02-01 04:13:24.469774,ATMN,22.85,22.46,22.63,2012700.0,2380200.0
,,,,,,136,2026-02-01 04:13:24.469774,WNTR,25.13,25.0,25.13,2174600.0,2244900.0
2.0,1.0,1.0,,Aggregate Position Limit,Your CRO has set the aggregate position limit to 12000 shares for this week.,137,2026-02-01 04:13:25.495541,SPNG,24.52,24.52,24.94,2316000.0,1787300.0
1.0,1.0,1.0,,Welcome to the RITC 2026 Alogithmic Market Making Case - practice server,,137,2026-02-01 04:13:25.495541,SMMR,26.65,26.62,26.63,2031900.0,1896500.0
,,,,,,137,2026-02-01 04:13:25.495541,ATMN,22.63,22.46,22.63,2257200.0,2380200.0
,,,,,,137,2026-02-01 04:13:25.495541,WNTR,25.13,25.03,25.13,2154700.0,2244900.0
2.0,1.0,1.0,,Aggregate Position Limit,Your CRO has set the aggregate position limit to 12000 shares for this week.,138,2026-02-01 04:13:26.535113,SPNG,24.64,25.13,25.19,2269200.0,1782500.0
1.0,1.0,1.0,,Welcome to the RITC 2026 Alogithmic Market Making Case - practice server,,138,2026-02-01 04:13:26.535113,SMMR,26.48,26.48,26.63,2030700.0,1905700.0
,,,,,,138,2026-02-01 04:13:26.535113,ATMN,22.84,22.46,22.73,2384100.0,2382300.0
,,,,,,138,2026-02-01 04:13:26.535113,WNTR,24.99,24.99,25.13,2204400.0,2259200.0
2.0,1.0,1.0,,Aggregate Position Limit,Your CRO has set the aggregate position limit to 12000 shares for this week.,139,2026-02-01 04:13:27.607353,SPNG,24.64,25.13,25.14,2269200.0,2064200.0
1.0,1.0,1.0,,Welcome to the RITC 2026 Alogithmic Market Making Case - practice server,,139,2026-02-01 04:13:27.607353,SMMR,26.47,26.47,26.63,2042900.0,1905700.0
,,,,,,139,2026-02-01 04:13:27.607353,ATMN,22.84,22.67,22.7,2614600.0,2363500.0
,,,,,,139,2026-02-01 04:13:27.607353,WNTR,25.15,24.99,25.03,2188800.0,2245500.0
2.0,1.0,1.0,,Aggregate Position Limit,Your CRO has set the aggregate position limit to 12000 shares for this week.,141,2026-02-01 04:13:28.663417,SPNG,24.66,24.66,25.14,2283300.0,2064200.0
1.0,1.0,1.0,,Welcome to the RITC 2026 Alogithmic Market Making Case - practice server,,141,2026-02-01 04:13:28.663417,SMMR,26.8,26.47,26.8,2042900.0,1683400.0
,,,,,,141,2026-02-01 04:13:28.663417,ATMN,22.67,22.67,22.7,2585200.0,2370900.0
,,,,,,141,2026-02-01 04:13:28.663417,WNTR,25.15,24.99,25.03,2190100.0,2222600.0
2.0,1.0,1.0,,Aggregate Position Limit,Your CRO has set the aggregate position limit to 12000 shares for this week.,142,2026-02-01 04:13:29.743586,SPNG,24.57,24.49,24.57,2349700.0,2092200.0
1.0,1.0,1.0,,Welcome to the RITC 2026 Alogithmic Market Making Case - practice server,,142,2026-02-01 04:13:29.743586,SMMR,26.59,26.47,26.59,2042900.0,1795000.0
,,,,,,142,2026-02-01 04:13:29.743586,ATMN,22.54,22.49,22.54,2592800.0,2376800.0
,,,,,,142,2026-02-01 04:13:29.743586,WNTR,25.15,24.99,25.03,2244300.0,2222600.0
2.0,1.0,1.0,,Aggregate Position Limit,Your CRO has set the aggregate position limit to 12000 shares for this week.,143,2026-02-01 04:13:30.774732,SPNG,25.14,24.49,25.14,2309800.0,2064200.0
1.0,1.0,1.0,,Welcome to the RITC 2026 Alogithmic Market Making Case - practice server,,143,2026-02-01 04:13:30.774732,SMMR,26.59,26.6,26.62,2058800.0,1761900.0
,,,,,,143,2026-02-01 04:13:30.774732,ATMN,22.7,22.7,22.73,2475200.0,2387000.0
,,,,,,143,2026-02-01 04:13:30.774732,WNTR,25.16,25.16,25.21,2235200.0,2203400.0
2.0,1.0,1.0,,Aggregate Position Limit,Your CRO has set the aggregate position limit to 12000 shares for this week.,144,2026-02-01 04:13:31.811268,SPNG,25.14,24.49,25.14,2280600.0,2059800.0
1.0,1.0,1.0,,Welcome to the RITC 2026 Alogithmic Market Making Case - practice server,,144,2026-02-01 04:13:31.811268,SMMR,26.59,26.6,26.62,2049100.0,1857500.0
,,,,,,144,2026-02-01 04:13:31.811268,ATMN,22.7,22.7,22.73,2424400.0,2408500.0
,,,,,,144,2026-02-01 04:13:31.811268,WNTR,25.14,25.14,25.21,2225200.0,2203400.0
2.0,1.0,1.0,,Aggregate Position Limit,Your CRO has set the aggregate position limit to 12000 shares for this week.,145,2026-02-01 04:13:32.839124,SPNG,24.44,24.44,25.14,2259800.0,2059800.0
1.0,1.0,1.0,,Welcome to the RITC 2026 Alogithmic Market Making Case - practice server,,145,2026-02-01 04:13:32.839124,SMMR,26.54,26.54,26.62,2073500.0,1863000.0
,,,,,,145,2026-02-01 04:13:32.839124,ATMN,22.6,22.67,22.73,2418800.0,2408500.0
,,,,,,145,2026-02-01 04:13:32.839124,WNTR,24.99,24.99,25.18,2218800.0,2177400.0
2.0,1.0,1.0,,Aggregate Position Limit,Your CRO has set the aggregate position limit to 12000 shares for this week.,146,2026-02-01 04:13:33.867113,SPNG,25.18,24.44,24.92,2259800.0,2063000.0
1.0,1.0,1.0,,Welcome to the RITC 2026 Alogithmic Market Making Case - practice server,,146,2026-02-01 04:13:33.867113,SMMR,26.66,26.52,26.66,2058000.0,1878400.0
,,,,,,146,2026-02-01 04:13:33.867113,ATMN,22.6,22.6,22.86,2461400.0,2360200.0
,,,,,,146,2026-02-01 04:13:33.867113,WNTR,24.95,24.95,25.18,2219400.0,2211200.0
2.0,1.0,1.0,,Aggregate Position Limit,Your CRO has set the aggregate position limit to 12000 shares for this week.,147,2026-02-01 04:13:34.899764,SPNG,24.7,24.44,24.7,2259600.0,2099400.0
1.0,1.0,1.0,,Welcome to the RITC 2026 Alogithmic Market Making Case - practice server,,147,2026-02-01 04:13:34.899764,SMMR,26.66,26.55,26.66,1998700.0,1878400.0
,,,,,,147,2026-02-01 04:13:34.899764,ATMN,22.6,22.6,22.67,2461400.0,2390300.0
,,,,,,147,2026-02-01 04:13:34.899764,WNTR,24.94,24.94,25.18,2226600.0,2200300.0
2.0,1.0,1.0,,Aggregate Position Limit,Your CRO has set the aggregate position limit to 12000 shares for this week.,148,2026-02-01 04:13:35.935463,SPNG,24.92,24.44,24.62,2215400.0,2062200.0
1.0,1.0,1.0,,Welcome to the RITC 2026 Alogithmic Market Making Case - practice server,,148,2026-02-01 04:13:35.935463,SMMR,26.52,26.57,26.74,2018900.0,1807900.0
,,,,,,148,2026-02-01 04:13:35.935463,ATMN,22.6,22.6,22.66,2447100.0,2422100.0
,,,,,,148,2026-02-01 04:13:35.935463,WNTR,25.21,25.07,25.21,2245400.0,2236100.0
2.0,1.0,1.0,,Aggregate Position Limit,Your CRO has set the aggregate position limit to 12000 shares for this week.,149,2026-02-01 04:13:36.967554,SPNG,24.92,24.44,24.62,2228600.0,2062200.0
1.0,1.0,1.0,,Welcome to the RITC 2026 Alogithmic Market Making Case - practice server,,149,2026-02-01 04:13:36.967554,SMMR,26.74,26.71,26.74,1996300.0,1896000.0
,,,,,,149,2026-02-01 04:13:36.967554,ATMN,22.77,22.58,22.77,2482000.0,2422300.0
,,,,,,149,2026-02-01 04:13:36.967554,WNTR,25.07,25.07,25.21,2245400.0,2220500.0
2.0,1.0,1.0,,Aggregate Position Limit,Your CRO has set the aggregate position limit to 12000 shares for this week.,150,2026-02-01 04:13:37.990459,SPNG,24.43,24.43,25.19,2224800.0,2056900.0
1.0,1.0,1.0,,Welcome to the RITC 2026 Alogithmic Market Making Case - practice server,,150,2026-02-01 04:13:37.990459,SMMR,26.71,26.57,26.69,2015400.0,1888200.0
,,,,,,150,2026-02-01 04:13:37.990459,ATMN,22.77,22.58,22.77,2482000.0,2430000.0
,,,,,,150,2026-02-01 04:13:37.990459,WNTR,24.86,24.86,25.21,2284700.0,2220500.0
2.0,1.0,1.0,,Aggregate Position Limit,Your CRO has set the aggregate position limit to 12000 shares for this week.,151,2026-02-01 04:13:39.032512,SPNG,24.39,24.81,25.19,2241200.0,2056900.0
1.0,1.0,1.0,,Welcome to the RITC 2026 Alogithmic Market Making Case - practice server,,151,2026-02-01 04:13:39.032512,SMMR,26.62,26.57,26.58,2015400.0,1890700.0
,,,,,,151,2026-02-01 04:13:39.032512,ATMN,22.46,22.46,22.67,2520300.0,2451600.0
,,,,,,151,2026-02-01 04:13:39.032512,WNTR,25.01,25.01,25.21,2284700.0,2220500.0
2.0,1.0,1.0,,Aggregate Position Limit,Your CRO has set the aggregate position limit to 12000 shares for this week.,152,2026-02-01 04:13:40.079208,SPNG,24.56,24.74,25.19,2293200.0,2056900.0
1.0,1.0,1.0,,Welcome to the RITC 2026 Alogithmic Market Making Case - practice server,,152,2026-02-01 04:13:40.079208,SMMR,26.71,26.57,26.62,1987500.0,1918800.0
,,,,,,152,2026-02-01 04:13:40.079208,ATMN,22.58,22.58,22.67,2476200.0,2420800.0
,,,,,,152,2026-02-01 04:13:40.079208,WNTR,24.86,24.95,25.21,2276900.0,2224200.0
2.0,1.0,1.0,,Aggregate Position Limit,Your CRO has set the aggregate position limit to 12000 shares for this week.,153,2026-02-01 04:13:41.139710,SPNG,24.36,24.93,25.19,2290700.0,2056900.0
1.0,1.0,1.0,,Welcome to the RITC 2026 Alogithmic Market Making Case - practice server,,153,2026-02-01 04:13:41.139710,SMMR,26.71,26.57,26.62,1949900.0,1918800.0
,,,,,,153,2026-02-01 04:13:41.139710,ATMN,22.58,22.58,22.67,2483000.0,2421300.0
,,,,,,153,2026-02-01 04:13:41.139710,WNTR,24.95,24.86,24.92,2291400.0,2212900.0
2.0,1.0,1.0,,Aggregate Position Limit,Your CRO has set the aggregate position limit to 12000 shares for this week.,154,2026-02-01 04:13:42.175891,SPNG,24.49,24.49,25.19,2298400.0,2059400.0
1.0,1.0,1.0,,Welcome to the RITC 2026 Alogithmic Market Making Case - practice server,,154,2026-02-01 04:13:42.175891,SMMR,26.62,26.6,26.62,1943500.0,1918800.0
,,,,,,154,2026-02-01 04:13:42.175891,ATMN,22.73,22.42,22.73,2486400.0,2374800.0
,,,,,,154,2026-02-01 04:13:42.175891,WNTR,24.92,24.99,25.21,2249400.0,2221800.0
2.0,1.0,1.0,,Aggregate Position Limit,Your CRO has set the aggregate position limit to 12000 shares for this week.,155,2026-02-01 04:13:43.209938,SPNG,25.19,24.49,24.6,2303700.0,2080900.0
1.0,1.0,1.0,,Welcome to the RITC 2026 Alogithmic Market Making Case - practice server,,155,2026-02-01 04:13:43.209938,SMMR,26.64,26.64,26.71,1957500.0,1895500.0
,,,,,,155,2026-02-01 04:13:43.209938,ATMN,22.74,22.42,22.74,2434700.0,2356200.0
,,,,,,155,2026-02-01 04:13:43.209938,WNTR,24.92,24.99,25.1,2249400.0,2229100.0
2.0,1.0,1.0,,Aggregate Position Limit,Your CRO has set the aggregate position limit to 12000 shares for this week.,156,2026-02-01 04:13:44.246914,SPNG,25.19,24.49,24.6,2345400.0,2080900.0
1.0,1.0,1.0,,Welcome to the RITC 2026 Alogithmic Market Making Case - practice server,,156,2026-02-01 04:13:44.246914,SMMR,26.6,26.6,26.74,1943500.0,1891200.0
,,,,,,156,2026-02-01 04:13:44.246914,ATMN,22.77,22.77,22.78,2444600.0,2391200.0
,,,,,,156,2026-02-01 04:13:44.246914,WNTR,24.92,24.86,24.91,2291400.0,2261900.0
2.0,1.0,1.0,,Aggregate Position Limit,Your CRO has set the aggregate position limit to 12000 shares for this week.,157,2026-02-01 04:13:45.273331,SPNG,25.12,24.49,24.97,2345400.0,2110600.0
1.0,1.0,1.0,,Welcome to the RITC 2026 Alogithmic Market Making Case - practice server,,157,2026-02-01 04:13:45.273331,SMMR,26.62,26.62,26.75,1950100.0,1889400.0
,,,,,,157,2026-02-01 04:13:45.273331,ATMN,22.41,22.36,22.37,2475800.0,2368000.0
,,,,,,157,2026-02-01 04:13:45.273331,WNTR,25.23,24.94,25.23,2281300.0,2276800.0
2.0,1.0,1.0,,Aggregate Position Limit,Your CRO has set the aggregate position limit to 12000 shares for this week.,158,2026-02-01 04:13:46.313134,SPNG,25.22,24.49,24.55,2321500.0,2062400.0
1.0,1.0,1.0,,Welcome to the RITC 2026 Alogithmic Market Making Case - practice server,,158,2026-02-01 04:13:46.313134,SMMR,26.75,26.75,26.78,1943200.0,1881200.0
,,,,,,158,2026-02-01 04:13:46.313134,ATMN,22.87,22.7,22.87,2417600.0,2433600.0
,,,,,,158,2026-02-01 04:13:46.313134,WNTR,25.01,24.94,25.01,2277100.0,2287500.0
2.0,1.0,1.0,,Aggregate Position Limit,Your CRO has set the aggregate position limit to 12000 shares for this week.,159,2026-02-01 04:13:47.347525,SPNG,24.55,24.56,25.12,2317900.0,2084200.0
1.0,1.0,1.0,,Welcome to the RITC 2026 Alogithmic Market Making Case - practice server,,159,2026-02-01 04:13:47.347525,SMMR,26.63,26.63,26.79,1963900.0,1889500.0
,,,,,,159,2026-02-01 04:13:47.347525,ATMN,22.63,22.66,22.87,2444500.0,2439900.0
,,,,,,159,2026-02-01 04:13:47.347525,WNTR,24.94,24.86,24.94,2277300.0,2252800.0
2.0,1.0,1.0,,Aggregate Position Limit,Your CRO has set the aggregate position limit to 12000 shares for this week.,160,2026-02-01 04:13:48.387199,SPNG,25.12,24.56,25.12,2317900.0,2084200.0
1.0,1.0,1.0,,Welcome to the RITC 2026 Alogithmic Market Making Case - practice server,,160,2026-02-01 04:13:48.387199,SMMR,26.57,26.57,26.79,1949700.0,1903500.0
,,,,,,160,2026-02-01 04:13:48.387199,ATMN,22.88,22.67,22.88,2431000.0,2427900.0
,,,,,,160,2026-02-01 04:13:48.387199,WNTR,24.94,25.17,25.23,2283200.0,2258400.0
2.0,1.0,1.0,,Aggregate Position Limit,Your CRO has set the aggregate position limit to 12000 shares for this week.,161,2026-02-01 04:13:49.418678,SPNG,24.48,24.48,25.22,2309500.0,2071900.0
1.0,1.0,1.0,,Welcome to the RITC 2026 Alogithmic Market Making Case - practice server,,161,2026-02-01 04:13:49.418678,SMMR,26.8,26.67,26.8,1927900.0,1911600.0
,,,,,,161,2026-02-01 04:13:49.418678,ATMN,22.88,22.8,22.88,2366800.0,2422700.0
,,,,,,161,2026-02-01 04:13:49.418678,WNTR,25.17,24.89,25.14,2264900.0,2222500.0
2.0,1.0,1.0,,Aggregate Position Limit,Your CRO has set the aggregate position limit to 12000 shares for this week.,162,2026-02-01 04:13:50.455213,SPNG,24.48,25.02,25.15,2309100.0,2058100.0
1.0,1.0,1.0,,Welcome to the RITC 2026 Alogithmic Market Making Case - practice server,,162,2026-02-01 04:13:50.455213,SMMR,26.67,26.67,26.8,1927900.0,1898600.0
,,,,,,162,2026-02-01 04:13:50.455213,ATMN,22.89,22.8,22.89,2366800.0,2393100.0
,,,,,,162,2026-02-01 04:13:50.455213,WNTR,25.14,25.2,25.23,2271100.0,2226200.0
2.0,1.0,1.0,,Aggregate Position Limit,Your CRO has set the aggregate position limit to 12000 shares for this week.,163,2026-02-01 04:13:51.486132,SPNG,25.02,24.53,24.73,2315600.0,2093400.0
1.0,1.0,1.0,,Welcome to the RITC 2026 Alogithmic Market Making Case - practice server,,163,2026-02-01 04:13:51.486132,SMMR,26.81,26.7,26.81,1958600.0,1896100.0
,,,,,,163,2026-02-01 04:13:51.486132,ATMN,22.97,22.67,22.97,2402900.0,2367800.0
,,,,,,163,2026-02-01 04:13:51.486132,WNTR,25.23,25.07,25.23,2288000.0,2226200.0
2.0,1.0,1.0,,Aggregate Position Limit,Your CRO has set the aggregate position limit to 12000 shares for this week.,164,2026-02-01 04:13:52.516269,SPNG,25.02,24.53,24.73,2336800.0,2093400.0
1.0,1.0,1.0,,Welcome to the RITC 2026 Alogithmic Market Making Case - practice server,,164,2026-02-01 04:13:52.516269,SMMR,26.82,26.71,26.82,1974900.0,1894600.0
,,,,,,164,2026-02-01 04:13:52.516269,ATMN,22.7,22.67,22.7,2376000.0,2392900.0
,,,,,,164,2026-02-01 04:13:52.516269,WNTR,25.07,25.07,25.12,2285800.0,2219000.0
2.0,1.0,1.0,,Aggregate Position Limit,Your CRO has set the aggregate position limit to 12000 shares for this week.,165,2026-02-01 04:13:53.563181,SPNG,25.02,24.53,24.73,2333600.0,2093400.0
1.0,1.0,1.0,,Welcome to the RITC 2026 Alogithmic Market Making Case - practice server,,165,2026-02-01 04:13:53.563181,SMMR,26.7,26.7,26.82,1980100.0,1899700.0
,,,,,,165,2026-02-01 04:13:53.563181,ATMN,22.97,22.7,22.97,2415200.0,2368000.0
,,,,,,165,2026-02-01 04:13:53.563181,WNTR,25.07,24.97,25.03,2272300.0,2224900.0
2.0,1.0,1.0,,Aggregate Position Limit,Your CRO has set the aggregate position limit to 12000 shares for this week.,166,2026-02-01 04:13:54.602279,SPNG,25.02,24.53,24.73,2342400.0,2093400.0
1.0,1.0,1.0,,Welcome to the RITC 2026 Alogithmic Market Making Case - practice server,,166,2026-02-01 04:13:54.602279,SMMR,26.81,26.7,26.81,1952700.0,1906300.0
,,,,,,166,2026-02-01 04:13:54.602279,ATMN,22.97,22.85,22.97,2406200.0,2348500.0
,,,,,,166,2026-02-01 04:13:54.602279,WNTR,25.1,24.92,25.09,2258700.0,2221100.0
2.0,1.0,1.0,,Aggregate Position Limit,Your CRO has set the aggregate position limit to 12000 shares for this week.,167,2026-02-01 04:13:55.640197,SPNG,25.22,24.53,24.62,2371900.0,2102400.0
1.0,1.0,1.0,,Welcome to the RITC 2026 Alogithmic Market Making Case - practice server,,167,2026-02-01 04:13:55.640197,SMMR,26.83,26.73,26.83,1964700.0,1883600.0
,,,,,,167,2026-02-01 04:13:55.640197,ATMN,22.84,22.84,22.97,2399900.0,2357800.0
,,,,,,167,2026-02-01 04:13:55.640197,WNTR,24.92,24.92,25.09,2258700.0,2221100.0
2.0,1.0,1.0,,Aggregate Position Limit,Your CRO has set the aggregate position limit to 12000 shares for this week.,168,2026-02-01 04:13:56.671245,SPNG,25.22,24.53,24.62,2379000.0,2102400.0
1.0,1.0,1.0,,Welcome to the RITC 2026 Alogithmic Market Making Case - practice server,,168,2026-02-01 04:13:56.671245,SMMR,26.85,26.73,26.85,1964700.0,1757300.0
,,,,,,168,2026-02-01 04:13:56.671245,ATMN,22.98,22.84,22.98,2417600.0,2366000.0
,,,,,,168,2026-02-01 04:13:56.671245,WNTR,25.09,25.09,25.12,2252600.0,2219000.0
2.0,1.0,1.0,,Aggregate Position Limit,Your CRO has set the aggregate position limit to 12000 shares for this week.,169,2026-02-01 04:13:57.708003,SPNG,24.62,24.63,25.09,2375000.0,2103000.0
1.0,1.0,1.0,,Welcome to the RITC 2026 Alogithmic Market Making Case - practice server,,169,2026-02-01 04:13:57.708003,SMMR,26.73,26.73,26.85,1964700.0,1861000.0
,,,,,,169,2026-02-01 04:13:57.708003,ATMN,22.84,22.84,22.98,2442400.0,2366000.0
,,,,,,169,2026-02-01 04:13:57.708003,WNTR,24.85,24.85,25.12,2268100.0,2232600.0
2.0,1.0,1.0,,Aggregate Position Limit,Your CRO has set the aggregate position limit to 12000 shares for this week.,170,2026-02-01 04:13:58.734297,SPNG,24.62,25.0,25.09,2377900.0,2137100.0
1.0,1.0,1.0,,Welcome to the RITC 2026 Alogithmic Market Making Case - practice server,,170,2026-02-01 04:13:58.734297,SMMR,26.87,26.84,26.87,1973800.0,1853800.0
,,,,,,170,2026-02-01 04:13:58.734297,ATMN,23.04,22.84,23.04,2459800.0,2370000.0
,,,,,,170,2026-02-01 04:13:58.734297,WNTR,24.85,24.85,24.9,2268100.0,2206900.0
2.0,1.0,1.0,,Aggregate Position Limit,Your CRO has set the aggregate position limit to 12000 shares for this week.,171,2026-02-01 04:13:59.776183,SPNG,24.63,24.53,24.55,2410800.0,2148900.0
1.0,1.0,1.0,,Welcome to the RITC 2026 Alogithmic Market Making Case - practice server,,171,2026-02-01 04:13:59.776183,SMMR,26.87,26.84,26.87,1975800.0,1859500.0
,,,,,,171,2026-02-01 04:13:59.776183,ATMN,22.79,22.79,22.99,2447600.0,2372500.0
,,,,,,171,2026-02-01 04:13:59.776183,WNTR,24.9,24.85,24.9,2267700.0,2190000.0
2.0,1.0,1.0,,Aggregate Position Limit,Your CRO has set the aggregate position limit to 12000 shares for this week.,173,2026-02-01 04:14:00.859896,SPNG,24.63,24.53,24.55,2391800.0,2148900.0
1.0,1.0,1.0,,Welcome to the RITC 2026 Alogithmic Market Making Case - practice server,,173,2026-02-01 04:14:00.859896,SMMR,26.92,26.84,26.92,1975800.0,1866600.0
,,,,,,173,2026-02-01 04:14:00.859896,ATMN,22.79,22.97,22.99,2431900.0,2372500.0
,,,,,,173,2026-02-01 04:14:00.859896,WNTR,24.89,24.89,24.94,2280300.0,2223900.0
2.0,1.0,1.0,,Aggregate Position Limit,Your CRO has set the aggregate position limit to 12000 shares for this week.,174,2026-02-01 04:14:01.949691,SPNG,24.91,24.53,24.81,2391800.0,2138700.0
1.0,1.0,1.0,,Welcome to the RITC 2026 Alogithmic Market Making Case - practice server,,174,2026-02-01 04:14:01.949691,SMMR,26.92,26.84,26.88,1975800.0,1881500.0
,,,,,,174,2026-02-01 04:14:01.949691,ATMN,22.97,22.97,23.06,2439400.0,2341400.0
,,,,,,174,2026-02-01 04:14:01.949691,WNTR,24.89,24.89,24.92,2280300.0,2249000.0
2.0,1.0,1.0,,Aggregate Position Limit,Your CRO has set the aggregate position limit to 12000 shares for this week.,175,2026-02-01 04:14:03.007225,SPNG,24.53,24.53,25.09,2391800.0,2137100.0
1.0,1.0,1.0,,Welcome to the RITC 2026 Alogithmic Market Making Case - practice server,,175,2026-02-01 04:14:03.007225,SMMR,26.88,26.84,26.88,1976500.0,1881500.0
,,,,,,175,2026-02-01 04:14:03.007225,ATMN,22.79,22.7,22.78,2436600.0,2332400.0
,,,,,,175,2026-02-01 04:14:03.007225,WNTR,24.95,24.89,24.95,2272600.0,2223800.0
2.0,1.0,1.0,,Aggregate Position Limit,Your CRO has set the aggregate position limit to 12000 shares for this week.,176,2026-02-01 04:14:04.037357,SPNG,25.17,24.53,25.17,2384100.0,2124100.0
1.0,1.0,1.0,,Welcome to the RITC 2026 Alogithmic Market Making Case - practice server,,176,2026-02-01 04:14:04.037357,SMMR,26.88,26.84,26.85,1976000.0,1882400.0
,,,,,,176,2026-02-01 04:14:04.037357,ATMN,22.79,22.7,22.78,2437000.0,2332400.0
,,,,,,176,2026-02-01 04:14:04.037357,WNTR,24.95,24.89,24.95,2272600.0,2224400.0
2.0,1.0,1.0,,Aggregate Position Limit,Your CRO has set the aggregate position limit to 12000 shares for this week.,177,2026-02-01 04:14:05.068175,SPNG,25.17,24.53,25.08,2384100.0,2161600.0
1.0,1.0,1.0,,Welcome to the RITC 2026 Alogithmic Market Making Case - practice server,,177,2026-02-01 04:14:05.068175,SMMR,26.85,26.84,26.85,1976000.0,1872100.0
,,,,,,177,2026-02-01 04:14:05.068175,ATMN,22.78,22.79,23.0,2452100.0,2320900.0
,,,,,,177,2026-02-01 04:14:05.068175,WNTR,25.14,24.89,25.14,2258000.0,2265100.0
2.0,1.0,1.0,,Aggregate Position Limit,Your CRO has set the aggregate position limit to 12000 shares for this week.,178,2026-02-01 04:14:06.099500,SPNG,25.08,24.49,25.08,2379800.0,2161600.0
1.0,1.0,1.0,,Welcome to the RITC 2026 Alogithmic Market Making Case - practice server,,178,2026-02-01 04:14:06.099500,SMMR,26.84,26.73,26.78,1981800.0,1858000.0
,,,,,,178,2026-02-01 04:14:06.099500,ATMN,23.0,22.9,23.0,2443900.0,2295900.0
,,,,,,178,2026-02-01 04:14:06.099500,WNTR,24.97,24.89,24.97,2247100.0,2267000.0
2.0,1.0,1.0,,Aggregate Position Limit,Your CRO has set the aggregate position limit to 12000 shares for this week.,179,2026-02-01 04:14:07.150715,SPNG,25.32,24.49,25.32,2379800.0,2137900.0
1.0,1.0,1.0,,Welcome to the RITC 2026 Alogithmic Market Making Case - practice server,,179,2026-02-01 04:14:07.150715,SMMR,26.92,26.75,26.92,1959900.0,1838800.0
,,,,,,179,2026-02-01 04:14:07.150715,ATMN,22.9,22.9,23.0,2443900.0,2299600.0
,,,,,,179,2026-02-01 04:14:07.150715,WNTR,24.97,24.97,25.14,2252000.0,2252600.0
2.0,1.0,1.0,,Aggregate Position Limit,Your CRO has set the aggregate position limit to 12000 shares for this week.,180,2026-02-01 04:14:08.178752,SPNG,25.32,25.3,0.0,200000.0,
1.0,1.0,1.0,,Welcome to the RITC 2026 Alogithmic Market Making Case - practice server,,180,2026-02-01 04:14:08.178752,SMMR,26.93,25.7,0.0,200000.0,
,,,,,,180,2026-02-01 04:14:08.178752,ATMN,22.79,24.66,0.0,200000.0,
,,,,,,180,2026-02-01 04:14:08.178752,WNTR,25.46,25.19,25.33,697000.0,703200.0
2.0,1.0,1.0,,Aggregate Position Limit,Your CRO has set the aggregate position limit to 12000 shares for this week.,181,2026-02-01 04:14:09.202970,SPNG,25.8,25.07,25.8,1008300.0,820900.0
1.0,1.0,1.0,,Welcome to the RITC 2026 Alogithmic Market Making Case - practice server,,181,2026-02-01 04:14:09.202970,SMMR,25.7,25.7,25.84,873800.0,981000.0
,,,,,,181,2026-02-01 04:14:09.202970,ATMN,24.25,24.69,24.8,1014700.0,1027700.0
,,,,,,181,2026-02-01 04:14:09.202970,WNTR,25.33,25.5,25.68,932400.0,974700.0
2.0,1.0,1.0,,Aggregate Position Limit,Your CRO has set the aggregate position limit to 12000 shares for this week.,182,2026-02-01 04:14:10.240178,SPNG,25.07,25.36,25.49,1232100.0,937400.0
1.0,1.0,1.0,,Welcome to the RITC 2026 Alogithmic Market Making Case - practice server,,182,2026-02-01 04:14:10.240178,SMMR,25.7,25.41,25.48,1006200.0,1169800.0
,,,,,,182,2026-02-01 04:14:10.240178,ATMN,23.91,24.5,24.8,1224400.0,1027700.0
,,,,,,182,2026-02-01 04:14:10.240178,WNTR,25.5,25.5,25.68,932400.0,1166800.0
2.0,1.0,1.0,,Aggregate Position Limit,Your CRO has set the aggregate position limit to 12000 shares for this week.,183,2026-02-01 04:14:11.279988,SPNG,25.36,25.07,25.15,1120600.0,1133400.0
1.0,1.0,1.0,,Welcome to the RITC 2026 Alogithmic Market Making Case - practice server,,183,2026-02-01 04:14:11.279988,SMMR,25.48,25.81,25.84,1287400.0,1160800.0
,,,,,,183,2026-02-01 04:14:11.279988,ATMN,24.87,24.78,24.87,1353000.0,1034900.0
,,,,,,183,2026-02-01 04:14:11.279988,WNTR,25.4,25.28,25.36,1013800.0,1295500.0
2.0,1.0,1.0,,Aggregate Position Limit,Your CRO has set the aggregate position limit to 12000 shares for this week.,184,2026-02-01 04:14:12.322631,SPNG,24.41,24.41,25.49,1103200.0,1043800.0
1.0,1.0,1.0,,Welcome to the RITC 2026 Alogithmic Market Making Case - practice server,,184,2026-02-01 04:14:12.322631,SMMR,25.64,25.64,25.84,1198800.0,1442000.0
,,,,,,184,2026-02-01 04:14:12.322631,ATMN,24.9,24.5,24.9,1224400.0,1037300.0
,,,,,,184,2026-02-01 04:14:12.322631,WNTR,25.4,25.3,25.36,1296200.0,1295500.0
2.0,1.0,1.0,,Aggregate Position Limit,Your CRO has set the aggregate position limit to 12000 shares for this week.,185,2026-02-01 04:14:13.354541,SPNG,24.41,24.64,25.49,1559100.0,1043800.0
1.0,1.0,1.0,,Welcome to the RITC 2026 Alogithmic Market Making Case - practice server,,185,2026-02-01 04:14:13.354541,SMMR,25.87,25.64,25.87,1198800.0,1335200.0
,,,,,,185,2026-02-01 04:14:13.354541,ATMN,24.9,24.96,24.99,1412000.0,1036000.0
,,,,,,185,2026-02-01 04:14:13.354541,WNTR,25.63,25.3,25.36,1296200.0,1371300.0
2.0,1.0,1.0,,Aggregate Position Limit,Your CRO has set the aggregate position limit to 12000 shares for this week.,186,2026-02-01 04:14:14.390882,SPNG,25.49,25.55,25.77,1658200.0,1026100.0
1.0,1.0,1.0,,Welcome to the RITC 2026 Alogithmic Market Making Case - practice server,,186,2026-02-01 04:14:14.390882,SMMR,25.41,25.56,25.74,1178400.0,1446900.0
,,,,,,186,2026-02-01 04:14:14.390882,ATMN,24.5,24.5,24.99,1224400.0,1259200.0
,,,,,,186,2026-02-01 04:14:14.390882,WNTR,25.62,25.65,25.68,1618700.0,1166800.0
2.0,1.0,1.0,,Aggregate Position Limit,Your CRO has set the aggregate position limit to 12000 shares for this week.,187,2026-02-01 04:14:15.447530,SPNG,25.55,24.64,25.13,1559100.0,1310800.0
1.0,1.0,1.0,,Welcome to the RITC 2026 Alogithmic Market Making Case - practice server,,187,2026-02-01 04:14:15.447530,SMMR,25.74,25.68,25.74,1278500.0,1558000.0
,,,,,,187,2026-02-01 04:14:15.447530,ATMN,24.79,24.81,24.99,1349400.0,1385200.0
,,,,,,187,2026-02-01 04:14:15.447530,WNTR,25.62,25.65,25.66,1618700.0,1495800.0
2.0,1.0,1.0,,Aggregate Position Limit,Your CRO has set the aggregate position limit to 12000 shares for this week.,188,2026-02-01 04:14:16.477042,SPNG,25.13,25.4,25.77,1775400.0,1320000.0
1.0,1.0,1.0,,Welcome to the RITC 2026 Alogithmic Market Making Case - practice server,,188,2026-02-01 04:14:16.477042,SMMR,25.68,25.56,25.58,1262100.0,1828500.0
,,,,,,188,2026-02-01 04:14:16.477042,ATMN,24.81,24.75,24.76,1420900.0,1497000.0
,,,,,,188,2026-02-01 04:14:16.477042,WNTR,25.65,25.3,25.59,1516300.0,1829900.0
2.0,1.0,1.0,,Aggregate Position Limit,Your CRO has set the aggregate position limit to 12000 shares for this week.,189,2026-02-01 04:14:17.511699,SPNG,25.77,24.64,25.77,1680100.0,1408200.0
1.0,1.0,1.0,,Welcome to the RITC 2026 Alogithmic Market Making Case - practice server,,189,2026-02-01 04:14:17.511699,SMMR,25.78,25.64,25.78,1357500.0,1530800.0
,,,,,,189,2026-02-01 04:14:17.511699,ATMN,24.76,24.83,24.99,1510300.0,1385200.0
,,,,,,189,2026-02-01 04:14:17.511699,WNTR,25.44,25.3,25.44,1613500.0,1924100.0
2.0,1.0,1.0,,Aggregate Position Limit,Your CRO has set the aggregate position limit to 12000 shares for this week.,190,2026-02-01 04:14:18.544878,SPNG,25.77,25.31,25.4,1997100.0,1518600.0
1.0,1.0,1.0,,Welcome to the RITC 2026 Alogithmic Market Making Case - practice server,,190,2026-02-01 04:14:18.544878,SMMR,25.87,25.56,25.87,1351400.0,1419700.0
,,,,,,190,2026-02-01 04:14:18.544878,ATMN,25.15,24.4,25.15,1410300.0,1275300.0
,,,,,,190,2026-02-01 04:14:18.544878,WNTR,25.44,25.51,25.59,1736100.0,2016000.0
2.0,1.0,1.0,,Aggregate Position Limit,Your CRO has set the aggregate position limit to 12000 shares for this week.,191,2026-02-01 04:14:19.582295,SPNG,25.77,25.31,25.4,2286900.0,1647400.0
1.0,1.0,1.0,,Welcome to the RITC 2026 Alogithmic Market Making Case - practice server,,191,2026-02-01 04:14:19.582295,SMMR,25.89,25.81,25.82,1547500.0,1347800.0
,,,,,,191,2026-02-01 04:14:19.582295,ATMN,25.15,25.04,25.07,1535600.0,1478700.0
,,,,,,191,2026-02-01 04:14:19.582295,WNTR,25.51,25.51,25.54,1736100.0,2041700.0
2.0,1.0,1.0,,Aggregate Position Limit,Your CRO has set the aggregate position limit to 12000 shares for this week.,192,2026-02-01 04:14:20.647924,SPNG,25.4,24.88,25.4,2186400.0,1736100.0
1.0,1.0,1.0,,Welcome to the RITC 2026 Alogithmic Market Making Case - practice server,,192,2026-02-01 04:14:20.647924,SMMR,25.82,25.86,25.89,1645100.0,1232600.0
,,,,,,192,2026-02-01 04:14:20.647924,ATMN,25.04,24.4,24.68,1519300.0,1571100.0
,,,,,,192,2026-02-01 04:14:20.647924,WNTR,25.52,25.41,25.52,1738600.0,2072600.0
2.0,1.0,1.0,,Aggregate Position Limit,Your CRO has set the aggregate position limit to 12000 shares for this week.,193,2026-02-01 04:14:21.684325,SPNG,25.51,24.93,25.51,2442900.0,1625700.0
1.0,1.0,1.0,,Welcome to the RITC 2026 Alogithmic Market Making Case - practice server,,193,2026-02-01 04:14:21.684325,SMMR,25.67,25.56,25.57,1459800.0,1620200.0
,,,,,,193,2026-02-01 04:14:21.684325,ATMN,25.07,24.91,25.07,1731600.0,1607600.0
,,,,,,193,2026-02-01 04:14:21.684325,WNTR,25.41,25.41,25.52,1738600.0,2076500.0
2.0,1.0,1.0,,Aggregate Position Limit,Your CRO has set the aggregate position limit to 12000 shares for this week.,194,2026-02-01 04:14:22.719316,SPNG,25.18,25.18,25.51,2367400.0,1625700.0
1.0,1.0,1.0,,Welcome to the RITC 2026 Alogithmic Market Making Case - practice server,,194,2026-02-01 04:14:22.719316,SMMR,25.85,25.56,25.85,1786400.0,1425400.0
,,,,,,194,2026-02-01 04:14:22.719316,ATMN,25.22,24.91,25.0,1731600.0,1407100.0
,,,,,,194,2026-02-01 04:14:22.719316,WNTR,25.41,25.43,25.52,1853100.0,2112800.0
2.0,1.0,1.0,,Aggregate Position Limit,Your CRO has set the aggregate position limit to 12000 shares for this week.,195,2026-02-01 04:14:23.749093,SPNG,25.45,24.93,25.36,2426900.0,1618700.0
1.0,1.0,1.0,,Welcome to the RITC 2026 Alogithmic Market Making Case - practice server,,195,2026-02-01 04:14:23.749093,SMMR,25.77,25.71,25.77,1903300.0,1526600.0
,,,,,,195,2026-02-01 04:14:23.749093,ATMN,25.22,24.91,25.0,1932600.0,1513500.0
,,,,,,195,2026-02-01 04:14:23.749093,WNTR,25.41,25.43,25.45,2052100.0,2102300.0
2.0,1.0,1.0,,Aggregate Position Limit,Your CRO has set the aggregate position limit to 12000 shares for this week.,196,2026-02-01 04:14:24.782421,SPNG,25.66,25.73,25.77,2354100.0,1642400.0
1.0,1.0,1.0,,Welcome to the RITC 2026 Alogithmic Market Making Case - practice server,,196,2026-02-01 04:14:24.782421,SMMR,25.82,25.71,25.73,1903300.0,1408300.0
,,,,,,196,2026-02-01 04:14:24.782421,ATMN,24.86,24.69,24.83,1963800.0,1632700.0
,,,,,,196,2026-02-01 04:14:24.782421,WNTR,25.45,25.46,25.52,2158300.0,2095900.0
2.0,1.0,1.0,,Aggregate Position Limit,Your CRO has set the aggregate position limit to 12000 shares for this week.,197,2026-02-01 04:14:25.805954,SPNG,25.17,25.3,25.77,2360500.0,1642400.0
1.0,1.0,1.0,,Welcome to the RITC 2026 Alogithmic Market Making Case - practice server,,197,2026-02-01 04:14:25.805954,SMMR,25.89,25.71,25.8,1998500.0,1532300.0
,,,,,,197,2026-02-01 04:14:25.805954,ATMN,24.86,24.82,24.83,2307400.0,1632700.0
,,,,,,197,2026-02-01 04:14:25.805954,WNTR,25.52,25.3,25.52,1812500.0,2087600.0
2.0,1.0,1.0,,Aggregate Position Limit,Your CRO has set the aggregate position limit to 12000 shares for this week.,198,2026-02-01 04:14:26.836908,SPNG,24.93,25.53,25.77,2364700.0,1739700.0
1.0,1.0,1.0,,Welcome to the RITC 2026 Alogithmic Market Making Case - practice server,,198,2026-02-01 04:14:26.836908,SMMR,25.89,25.71,25.72,2077900.0,1648500.0
,,,,,,198,2026-02-01 04:14:26.836908,ATMN,25.22,24.82,25.22,2267100.0,1400800.0
,,,,,,198,2026-02-01 04:14:26.836908,WNTR,25.52,25.3,25.52,2062600.0,2087600.0
2.0,1.0,1.0,,Aggregate Position Limit,Your CRO has set the aggregate position limit to 12000 shares for this week.,199,2026-02-01 04:14:27.868705,SPNG,25.8,25.86,25.88,2356000.0,1513700.0
1.0,1.0,1.0,,Welcome to the RITC 2026 Alogithmic Market Making Case - practice server,,199,2026-02-01 04:14:27.868705,SMMR,25.8,25.86,25.89,2050700.0,1634600.0
,,,,,,199,2026-02-01 04:14:27.868705,ATMN,25.22,25.05,25.15,2229000.0,1742900.0
,,,,,,199,2026-02-01 04:14:27.868705,WNTR,25.5,25.3,25.35,2138000.0,2067500.0
2.0,1.0,1.0,,Aggregate Position Limit,Your CRO has set the aggregate position limit to 12000 shares for this week.,200,2026-02-01 04:14:28.925441,SPNG,25.88,24.93,25.88,2363900.0,1593600.0
1.0,1.0,1.0,,Welcome to the RITC 2026 Alogithmic Market Making Case - practice server,,200,2026-02-01 04:14:28.925441,SMMR,25.71,25.71,25.76,2045700.0,1745800.0
,,,,,,200,2026-02-01 04:14:28.925441,ATMN,24.82,24.82,25.15,2267100.0,1742900.0
,,,,,,200,2026-02-01 04:14:28.925441,WNTR,25.52,25.3,25.52,2159600.0,2087600.0
2.0,1.0,1.0,,Aggregate Position Limit,Your CRO has set the aggregate position limit to 12000 shares for this week.,202,2026-02-01 04:14:30.003684,SPNG,25.21,24.93,25.21,2363900.0,1666000.0
1.0,1.0,1.0,,Welcome to the RITC 2026 Alogithmic Market Making Case - practice server,,202,2026-02-01 04:14:30.003684,SMMR,25.76,25.73,25.76,2040700.0,1965500.0
,,,,,,202,2026-02-01 04:14:30.003684,ATMN,25.15,24.82,25.07,2253400.0,1737000.0
,,,,,,202,2026-02-01 04:14:30.003684,WNTR,25.52,25.5,25.52,2171900.0,2087600.0
2.0,1.0,1.0,,Aggregate Position Limit,Your CRO has set the aggregate position limit to 12000 shares for this week.,203,2026-02-01 04:14:31.052830,SPNG,25.21,25.18,25.21,2346500.0,1666000.0
1.0,1.0,1.0,,Welcome to the RITC 2026 Alogithmic Market Making Case - practice server,,203,2026-02-01 04:14:31.052830,SMMR,25.71,25.71,25.76,2048600.0,1854300.0
,,,,,,203,2026-02-01 04:14:31.052830,ATMN,25.23,24.88,25.23,2220900.0,1620800.0
,,,,,,203,2026-02-01 04:14:31.052830,WNTR,25.56,25.5,25.56,2171900.0,2099600.0
2.0,1.0,1.0,,Aggregate Position Limit,Your CRO has set the aggregate position limit to 12000 shares for this week.,204,2026-02-01 04:14:32.126175,SPNG,25.21,25.2,25.21,2219400.0,1666000.0
1.0,1.0,1.0,,Welcome to the RITC 2026 Alogithmic Market Making Case - practice server,,204,2026-02-01 04:14:32.126175,SMMR,25.86,25.71,25.86,2054500.0,1831100.0
,,,,,,204,2026-02-01 04:14:32.126175,ATMN,25.12,25.15,25.23,2192800.0,1620800.0
,,,,,,204,2026-02-01 04:14:32.126175,WNTR,25.4,25.4,25.48,2173700.0,2127300.0
2.0,1.0,1.0,,Aggregate Position Limit,Your CRO has set the aggregate position limit to 12000 shares for this week.,205,2026-02-01 04:14:33.160338,SPNG,25.91,25.2,25.91,2211800.0,1562000.0
1.0,1.0,1.0,,Welcome to the RITC 2026 Alogithmic Market Making Case - practice server,,205,2026-02-01 04:14:33.160338,SMMR,25.86,25.8,25.86,1984800.0,1831100.0
,,,,,,205,2026-02-01 04:14:33.160338,ATMN,25.12,25.15,25.23,2192800.0,1850200.0
,,,,,,205,2026-02-01 04:14:33.160338,WNTR,25.4,25.4,25.48,2154900.0,2127300.0
