news_id,period,tick,ticker,headline,body,tick,timestamp,ticker,last_price,bid_price,ask_price,BUY_ANON,SELL_ANON,SELL_IESE-1,SELL_LUIS-1,BUY_IESE-1,SELL_LUIS-3,BUY_LUIS-1,BUY_LUIS-3,SELL_CALG-1,SELL_UEBR-1,BUY_CALG-1,BUY_UEBR-1,SELL_LUIS-2,BUY_LUIS-2
2.0,1.0,1.0,Week 1,Delta limit and penalty,The delta limit for this sub-heat is 13000 and the penalty percentage is 5%,1,2026-02-01 23:01:50.064949,RTM,50.0,49.99,50.01,100000000.0,100000000.0,0,0,0,0,0,0,0,0,0,0,0,0
1.0,1.0,1.0,Week 1,Risk free rate and current annualized volatility of RTM,The current risk free rate is 0%. RTM is an ETF that mimics one of the major indices in the simulated world and its current annualized realized volatility is 40%. This simulation consists of 20 trading days that are each 15 ticks in length.,1,2026-02-01 23:01:50.064949,RTM1C45,5.23,5.22,5.24,1000000.0,1000000.0,0,0,0,0,0,0,0,0,0,0,0,0
,,,,,,1,2026-02-01 23:01:50.064949,RTM1P45,0.23,0.22,0.24,1000000.0,1000000.0,0,0,0,0,0,0,0,0,0,0,0,0
,,,,,,1,2026-02-01 23:01:50.064949,RTM1C46,4.38,4.37,4.39,1000000.0,1000000.0,0,0,0,0,0,0,0,0,0,0,0,0
,,,,,,1,2026-02-01 23:01:50.064949,RTM1P46,0.38,0.37,0.39,1000000.0,1000000.0,0,0,0,0,0,0,0,0,0,0,0,0
,,,,,,1,2026-02-01 23:01:50.064949,RTM1C47,3.59,3.58,3.6,1000000.0,1000000.0,0,0,0,0,0,0,0,0,0,0,0,0
,,,,,,1,2026-02-01 23:01:50.064949,RTM1P47,0.59,0.58,0.6,1000000.0,1000000.0,0,0,0,0,0,0,0,0,0,0,0,0
,,,,,,1,2026-02-01 23:01:50.064949,RTM1C48,2.89,2.88,2.9,1000000.0,1000000.0,0,0,0,0,0,0,0,0,0,0,0,0
,,,,,,1,2026-02-01 23:01:50.064949,RTM1P48,0.89,0.88,0.9,1000000.0,1000000.0,0,0,0,0,0,0,0,0,0,0,0,0
,,,,,,1,2026-02-01 23:01:50.064949,RTM1C49,2.2,2.19,2.21,1000000.0,1000000.0,0,0,0,0,0,0,0,0,0,0,0,0
,,,,,,1,2026-02-01 23:01:50.064949,RTM1P49,1.2,1.19,1.21,1000000.0,1000000.0,0,0,0,0,0,0,0,0,0,0,0,0
,,,,,,1,2026-02-01 23:01:50.064949,RTM1C50,1.67,1.66,1.68,1000000.0,1000000.0,0,0,0,0,0,0,0,0,0,0,0,0
,,,,,,1,2026-02-01 23:01:50.064949,RTM1P50,1.67,1.66,1.68,1000000.0,1000000.0,0,0,0,0,0,0,0,0,0,0,0,0
,,,,,,1,2026-02-01 23:01:50.064949,RTM1C51,1.26,1.25,1.27,1000000.0,1000000.0,0,0,0,0,0,0,0,0,0,0,0,0
,,,,,,1,2026-02-01 23:01:50.064949,RTM1P51,2.26,2.25,2.27,1000000.0,1000000.0,0,0,0,0,0,0,0,0,0,0,0,0
,,,,,,1,2026-02-01 23:01:50.064949,RTM1C52,0.89,0.88,0.9,1000000.0,1000000.0,0,0,0,0,0,0,0,0,0,0,0,0
,,,,,,1,2026-02-01 23:01:50.064949,RTM1P52,2.89,2.88,2.9,1000000.0,1000000.0,0,0,0,0,0,0,0,0,0,0,0,0
,,,,,,1,2026-02-01 23:01:50.064949,RTM1C53,0.66,0.65,0.67,1000000.0,1000000.0,0,0,0,0,0,0,0,0,0,0,0,0
,,,,,,1,2026-02-01 23:01:50.064949,RTM1P53,3.66,3.65,3.67,1000000.0,1000000.0,0,0,0,0,0,0,0,0,0,0,0,0
,,,,,,1,2026-02-01 23:01:50.064949,RTM1C54,0.46,0.45,0.47,1000000.0,1000000.0,0,0,0,0,0,0,0,0,0,0,0,0
,,,,,,1,2026-02-01 23:01:50.064949,RTM1P54,4.46,4.45,4.47,1000000.0,1000000.0,0,0,0,0,0,0,0,0,0,0,0,0
2.0,1.0,1.0,Week 1,Delta limit and penalty,The delta limit for this sub-heat is 13000 and the penalty percentage is 5%,2,2026-02-01 23:01:51.119399,RTM,49.9,49.89,49.91,100000000.0,100000000.0,0,0,0,0,0,0,0,0,0,0,0,0
1.0,1.0,1.0,Week 1,Risk free rate and current annualized volatility of RTM,The current risk free rate is 0%. RTM is an ETF that mimics one of the major indices in the simulated world and its current annualized realized volatility is 40%. This simulation consists of 20 trading days that are each 15 ticks in length.,2,2026-02-01 23:01:51.119399,RTM1C45,5.17,5.16,5.18,1000000.0,1000000.0,0,0,0,0,0,0,0,0,0,0,0,0
,,,,,,2,2026-02-01 23:01:51.119399,RTM1P45,0.26,0.25,0.27,1000000.0,1000000.0,0,0,0,0,0,0,0,0,0,0,0,0
,,,,,,2,2026-02-01 23:01:51.119399,RTM1C46,4.15,4.14,4.16,1000000.0,1000000.0,0,0,0,0,0,0,0,0,0,0,0,0
,,,,,,2,2026-02-01 23:01:51.119399,RTM1P46,0.25,0.24,0.26,1000000.0,1000000.0,0,0,0,0,0,0,0,0,0,0,0,0
,,,,,,2,2026-02-01 23:01:51.119399,RTM1C47,3.54,3.53,3.55,1000000.0,1000000.0,0,0,0,0,0,0,0,0,0,0,0,0
,,,,,,2,2026-02-01 23:01:51.119399,RTM1P47,0.64,0.63,0.65,1000000.0,1000000.0,0,0,0,0,0,0,0,0,0,0,0,0
,,,,,,2,2026-02-01 23:01:51.119399,RTM1C48,2.81,2.8,2.82,1000000.0,1000000.0,0,0,0,0,0,0,0,0,0,0,0,0
,,,,,,2,2026-02-01 23:01:51.119399,RTM1P48,0.91,0.9,0.92,1000000.0,1000000.0,0,0,0,0,0,0,0,0,0,0,0,0
,,,,,,2,2026-02-01 23:01:51.119399,RTM1C49,2.28,2.27,2.29,1000000.0,1000000.0,0,0,0,0,0,0,0,0,0,0,0,0
,,,,,,2,2026-02-01 23:01:51.119399,RTM1P49,1.38,1.37,1.39,1000000.0,1000000.0,0,0,0,0,0,0,0,0,0,0,0,0
,,,,,,2,2026-02-01 23:01:51.119399,RTM1C50,1.77,1.76,1.78,1000000.0,1000000.0,0,0,0,0,0,0,0,0,0,0,0,0
,,,,,,2,2026-02-01 23:01:51.119399,RTM1P50,1.86,1.85,1.87,1000000.0,1000000.0,0,0,0,0,0,0,0,0,0,0,0,0
,,,,,,2,2026-02-01 23:01:51.119399,RTM1C51,1.1,1.09,1.11,1000000.0,1000000.0,0,0,0,0,0,0,0,0,0,0,0,0
,,,,,,2,2026-02-01 23:01:51.119399,RTM1P51,2.2,2.19,2.21,1000000.0,1000000.0,0,0,0,0,0,0,0,0,0,0,0,0
,,,,,,2,2026-02-01 23:01:51.119399,RTM1C52,0.95,0.94,0.96,1000000.0,1000000.0,0,0,0,0,0,0,0,0,0,0,0,0
,,,,,,2,2026-02-01 23:01:51.119399,RTM1P52,3.04,3.03,3.05,1000000.0,1000000.0,0,0,0,0,0,0,0,0,0,0,0,0
,,,,,,2,2026-02-01 23:01:51.119399,RTM1C53,0.46,0.45,0.47,1000000.0,1000000.0,0,0,0,0,0,0,0,0,0,0,0,0
,,,,,,2,2026-02-01 23:01:51.119399,RTM1P53,3.55,3.54,3.56,1000000.0,1000000.0,0,0,0,0,0,0,0,0,0,0,0,0
,,,,,,2,2026-02-01 23:01:51.119399,RTM1C54,0.32,0.31,0.33,1000000.0,1000000.0,0,0,0,0,0,0,0,0,0,0,0,0
,,,,,,2,2026-02-01 23:01:51.119399,RTM1P54,4.41,4.4,4.42,1000000.0,1000000.0,0,0,0,0,0,0,0,0,0,0,0,0
2.0,1.0,1.0,Week 1,Delta limit and penalty,The delta limit for this sub-heat is 13000 and the penalty percentage is 5%,3,2026-02-01 23:01:52.180410,RTM,49.69,49.68,49.7,100000000.0,100000000.0,0,0,0,0,0,0,0,0,0,0,0,0
1.0,1.0,1.0,Week 1,Risk free rate and current annualized volatility of RTM,The current risk free rate is 0%. RTM is an ETF that mimics one of the major indices in the simulated world and its current annualized realized volatility is 40%. This simulation consists of 20 trading days that are each 15 ticks in length.,3,2026-02-01 23:01:52.180410,RTM1C45,4.87,4.86,4.88,1000000.0,1000000.0,0,0,0,0,0,0,0,0,0,0,0,0
,,,,,,3,2026-02-01 23:01:52.180410,RTM1P45,0.18,0.17,0.19,1000000.0,1000000.0,0,0,0,0,0,0,0,0,0,0,0,0
,,,,,,3,2026-02-01 23:01:52.180410,RTM1C46,4.12,4.11,4.13,1000000.0,1000000.0,0,0,0,0,0,0,0,0,0,0,0,0
,,,,,,3,2026-02-01 23:01:52.180410,RTM1P46,0.43,0.42,0.44,1000000.0,1000000.0,0,0,0,0,0,0,0,0,0,0,0,0
,,,,,,3,2026-02-01 23:01:52.180410,RTM1C47,3.13,3.12,3.14,1000000.0,1000000.0,0,0,0,0,0,0,0,0,0,0,0,0
,,,,,,3,2026-02-01 23:01:52.180410,RTM1P47,0.44,0.43,0.45,1000000.0,1000000.0,0,0,0,0,0,0,0,0,0,0,0,0
,,,,,,3,2026-02-01 23:01:52.180410,RTM1C48,2.49,2.48,2.5,1000000.0,1000000.0,0,0,0,0,0,0,0,0,0,0,0,0
,,,,,,3,2026-02-01 23:01:52.180410,RTM1P48,0.8,0.79,0.81,1000000.0,1000000.0,0,0,0,0,0,0,0,0,0,0,0,0
,,,,,,3,2026-02-01 23:01:52.180410,RTM1C49,2.04,2.03,2.05,1000000.0,1000000.0,0,0,0,0,0,0,0,0,0,0,0,0
,,,,,,3,2026-02-01 23:01:52.180410,RTM1P49,1.35,1.34,1.36,1000000.0,1000000.0,0,0,0,0,0,0,0,0,0,0,0,0
,,,,,,3,2026-02-01 23:01:52.180410,RTM1C50,1.37,1.36,1.38,1000000.0,1000000.0,0,0,0,0,0,0,0,0,0,0,0,0
,,,,,,3,2026-02-01 23:01:52.180410,RTM1P50,1.68,1.67,1.69,1000000.0,1000000.0,0,0,0,0,0,0,0,0,0,0,0,0
,,,,,,3,2026-02-01 23:01:52.180410,RTM1C51,1.28,1.27,1.29,1000000.0,1000000.0,0,0,0,0,0,0,0,0,0,0,0,0
,,,,,,3,2026-02-01 23:01:52.180410,RTM1P51,2.59,2.58,2.6,1000000.0,1000000.0,0,0,0,0,0,0,0,0,0,0,0,0
,,,,,,3,2026-02-01 23:01:52.180410,RTM1C52,0.96,0.95,0.97,1000000.0,1000000.0,0,0,0,0,0,0,0,0,0,0,0,0
,,,,,,3,2026-02-01 23:01:52.180410,RTM1P52,3.27,3.26,3.28,1000000.0,1000000.0,0,0,0,0,0,0,0,0,0,0,0,0
,,,,,,3,2026-02-01 23:01:52.180410,RTM1C53,0.45,0.44,0.46,1000000.0,1000000.0,0,0,0,0,0,0,0,0,0,0,0,0
,,,,,,3,2026-02-01 23:01:52.180410,RTM1P53,3.77,3.76,3.78,1000000.0,1000000.0,0,0,0,0,0,0,0,0,0,0,0,0
,,,,,,3,2026-02-01 23:01:52.180410,RTM1C54,0.47,0.46,0.48,1000000.0,1000000.0,0,0,0,0,0,0,0,0,0,0,0,0
,,,,,,3,2026-02-01 23:01:52.180410,RTM1P54,4.78,4.77,4.79,1000000.0,1000000.0,0,0,0,0,0,0,0,0,0,0,0,0
2.0,1.0,1.0,Week 1,Delta limit and penalty,The delta limit for this sub-heat is 13000 and the penalty percentage is 5%,4,2026-02-01 23:01:53.214926,RTM,49.85,49.84,49.86,100000000.0,100000000.0,0,0,0,0,0,0,0,0,0,0,0,0
1.0,1.0,1.0,Week 1,Risk free rate and current annualized volatility of RTM,The current risk free rate is 0%. RTM is an ETF that mimics one of the major indices in the simulated world and its current annualized realized volatility is 40%. This simulation consists of 20 trading days that are each 15 ticks in length.,4,2026-02-01 23:01:53.214926,RTM1C45,5.05,5.04,5.06,1000000.0,1000000.0,0,0,0,0,0,0,0,0,0,0,0,0
,,,,,,4,2026-02-01 23:01:53.214926,RTM1P45,0.2,0.19,0.21,1000000.0,1000000.0,0,0,0,0,0,0,0,0,0,0,0,0
,,,,,,4,2026-02-01 23:01:53.214926,RTM1C46,4.22,4.21,4.23,1000000.0,1000000.0,0,0,0,0,0,0,0,0,0,0,0,0
,,,,,,4,2026-02-01 23:01:53.214926,RTM1P46,0.37,0.36,0.38,1000000.0,1000000.0,0,0,0,0,0,0,0,0,0,0,0,0
,,,,,,4,2026-02-01 23:01:53.214926,RTM1C47,3.54,3.53,3.55,1000000.0,1000000.0,0,0,0,0,0,0,0,0,0,0,0,0
,,,,,,4,2026-02-01 23:01:53.214926,RTM1P47,0.69,0.68,0.7,1000000.0,1000000.0,0,0,0,0,0,0,0,0,0,0,0,0
,,,,,,4,2026-02-01 23:01:53.214926,RTM1C48,2.82,2.81,2.83,1000000.0,1000000.0,0,0,0,0,0,0,0,0,0,0,0,0
,,,,,,4,2026-02-01 23:01:53.214926,RTM1P48,0.96,0.95,0.97,1000000.0,1000000.0,0,0,0,0,0,0,0,0,0,0,0,0
,,,,,,4,2026-02-01 23:01:53.214926,RTM1C49,2.15,2.14,2.16,1000000.0,1000000.0,0,0,0,0,0,0,0,0,0,0,0,0
,,,,,,4,2026-02-01 23:01:53.214926,RTM1P49,1.3,1.29,1.31,1000000.0,1000000.0,0,0,0,0,0,0,0,0,0,0,0,0
,,,,,,4,2026-02-01 23:01:53.214926,RTM1C50,1.66,1.65,1.67,1000000.0,1000000.0,0,0,0,0,0,0,0,0,0,0,0,0
,,,,,,4,2026-02-01 23:01:53.214926,RTM1P50,1.8,1.79,1.81,1000000.0,1000000.0,0,0,0,0,0,0,0,0,0,0,0,0
,,,,,,4,2026-02-01 23:01:53.214926,RTM1C51,1.27,1.26,1.28,1000000.0,1000000.0,0,0,0,0,0,0,0,0,0,0,0,0
,,,,,,4,2026-02-01 23:01:53.214926,RTM1P51,2.42,2.41,2.43,1000000.0,1000000.0,0,0,0,0,0,0,0,0,0,0,0,0
,,,,,,4,2026-02-01 23:01:53.214926,RTM1C52,0.91,0.9,0.92,1000000.0,1000000.0,0,0,0,0,0,0,0,0,0,0,0,0
,,,,,,4,2026-02-01 23:01:53.214926,RTM1P52,3.06,3.05,3.07,1000000.0,1000000.0,0,0,0,0,0,0,0,0,0,0,0,0
,,,,,,4,2026-02-01 23:01:53.214926,RTM1C53,0.46,0.45,0.47,1000000.0,1000000.0,0,0,0,0,0,0,0,0,0,0,0,0
,,,,,,4,2026-02-01 23:01:53.214926,RTM1P53,3.61,3.6,3.62,1000000.0,1000000.0,0,0,0,0,0,0,0,0,0,0,0,0
,,,,,,4,2026-02-01 23:01:53.214926,RTM1C54,0.37,0.36,0.38,1000000.0,1000000.0,0,0,0,0,0,0,0,0,0,0,0,0
,,,,,,4,2026-02-01 23:01:53.214926,RTM1P54,4.52,4.51,4.53,1000000.0,1000000.0,0,0,0,0,0,0,0,0,0,0,0,0
2.0,1.0,1.0,Week 1,Delta limit and penalty,The delta limit for this sub-heat is 13000 and the penalty percentage is 5%,5,2026-02-01 23:01:54.264911,RTM,49.99,49.98,50.0,100000000.0,100000000.0,0,0,0,0,0,0,0,0,0,0,0,0
1.0,1.0,1.0,Week 1,Risk free rate and current annualized volatility of RTM,The current risk free rate is 0%. RTM is an ETF that mimics one of the major indices in the simulated world and its current annualized realized volatility is 40%. This simulation consists of 20 trading days that are each 15 ticks in length.,5,2026-02-01 23:01:54.264911,RTM1C45,5.21,5.2,5.22,1000000.0,1000000.0,0,0,0,0,0,0,0,0,0,0,0,0
,,,,,,5,2026-02-01 23:01:54.264911,RTM1P45,0.22,0.21,0.23,1000000.0,1000000.0,0,0,0,0,0,0,0,0,0,0,0,0
,,,,,,5,2026-02-01 23:01:54.264911,RTM1C46,4.42,4.41,4.43,1000000.0,1000000.0,0,0,0,0,0,0,0,0,0,0,0,0
,,,,,,5,2026-02-01 23:01:54.264911,RTM1P46,0.43,0.42,0.44,1000000.0,1000000.0,0,0,0,0,0,0,0,0,0,0,0,0
,,,,,,5,2026-02-01 23:01:54.264911,RTM1C47,3.68,3.67,3.69,1000000.0,1000000.0,0,0,0,0,0,0,0,0,0,0,0,0
,,,,,,5,2026-02-01 23:01:54.264911,RTM1P47,0.69,0.68,0.7,1000000.0,1000000.0,0,0,0,0,0,0,0,0,0,0,0,0
,,,,,,5,2026-02-01 23:01:54.264911,RTM1C48,2.81,2.8,2.82,1000000.0,1000000.0,0,0,0,0,0,0,0,0,0,0,0,0
,,,,,,5,2026-02-01 23:01:54.264911,RTM1P48,0.83,0.82,0.84,1000000.0,1000000.0,0,0,0,0,0,0,0,0,0,0,0,0
,,,,,,5,2026-02-01 23:01:54.264911,RTM1C49,2.01,2.0,2.02,1000000.0,1000000.0,0,0,0,0,0,0,0,0,0,0,0,0
,,,,,,5,2026-02-01 23:01:54.264911,RTM1P49,1.03,1.02,1.04,1000000.0,1000000.0,0,0,0,0,0,0,0,0,0,0,0,0
,,,,,,5,2026-02-01 23:01:54.264911,RTM1C50,1.7,1.69,1.71,1000000.0,1000000.0,0,0,0,0,0,0,0,0,0,0,0,0
,,,,,,5,2026-02-01 23:01:54.264911,RTM1P50,1.71,1.7,1.72,1000000.0,1000000.0,0,0,0,0,0,0,0,0,0,0,0,0
,,,,,,5,2026-02-01 23:01:54.264911,RTM1C51,1.44,1.43,1.45,1000000.0,1000000.0,0,0,0,0,0,0,0,0,0,0,0,0
,,,,,,5,2026-02-01 23:01:54.264911,RTM1P51,2.45,2.44,2.46,1000000.0,1000000.0,0,0,0,0,0,0,0,0,0,0,0,0
,,,,,,5,2026-02-01 23:01:54.264911,RTM1C52,0.77,0.76,0.78,1000000.0,1000000.0,0,0,0,0,0,0,0,0,0,0,0,0
,,,,,,5,2026-02-01 23:01:54.264911,RTM1P52,2.78,2.77,2.79,1000000.0,1000000.0,0,0,0,0,0,0,0,0,0,0,0,0
,,,,,,5,2026-02-01 23:01:54.264911,RTM1C53,0.68,0.67,0.69,1000000.0,1000000.0,0,0,0,0,0,0,0,0,0,0,0,0
,,,,,,5,2026-02-01 23:01:54.264911,RTM1P53,3.69,3.68,3.7,1000000.0,1000000.0,0,0,0,0,0,0,0,0,0,0,0,0
,,,,,,5,2026-02-01 23:01:54.264911,RTM1C54,0.36,0.35,0.37,1000000.0,1000000.0,0,0,0,0,0,0,0,0,0,0,0,0
,,,,,,5,2026-02-01 23:01:54.264911,RTM1P54,4.38,4.37,4.39,1000000.0,1000000.0,0,0,0,0,0,0,0,0,0,0,0,0
2.0,1.0,1.0,Week 1,Delta limit and penalty,The delta limit for this sub-heat is 13000 and the penalty percentage is 5%,6,2026-02-01 23:01:55.304833,RTM,50.09,50.08,50.1,100000000.0,100000000.0,0,0,0,0,0,0,0,0,0,0,0,0
1.0,1.0,1.0,Week 1,Risk free rate and current annualized volatility of RTM,The current risk free rate is 0%. RTM is an ETF that mimics one of the major indices in the simulated world and its current annualized realized volatility is 40%. This simulation consists of 20 trading days that are each 15 ticks in length.,6,2026-02-01 23:01:55.304833,RTM1C45,5.25,5.24,5.26,1000000.0,1000000.0,0,0,0,0,0,0,0,0,0,0,0,0
,,,,,,6,2026-02-01 23:01:55.304833,RTM1P45,0.16,0.15,0.17,1000000.0,1000000.0,0,0,0,0,0,0,0,0,0,0,0,0
,,,,,,6,2026-02-01 23:01:55.304833,RTM1C46,4.42,4.41,4.43,1000000.0,1000000.0,0,0,0,0,0,0,0,0,0,0,0,0
,,,,,,6,2026-02-01 23:01:55.304833,RTM1P46,0.33,0.32,0.34,1000000.0,1000000.0,0,0,0,0,0,0,0,0,0,0,0,0
,,,,,,6,2026-02-01 23:01:55.304833,RTM1C47,3.59,3.58,3.6,1000000.0,1000000.0,0,0,0,0,0,0,0,0,0,0,0,0
,,,,,,6,2026-02-01 23:01:55.304833,RTM1P47,0.5,0.49,0.51,1000000.0,1000000.0,0,0,0,0,0,0,0,0,0,0,0,0
,,,,,,6,2026-02-01 23:01:55.304833,RTM1C48,3.07,3.06,3.08,1000000.0,1000000.0,0,0,0,0,0,0,0,0,0,0,0,0
,,,,,,6,2026-02-01 23:01:55.304833,RTM1P48,0.98,0.97,0.99,1000000.0,1000000.0,0,0,0,0,0,0,0,0,0,0,0,0
,,,,,,6,2026-02-01 23:01:55.304833,RTM1C49,2.38,2.37,2.39,1000000.0,1000000.0,0,0,0,0,0,0,0,0,0,0,0,0
,,,,,,6,2026-02-01 23:01:55.304833,RTM1P49,1.29,1.28,1.3,1000000.0,1000000.0,0,0,0,0,0,0,0,0,0,0,0,0
,,,,,,6,2026-02-01 23:01:55.304833,RTM1C50,1.75,1.74,1.76,1000000.0,1000000.0,0,0,0,0,0,0,0,0,0,0,0,0
,,,,,,6,2026-02-01 23:01:55.304833,RTM1P50,1.65,1.64,1.66,1000000.0,1000000.0,0,0,0,0,0,0,0,0,0,0,0,0
,,,,,,6,2026-02-01 23:01:55.304833,RTM1C51,1.24,1.23,1.25,1000000.0,1000000.0,0,0,0,0,0,0,0,0,0,0,0,0
,,,,,,6,2026-02-01 23:01:55.304833,RTM1P51,2.15,2.14,2.16,1000000.0,1000000.0,0,0,0,0,0,0,0,0,0,0,0,0
,,,,,,6,2026-02-01 23:01:55.304833,RTM1C52,0.98,0.97,0.99,1000000.0,1000000.0,0,0,0,0,0,0,0,0,0,0,0,0
,,,,,,6,2026-02-01 23:01:55.304833,RTM1P52,2.89,2.88,2.9,1000000.0,1000000.0,0,0,0,0,0,0,0,0,0,0,0,0
,,,,,,6,2026-02-01 23:01:55.304833,RTM1C53,0.78,0.77,0.79,1000000.0,1000000.0,0,0,0,0,0,0,0,0,0,0,0,0
,,,,,,6,2026-02-01 23:01:55.304833,RTM1P53,3.69,3.68,3.7,1000000.0,1000000.0,0,0,0,0,0,0,0,0,0,0,0,0
,,,,,,6,2026-02-01 23:01:55.304833,RTM1C54,0.49,0.48,0.5,1000000.0,1000000.0,0,0,0,0,0,0,0,0,0,0,0,0
,,,,,,6,2026-02-01 23:01:55.304833,RTM1P54,4.4,4.39,4.41,1000000.0,1000000.0,0,0,0,0,0,0,0,0,0,0,0,0
2.0,1.0,1.0,Week 1,Delta limit and penalty,The delta limit for this sub-heat is 13000 and the penalty percentage is 5%,7,2026-02-01 23:01:56.344823,RTM,50.3,50.29,50.31,100000000.0,100000000.0,0,0,0,0,0,0,0,0,0,0,0,0
1.0,1.0,1.0,Week 1,Risk free rate and current annualized volatility of RTM,The current risk free rate is 0%. RTM is an ETF that mimics one of the major indices in the simulated world and its current annualized realized volatility is 40%. This simulation consists of 20 trading days that are each 15 ticks in length.,7,2026-02-01 23:01:56.344823,RTM1C45,5.49,5.48,5.5,1000000.0,1000000.0,0,0,0,0,0,0,0,0,0,0,0,0
,,,,,,7,2026-02-01 23:01:56.344823,RTM1P45,0.19,0.18,0.2,1000000.0,1000000.0,0,0,0,0,0,0,0,0,0,0,0,0
,,,,,,7,2026-02-01 23:01:56.344823,RTM1C46,4.64,4.63,4.65,1000000.0,1000000.0,0,0,0,0,0,0,0,0,0,0,0,0
,,,,,,7,2026-02-01 23:01:56.344823,RTM1P46,0.34,0.33,0.35,1000000.0,1000000.0,0,0,0,0,0,0,0,0,0,0,0,0
,,,,,,7,2026-02-01 23:01:56.344823,RTM1C47,3.84,3.83,3.85,1000000.0,1000000.0,0,0,0,0,0,0,0,0,0,0,0,0
,,,,,,7,2026-02-01 23:01:56.344823,RTM1P47,0.54,0.53,0.55,1000000.0,1000000.0,0,0,0,0,0,0,0,0,0,0,0,0
,,,,,,7,2026-02-01 23:01:56.344823,RTM1C48,3.14,3.13,3.15,1000000.0,1000000.0,0,0,0,0,0,0,0,0,0,0,0,0
,,,,,,7,2026-02-01 23:01:56.344823,RTM1P48,0.84,0.83,0.85,1000000.0,1000000.0,0,0,0,0,0,0,0,0,0,0,0,0
,,,,,,7,2026-02-01 23:01:56.344823,RTM1C49,2.31,2.3,2.32,1000000.0,1000000.0,0,0,0,0,0,0,0,0,0,0,0,0
,,,,,,7,2026-02-01 23:01:56.344823,RTM1P49,1.0,0.99,1.01,1000000.0,1000000.0,0,0,0,0,0,0,0,0,0,0,0,0
,,,,,,7,2026-02-01 23:01:56.344823,RTM1C50,1.93,1.92,1.94,1000000.0,1000000.0,0,0,0,0,0,0,0,0,0,0,0,0
,,,,,,7,2026-02-01 23:01:56.344823,RTM1P50,1.63,1.62,1.64,1000000.0,1000000.0,0,0,0,0,0,0,0,0,0,0,0,0
,,,,,,7,2026-02-01 23:01:56.344823,RTM1C51,1.39,1.38,1.4,1000000.0,1000000.0,0,0,0,0,0,0,0,0,0,0,0,0
,,,,,,7,2026-02-01 23:01:56.344823,RTM1P51,2.09,2.08,2.1,1000000.0,1000000.0,0,0,0,0,0,0,0,0,0,0,0,0
,,,,,,7,2026-02-01 23:01:56.344823,RTM1C52,0.94,0.93,0.95,1000000.0,1000000.0,0,0,0,0,0,0,0,0,0,0,0,0
,,,,,,7,2026-02-01 23:01:56.344823,RTM1P52,2.64,2.63,2.65,1000000.0,1000000.0,0,0,0,0,0,0,0,0,0,0,0,0
,,,,,,7,2026-02-01 23:01:56.344823,RTM1C53,0.83,0.82,0.84,1000000.0,1000000.0,0,0,0,0,0,0,0,0,0,0,0,0
,,,,,,7,2026-02-01 23:01:56.344823,RTM1P53,3.53,3.52,3.54,1000000.0,1000000.0,0,0,0,0,0,0,0,0,0,0,0,0
,,,,,,7,2026-02-01 23:01:56.344823,RTM1C54,0.41,0.4,0.42,1000000.0,1000000.0,0,0,0,0,0,0,0,0,0,0,0,0
,,,,,,7,2026-02-01 23:01:56.344823,RTM1P54,4.1,4.09,4.11,1000000.0,1000000.0,0,0,0,0,0,0,0,0,0,0,0,0
2.0,1.0,1.0,Week 1,Delta limit and penalty,The delta limit for this sub-heat is 13000 and the penalty percentage is 5%,8,2026-02-01 23:01:57.394476,RTM,50.67,50.66,50.68,100000000.0,100000000.0,0,0,0,0,0,0,0,0,0,0,0,0
1.0,1.0,1.0,Week 1,Risk free rate and current annualized volatility of RTM,The current risk free rate is 0%. RTM is an ETF that mimics one of the major indices in the simulated world and its current annualized realized volatility is 40%. This simulation consists of 20 trading days that are each 15 ticks in length.,8,2026-02-01 23:01:57.394476,RTM1C45,5.86,5.85,5.87,1000000.0,1000000.0,0,0,0,0,0,0,0,0,0,0,0,0
,,,,,,8,2026-02-01 23:01:57.394476,RTM1P45,0.2,0.19,0.21,1000000.0,1000000.0,0,0,0,0,0,0,0,0,0,0,0,0
,,,,,,8,2026-02-01 23:01:57.394476,RTM1C46,4.91,4.9,4.92,1000000.0,1000000.0,0,0,0,0,0,0,0,0,0,0,0,0
,,,,,,8,2026-02-01 23:01:57.394476,RTM1P46,0.24,0.23,0.25,1000000.0,1000000.0,0,0,0,0,0,0,0,0,0,0,0,0
,,,,,,8,2026-02-01 23:01:57.394476,RTM1C47,4.12,4.11,4.13,1000000.0,1000000.0,0,0,0,0,0,0,0,0,0,0,0,0
,,,,,,8,2026-02-01 23:01:57.394476,RTM1P47,0.45,0.44,0.46,1000000.0,1000000.0,0,0,0,0,0,0,0,0,0,0,0,0
,,,,,,8,2026-02-01 23:01:57.394476,RTM1C48,3.39,3.38,3.4,1000000.0,1000000.0,0,0,0,0,0,0,0,0,0,0,0,0
,,,,,,8,2026-02-01 23:01:57.394476,RTM1P48,0.72,0.71,0.73,1000000.0,1000000.0,0,0,0,0,0,0,0,0,0,0,0,0
,,,,,,8,2026-02-01 23:01:57.394476,RTM1C49,2.53,2.52,2.54,1000000.0,1000000.0,0,0,0,0,0,0,0,0,0,0,0,0
,,,,,,8,2026-02-01 23:01:57.394476,RTM1P49,0.86,0.85,0.87,1000000.0,1000000.0,0,0,0,0,0,0,0,0,0,0,0,0
,,,,,,8,2026-02-01 23:01:57.394476,RTM1C50,2.0,1.99,2.01,1000000.0,1000000.0,0,0,0,0,0,0,0,0,0,0,0,0
,,,,,,8,2026-02-01 23:01:57.394476,RTM1P50,1.33,1.32,1.34,1000000.0,1000000.0,0,0,0,0,0,0,0,0,0,0,0,0
,,,,,,8,2026-02-01 23:01:57.394476,RTM1C51,1.69,1.68,1.7,1000000.0,1000000.0,0,0,0,0,0,0,0,0,0,0,0,0
,,,,,,8,2026-02-01 23:01:57.394476,RTM1P51,2.02,2.01,2.03,1000000.0,1000000.0,0,0,0,0,0,0,0,0,0,0,0,0
,,,,,,8,2026-02-01 23:01:57.394476,RTM1C52,1.27,1.26,1.28,1000000.0,1000000.0,0,0,0,0,0,0,0,0,0,0,0,0
,,,,,,8,2026-02-01 23:01:57.394476,RTM1P52,2.61,2.6,2.62,1000000.0,1000000.0,0,0,0,0,0,0,0,0,0,0,0,0
,,,,,,8,2026-02-01 23:01:57.394476,RTM1C53,0.7,0.69,0.71,1000000.0,1000000.0,0,0,0,0,0,0,0,0,0,0,0,0
,,,,,,8,2026-02-01 23:01:57.394476,RTM1P53,3.03,3.02,3.04,1000000.0,1000000.0,0,0,0,0,0,0,0,0,0,0,0,0
,,,,,,8,2026-02-01 23:01:57.394476,RTM1C54,0.61,0.6,0.62,1000000.0,1000000.0,0,0,0,0,0,0,0,0,0,0,0,0
,,,,,,8,2026-02-01 23:01:57.394476,RTM1P54,3.94,3.93,3.95,1000000.0,1000000.0,0,0,0,0,0,0,0,0,0,0,0,0
2.0,1.0,1.0,Week 1,Delta limit and penalty,The delta limit for this sub-heat is 13000 and the penalty percentage is 5%,10,2026-02-01 23:01:58.458930,RTM,50.37,50.36,50.38,100000000.0,100000000.0,0,0,0,0,0,0,0,0,0,0,0,0
1.0,1.0,1.0,Week 1,Risk free rate and current annualized volatility of RTM,The current risk free rate is 0%. RTM is an ETF that mimics one of the major indices in the simulated world and its current annualized realized volatility is 40%. This simulation consists of 20 trading days that are each 15 ticks in length.,10,2026-02-01 23:01:58.458930,RTM1C45,5.64,5.63,5.65,1000000.0,1000000.0,0,0,0,0,0,0,0,0,0,0,0,0
,,,,,,10,2026-02-01 23:01:58.458930,RTM1P45,0.27,0.26,0.28,1000000.0,1000000.0,0,0,0,0,0,0,0,0,0,0,0,0
,,,,,,10,2026-02-01 23:01:58.458930,RTM1C46,4.63,4.62,4.64,1000000.0,1000000.0,0,0,0,0,0,0,0,0,0,0,0,0
,,,,,,10,2026-02-01 23:01:58.458930,RTM1P46,0.26,0.25,0.27,1000000.0,1000000.0,0,0,0,0,0,0,0,0,0,0,0,0
,,,,,,10,2026-02-01 23:01:58.458930,RTM1C47,3.82,3.81,3.83,1000000.0,1000000.0,0,0,0,0,0,0,0,0,0,0,0,0
,,,,,,10,2026-02-01 23:01:58.458930,RTM1P47,0.44,0.43,0.45,1000000.0,1000000.0,0,0,0,0,0,0,0,0,0,0,0,0
,,,,,,10,2026-02-01 23:01:58.458930,RTM1C48,3.05,3.04,3.06,1000000.0,1000000.0,0,0,0,0,0,0,0,0,0,0,0,0
,,,,,,10,2026-02-01 23:01:58.458930,RTM1P48,0.68,0.67,0.69,1000000.0,1000000.0,0,0,0,0,0,0,0,0,0,0,0,0
,,,,,,10,2026-02-01 23:01:58.458930,RTM1C49,2.39,2.38,2.4,1000000.0,1000000.0,0,0,0,0,0,0,0,0,0,0,0,0
,,,,,,10,2026-02-01 23:01:58.458930,RTM1P49,1.01,1.0,1.02,1000000.0,1000000.0,0,0,0,0,0,0,0,0,0,0,0,0
,,,,,,10,2026-02-01 23:01:58.458930,RTM1C50,1.99,1.98,2.0,1000000.0,1000000.0,0,0,0,0,0,0,0,0,0,0,0,0
,,,,,,10,2026-02-01 23:01:58.458930,RTM1P50,1.62,1.61,1.63,1000000.0,1000000.0,0,0,0,0,0,0,0,0,0,0,0,0
,,,,,,10,2026-02-01 23:01:58.458930,RTM1C51,1.35,1.34,1.36,1000000.0,1000000.0,0,0,0,0,0,0,0,0,0,0,0,0
,,,,,,10,2026-02-01 23:01:58.458930,RTM1P51,1.97,1.96,1.98,1000000.0,1000000.0,0,0,0,0,0,0,0,0,0,0,0,0
,,,,,,10,2026-02-01 23:01:58.458930,RTM1C52,1.1,1.09,1.11,1000000.0,1000000.0,0,0,0,0,0,0,0,0,0,0,0,0
,,,,,,10,2026-02-01 23:01:58.458930,RTM1P52,2.73,2.72,2.74,1000000.0,1000000.0,0,0,0,0,0,0,0,0,0,0,0,0
,,,,,,10,2026-02-01 23:01:58.458930,RTM1C53,0.68,0.67,0.69,1000000.0,1000000.0,0,0,0,0,0,0,0,0,0,0,0,0
,,,,,,10,2026-02-01 23:01:58.458930,RTM1P53,3.3,3.29,3.31,1000000.0,1000000.0,0,0,0,0,0,0,0,0,0,0,0,0
,,,,,,10,2026-02-01 23:01:58.458930,RTM1C54,0.47,0.46,0.48,1000000.0,1000000.0,0,0,0,0,0,0,0,0,0,0,0,0
,,,,,,10,2026-02-01 23:01:58.458930,RTM1P54,4.1,4.09,4.11,1000000.0,1000000.0,0,0,0,0,0,0,0,0,0,0,0,0
2.0,1.0,1.0,Week 1,Delta limit and penalty,The delta limit for this sub-heat is 13000 and the penalty percentage is 5%,11,2026-02-01 23:01:59.517181,RTM,50.32,50.31,50.33,100000000.0,100000000.0,0,0,0,0,0,0,0,0,0,0,0,0
1.0,1.0,1.0,Week 1,Risk free rate and current annualized volatility of RTM,The current risk free rate is 0%. RTM is an ETF that mimics one of the major indices in the simulated world and its current annualized realized volatility is 40%. This simulation consists of 20 trading days that are each 15 ticks in length.,11,2026-02-01 23:01:59.517181,RTM1C45,5.6,5.59,5.61,1000000.0,1000000.0,0,0,0,0,0,0,0,0,0,0,0,0
,,,,,,11,2026-02-01 23:01:59.517181,RTM1P45,0.28,0.27,0.29,1000000.0,1000000.0,0,0,0,0,0,0,0,0,0,0,0,0
,,,,,,11,2026-02-01 23:01:59.517181,RTM1C46,4.76,4.75,4.77,1000000.0,1000000.0,0,0,0,0,0,0,0,0,0,0,0,0
,,,,,,11,2026-02-01 23:01:59.517181,RTM1P46,0.45,0.44,0.46,1000000.0,1000000.0,0,0,0,0,0,0,0,0,0,0,0,0
,,,,,,11,2026-02-01 23:01:59.517181,RTM1C47,3.87,3.86,3.88,1000000.0,1000000.0,0,0,0,0,0,0,0,0,0,0,0,0
,,,,,,11,2026-02-01 23:01:59.517181,RTM1P47,0.55,0.54,0.56,1000000.0,1000000.0,0,0,0,0,0,0,0,0,0,0,0,0
,,,,,,11,2026-02-01 23:01:59.517181,RTM1C48,3.01,3.0,3.02,1000000.0,1000000.0,0,0,0,0,0,0,0,0,0,0,0,0
,,,,,,11,2026-02-01 23:01:59.517181,RTM1P48,0.7,0.69,0.71,1000000.0,1000000.0,0,0,0,0,0,0,0,0,0,0,0,0
,,,,,,11,2026-02-01 23:01:59.517181,RTM1C49,2.51,2.5,2.52,1000000.0,1000000.0,0,0,0,0,0,0,0,0,0,0,0,0
,,,,,,11,2026-02-01 23:01:59.517181,RTM1P49,1.19,1.18,1.2,1000000.0,1000000.0,0,0,0,0,0,0,0,0,0,0,0,0
,,,,,,11,2026-02-01 23:01:59.517181,RTM1C50,1.94,1.93,1.95,1000000.0,1000000.0,0,0,0,0,0,0,0,0,0,0,0,0
,,,,,,11,2026-02-01 23:01:59.517181,RTM1P50,1.62,1.61,1.63,1000000.0,1000000.0,0,0,0,0,0,0,0,0,0,0,0,0
,,,,,,11,2026-02-01 23:01:59.517181,RTM1C51,1.49,1.48,1.5,1000000.0,1000000.0,0,0,0,0,0,0,0,0,0,0,0,0
,,,,,,11,2026-02-01 23:01:59.517181,RTM1P51,2.17,2.16,2.18,1000000.0,1000000.0,0,0,0,0,0,0,0,0,0,0,0,0
,,,,,,11,2026-02-01 23:01:59.517181,RTM1C52,1.03,1.02,1.04,1000000.0,1000000.0,0,0,0,0,0,0,0,0,0,0,0,0
,,,,,,11,2026-02-01 23:01:59.517181,RTM1P52,2.71,2.7,2.72,1000000.0,1000000.0,0,0,0,0,0,0,0,0,0,0,0,0
,,,,,,11,2026-02-01 23:01:59.517181,RTM1C53,0.82,0.81,0.83,1000000.0,1000000.0,0,0,0,0,0,0,0,0,0,0,0,0
,,,,,,11,2026-02-01 23:01:59.517181,RTM1P53,3.5,3.49,3.51,1000000.0,1000000.0,0,0,0,0,0,0,0,0,0,0,0,0
,,,,,,11,2026-02-01 23:01:59.517181,RTM1C54,0.45,0.44,0.46,1000000.0,1000000.0,0,0,0,0,0,0,0,0,0,0,0,0
,,,,,,11,2026-02-01 23:01:59.517181,RTM1P54,4.13,4.12,4.14,1000000.0,1000000.0,0,0,0,0,0,0,0,0,0,0,0,0
2.0,1.0,1.0,Week 1,Delta limit and penalty,The delta limit for this sub-heat is 13000 and the penalty percentage is 5%,12,2026-02-01 23:02:00.595293,RTM,50.75,50.74,50.76,100000000.0,100000000.0,0,0,0,0,0,0,0,0,0,0,0,0
1.0,1.0,1.0,Week 1,Risk free rate and current annualized volatility of RTM,The current risk free rate is 0%. RTM is an ETF that mimics one of the major indices in the simulated world and its current annualized realized volatility is 40%. This simulation consists of 20 trading days that are each 15 ticks in length.,12,2026-02-01 23:02:00.595293,RTM1C45,5.93,5.92,5.94,1000000.0,1000000.0,0,0,0,0,0,0,0,0,0,0,0,0
,,,,,,12,2026-02-01 23:02:00.595293,RTM1P45,0.18,0.17,0.19,1000000.0,1000000.0,0,0,0,0,0,0,0,0,0,0,0,0
,,,,,,12,2026-02-01 23:02:00.595293,RTM1C46,5.04,5.03,5.05,1000000.0,1000000.0,0,0,0,0,0,0,0,0,0,0,0,0
,,,,,,12,2026-02-01 23:02:00.595293,RTM1P46,0.29,0.28,0.3,1000000.0,1000000.0,0,0,0,0,0,0,0,0,0,0,0,0
,,,,,,12,2026-02-01 23:02:00.595293,RTM1C47,4.21,4.2,4.22,1000000.0,1000000.0,0,0,0,0,0,0,0,0,0,0,0,0
,,,,,,12,2026-02-01 23:02:00.595293,RTM1P47,0.46,0.45,0.47,1000000.0,1000000.0,0,0,0,0,0,0,0,0,0,0,0,0
,,,,,,12,2026-02-01 23:02:00.595293,RTM1C48,3.54,3.53,3.55,1000000.0,1000000.0,0,0,0,0,0,0,0,0,0,0,0,0
,,,,,,12,2026-02-01 23:02:00.595293,RTM1P48,0.79,0.78,0.8,1000000.0,1000000.0,0,0,0,0,0,0,0,0,0,0,0,0
,,,,,,12,2026-02-01 23:02:00.595293,RTM1C49,2.66,2.65,2.67,1000000.0,1000000.0,0,0,0,0,0,0,0,0,0,0,0,0
,,,,,,12,2026-02-01 23:02:00.595293,RTM1P49,0.91,0.9,0.92,1000000.0,1000000.0,0,0,0,0,0,0,0,0,0,0,0,0
,,,,,,12,2026-02-01 23:02:00.595293,RTM1C50,2.27,2.26,2.28,1000000.0,1000000.0,0,0,0,0,0,0,0,0,0,0,0,0
,,,,,,12,2026-02-01 23:02:00.595293,RTM1P50,1.52,1.51,1.53,1000000.0,1000000.0,0,0,0,0,0,0,0,0,0,0,0,0
,,,,,,12,2026-02-01 23:02:00.595293,RTM1C51,1.79,1.78,1.8,1000000.0,1000000.0,0,0,0,0,0,0,0,0,0,0,0,0
,,,,,,12,2026-02-01 23:02:00.595293,RTM1P51,2.04,2.03,2.05,1000000.0,1000000.0,0,0,0,0,0,0,0,0,0,0,0,0
,,,,,,12,2026-02-01 23:02:00.595293,RTM1C52,1.18,1.17,1.19,1000000.0,1000000.0,0,0,0,0,0,0,0,0,0,0,0,0
,,,,,,12,2026-02-01 23:02:00.595293,RTM1P52,2.43,2.42,2.44,1000000.0,1000000.0,0,0,0,0,0,0,0,0,0,0,0,0
,,,,,,12,2026-02-01 23:02:00.595293,RTM1C53,1.08,1.07,1.09,1000000.0,1000000.0,0,0,0,0,0,0,0,0,0,0,0,0
,,,,,,12,2026-02-01 23:02:00.595293,RTM1P53,3.34,3.33,3.35,1000000.0,1000000.0,0,0,0,0,0,0,0,0,0,0,0,0
,,,,,,12,2026-02-01 23:02:00.595293,RTM1C54,0.55,0.54,0.56,1000000.0,1000000.0,0,0,0,0,0,0,0,0,0,0,0,0
,,,,,,12,2026-02-01 23:02:00.595293,RTM1P54,3.8,3.79,3.81,1000000.0,1000000.0,0,0,0,0,0,0,0,0,0,0,0,0
2.0,1.0,1.0,Week 1,Delta limit and penalty,The delta limit for this sub-heat is 13000 and the penalty percentage is 5%,13,2026-02-01 23:02:01.659206,RTM,51.42,51.41,51.43,100000000.0,100000000.0,0,0,0,0,0,0,0,0,0,0,0,0
1.0,1.0,1.0,Week 1,Risk free rate and current annualized volatility of RTM,The current risk free rate is 0%. RTM is an ETF that mimics one of the major indices in the simulated world and its current annualized realized volatility is 40%. This simulation consists of 20 trading days that are each 15 ticks in length.,13,2026-02-01 23:02:01.659206,RTM1C45,6.52,6.51,6.53,1000000.0,1000000.0,0,0,0,0,0,0,0,0,0,0,0,0
,,,,,,13,2026-02-01 23:02:01.659206,RTM1P45,0.11,0.1,0.12,1000000.0,1000000.0,0,0,0,0,0,0,0,0,0,0,0,0
,,,,,,13,2026-02-01 23:02:01.659206,RTM1C46,5.71,5.7,5.72,1000000.0,1000000.0,0,0,0,0,0,0,0,0,0,0,0,0
,,,,,,13,2026-02-01 23:02:01.659206,RTM1P46,0.29,0.28,0.3,1000000.0,1000000.0,0,0,0,0,0,0,0,0,0,0,0,0
,,,,,,13,2026-02-01 23:02:01.659206,RTM1C47,4.74,4.73,4.75,1000000.0,1000000.0,0,0,0,0,0,0,0,0,0,0,0,0
,,,,,,13,2026-02-01 23:02:01.659206,RTM1P47,0.33,0.32,0.34,1000000.0,1000000.0,0,0,0,0,0,0,0,0,0,0,0,0
,,,,,,13,2026-02-01 23:02:01.659206,RTM1C48,3.96,3.95,3.97,1000000.0,1000000.0,0,0,0,0,0,0,0,0,0,0,0,0
,,,,,,13,2026-02-01 23:02:01.659206,RTM1P48,0.54,0.53,0.55,1000000.0,1000000.0,0,0,0,0,0,0,0,0,0,0,0,0
,,,,,,13,2026-02-01 23:02:01.659206,RTM1C49,3.32,3.31,3.33,1000000.0,1000000.0,0,0,0,0,0,0,0,0,0,0,0,0
,,,,,,13,2026-02-01 23:02:01.659206,RTM1P49,0.9,0.89,0.91,1000000.0,1000000.0,0,0,0,0,0,0,0,0,0,0,0,0
,,,,,,13,2026-02-01 23:02:01.659206,RTM1C50,2.7,2.69,2.71,1000000.0,1000000.0,0,0,0,0,0,0,0,0,0,0,0,0
,,,,,,13,2026-02-01 23:02:01.659206,RTM1P50,1.29,1.28,1.3,1000000.0,1000000.0,0,0,0,0,0,0,0,0,0,0,0,0
,,,,,,13,2026-02-01 23:02:01.659206,RTM1C51,2.02,2.01,2.03,1000000.0,1000000.0,0,0,0,0,0,0,0,0,0,0,0,0
,,,,,,13,2026-02-01 23:02:01.659206,RTM1P51,1.61,1.6,1.62,1000000.0,1000000.0,0,0,0,0,0,0,0,0,0,0,0,0
,,,,,,13,2026-02-01 23:02:01.659206,RTM1C52,1.7,1.69,1.71,1000000.0,1000000.0,0,0,0,0,0,0,0,0,0,0,0,0
,,,,,,13,2026-02-01 23:02:01.659206,RTM1P52,2.29,2.28,2.3,1000000.0,1000000.0,0,0,0,0,0,0,0,0,0,0,0,0
,,,,,,13,2026-02-01 23:02:01.659206,RTM1C53,1.2,1.19,1.21,1000000.0,1000000.0,0,0,0,0,0,0,0,0,0,0,0,0
,,,,,,13,2026-02-01 23:02:01.659206,RTM1P53,2.79,2.78,2.8,1000000.0,1000000.0,0,0,0,0,0,0,0,0,0,0,0,0
,,,,,,13,2026-02-01 23:02:01.659206,RTM1C54,0.86,0.85,0.87,1000000.0,1000000.0,0,0,0,0,0,0,0,0,0,0,0,0
,,,,,,13,2026-02-01 23:02:01.659206,RTM1P54,3.45,3.44,3.46,1000000.0,1000000.0,0,0,0,0,0,0,0,0,0,0,0,0
2.0,1.0,1.0,Week 1,Delta limit and penalty,The delta limit for this sub-heat is 13000 and the penalty percentage is 5%,14,2026-02-01 23:02:02.714671,RTM,51.39,51.38,51.4,100000000.0,100000000.0,0,0,0,0,0,0,0,0,0,0,0,0
1.0,1.0,1.0,Week 1,Risk free rate and current annualized volatility of RTM,The current risk free rate is 0%. RTM is an ETF that mimics one of the major indices in the simulated world and its current annualized realized volatility is 40%. This simulation consists of 20 trading days that are each 15 ticks in length.,14,2026-02-01 23:02:02.714671,RTM1C45,6.49,6.48,6.5,1000000.0,1000000.0,0,0,0,0,0,0,0,0,0,0,0,0
,,,,,,14,2026-02-01 23:02:02.714671,RTM1P45,0.1,0.09,0.11,1000000.0,1000000.0,0,0,0,0,0,0,0,0,0,0,0,0
,,,,,,14,2026-02-01 23:02:02.714671,RTM1C46,5.63,5.62,5.64,1000000.0,1000000.0,0,0,0,0,0,0,0,0,0,0,0,0
,,,,,,14,2026-02-01 23:02:02.714671,RTM1P46,0.24,0.23,0.25,1000000.0,1000000.0,0,0,0,0,0,0,0,0,0,0,0,0
,,,,,,14,2026-02-01 23:02:02.714671,RTM1C47,4.73,4.72,4.74,1000000.0,1000000.0,0,0,0,0,0,0,0,0,0,0,0,0
,,,,,,14,2026-02-01 23:02:02.714671,RTM1P47,0.34,0.33,0.35,1000000.0,1000000.0,0,0,0,0,0,0,0,0,0,0,0,0
,,,,,,14,2026-02-01 23:02:02.714671,RTM1C48,3.88,3.87,3.89,1000000.0,1000000.0,0,0,0,0,0,0,0,0,0,0,0,0
,,,,,,14,2026-02-01 23:02:02.714671,RTM1P48,0.49,0.48,0.5,1000000.0,1000000.0,0,0,0,0,0,0,0,0,0,0,0,0
,,,,,,14,2026-02-01 23:02:02.714671,RTM1C49,3.14,3.13,3.15,1000000.0,1000000.0,0,0,0,0,0,0,0,0,0,0,0,0
,,,,,,14,2026-02-01 23:02:02.714671,RTM1P49,0.75,0.74,0.76,1000000.0,1000000.0,0,0,0,0,0,0,0,0,0,0,0,0
,,,,,,14,2026-02-01 23:02:02.714671,RTM1C50,2.65,2.64,2.66,1000000.0,1000000.0,0,0,0,0,0,0,0,0,0,0,0,0
,,,,,,14,2026-02-01 23:02:02.714671,RTM1P50,1.27,1.26,1.28,1000000.0,1000000.0,0,0,0,0,0,0,0,0,0,0,0,0
,,,,,,14,2026-02-01 23:02:02.714671,RTM1C51,2.04,2.03,2.05,1000000.0,1000000.0,0,0,0,0,0,0,0,0,0,0,0,0
,,,,,,14,2026-02-01 23:02:02.714671,RTM1P51,1.65,1.64,1.66,1000000.0,1000000.0,0,0,0,0,0,0,0,0,0,0,0,0
,,,,,,14,2026-02-01 23:02:02.714671,RTM1C52,1.48,1.47,1.49,1000000.0,1000000.0,0,0,0,0,0,0,0,0,0,0,0,0
,,,,,,14,2026-02-01 23:02:02.714671,RTM1P52,2.09,2.08,2.1,1000000.0,1000000.0,0,0,0,0,0,0,0,0,0,0,0,0
,,,,,,14,2026-02-01 23:02:02.714671,RTM1C53,1.09,1.08,1.1,1000000.0,1000000.0,0,0,0,0,0,0,0,0,0,0,0,0
,,,,,,14,2026-02-01 23:02:02.714671,RTM1P53,2.7,2.69,2.71,1000000.0,1000000.0,0,0,0,0,0,0,0,0,0,0,0,0
,,,,,,14,2026-02-01 23:02:02.714671,RTM1C54,1.01,1.0,1.02,1000000.0,1000000.0,0,0,0,0,0,0,0,0,0,0,0,0
,,,,,,14,2026-02-01 23:02:02.714671,RTM1P54,3.63,3.62,3.64,1000000.0,1000000.0,0,0,0,0,0,0,0,0,0,0,0,0
2.0,1.0,1.0,Week 1,Delta limit and penalty,The delta limit for this sub-heat is 13000 and the penalty percentage is 5%,15,2026-02-01 23:02:03.758898,RTM,51.24,51.23,51.25,100000000.0,100000000.0,0,0,0,0,0,0,0,0,0,0,0,0
1.0,1.0,1.0,Week 1,Risk free rate and current annualized volatility of RTM,The current risk free rate is 0%. RTM is an ETF that mimics one of the major indices in the simulated world and its current annualized realized volatility is 40%. This simulation consists of 20 trading days that are each 15 ticks in length.,15,2026-02-01 23:02:03.758898,RTM1C45,6.44,6.43,6.45,1000000.0,1000000.0,0,0,0,0,0,0,0,0,0,0,0,0
,,,,,,15,2026-02-01 23:02:03.758898,RTM1P45,0.2,0.19,0.21,1000000.0,1000000.0,0,0,0,0,0,0,0,0,0,0,0,0
,,,,,,15,2026-02-01 23:02:03.758898,RTM1C46,5.49,5.48,5.5,1000000.0,1000000.0,0,0,0,0,0,0,0,0,0,0,0,0
,,,,,,15,2026-02-01 23:02:03.758898,RTM1P46,0.25,0.24,0.26,1000000.0,1000000.0,0,0,0,0,0,0,0,0,0,0,0,0
,,,,,,15,2026-02-01 23:02:03.758898,RTM1C47,4.73,4.72,4.74,1000000.0,1000000.0,0,0,0,0,0,0,0,0,0,0,0,0
,,,,,,15,2026-02-01 23:02:03.758898,RTM1P47,0.49,0.48,0.5,1000000.0,1000000.0,0,0,0,0,0,0,0,0,0,0,0,0
,,,,,,15,2026-02-01 23:02:03.758898,RTM1C48,3.81,3.8,3.82,1000000.0,1000000.0,0,0,0,0,0,0,0,0,0,0,0,0
,,,,,,15,2026-02-01 23:02:03.758898,RTM1P48,0.57,0.56,0.58,1000000.0,1000000.0,0,0,0,0,0,0,0,0,0,0,0,0
,,,,,,15,2026-02-01 23:02:03.758898,RTM1C49,3.1,3.09,3.11,1000000.0,1000000.0,0,0,0,0,0,0,0,0,0,0,0,0
,,,,,,15,2026-02-01 23:02:03.758898,RTM1P49,0.86,0.85,0.87,1000000.0,1000000.0,0,0,0,0,0,0,0,0,0,0,0,0
,,,,,,15,2026-02-01 23:02:03.758898,RTM1C50,2.49,2.48,2.5,1000000.0,1000000.0,0,0,0,0,0,0,0,0,0,0,0,0
,,,,,,15,2026-02-01 23:02:03.758898,RTM1P50,1.25,1.24,1.26,1000000.0,1000000.0,0,0,0,0,0,0,0,0,0,0,0,0
,,,,,,15,2026-02-01 23:02:03.758898,RTM1C51,1.92,1.91,1.93,1000000.0,1000000.0,0,0,0,0,0,0,0,0,0,0,0,0
,,,,,,15,2026-02-01 23:02:03.758898,RTM1P51,1.67,1.66,1.68,1000000.0,1000000.0,0,0,0,0,0,0,0,0,0,0,0,0
,,,,,,15,2026-02-01 23:02:03.758898,RTM1C52,1.54,1.53,1.55,1000000.0,1000000.0,0,0,0,0,0,0,0,0,0,0,0,0
,,,,,,15,2026-02-01 23:02:03.758898,RTM1P52,2.3,2.29,2.31,1000000.0,1000000.0,0,0,0,0,0,0,0,0,0,0,0,0
,,,,,,15,2026-02-01 23:02:03.758898,RTM1C53,1.15,1.14,1.16,1000000.0,1000000.0,0,0,0,0,0,0,0,0,0,0,0,0
,,,,,,15,2026-02-01 23:02:03.758898,RTM1P53,2.91,2.9,2.92,1000000.0,1000000.0,0,0,0,0,0,0,0,0,0,0,0,0
,,,,,,15,2026-02-01 23:02:03.758898,RTM1C54,0.82,0.81,0.83,1000000.0,1000000.0,0,0,0,0,0,0,0,0,0,0,0,0
,,,,,,15,2026-02-01 23:02:03.758898,RTM1P54,3.58,3.57,3.59,1000000.0,1000000.0,0,0,0,0,0,0,0,0,0,0,0,0
2.0,1.0,1.0,Week 1,Delta limit and penalty,The delta limit for this sub-heat is 13000 and the penalty percentage is 5%,16,2026-02-01 23:02:04.814077,RTM,51.67,51.66,51.68,100000000.0,100000000.0,0,0,0,0,0,0,0,0,0,0,0,0
1.0,1.0,1.0,Week 1,Risk free rate and current annualized volatility of RTM,The current risk free rate is 0%. RTM is an ETF that mimics one of the major indices in the simulated world and its current annualized realized volatility is 40%. This simulation consists of 20 trading days that are each 15 ticks in length.,16,2026-02-01 23:02:04.814077,RTM1C45,6.83,6.82,6.84,1000000.0,1000000.0,0,0,0,0,0,0,0,0,0,0,0,0
,,,,,,16,2026-02-01 23:02:04.814077,RTM1P45,0.16,0.15,0.17,1000000.0,1000000.0,0,0,0,0,0,0,0,0,0,0,0,0
,,,,,,16,2026-02-01 23:02:04.814077,RTM1C46,5.91,5.9,5.92,1000000.0,1000000.0,0,0,0,0,0,0,0,0,0,0,0,0
,,,,,,16,2026-02-01 23:02:04.814077,RTM1P46,0.23,0.22,0.24,1000000.0,1000000.0,0,0,0,0,0,0,0,0,0,0,0,0
,,,,,,16,2026-02-01 23:02:04.814077,RTM1C47,4.99,4.98,5.0,1000000.0,1000000.0,0,0,0,0,0,0,0,0,0,0,0,0
,,,,,,16,2026-02-01 23:02:04.814077,RTM1P47,0.32,0.31,0.33,1000000.0,1000000.0,0,0,0,0,0,0,0,0,0,0,0,0
,,,,,,16,2026-02-01 23:02:04.814077,RTM1C48,4.2,4.19,4.21,1000000.0,1000000.0,0,0,0,0,0,0,0,0,0,0,0,0
,,,,,,16,2026-02-01 23:02:04.814077,RTM1P48,0.52,0.51,0.53,1000000.0,1000000.0,0,0,0,0,0,0,0,0,0,0,0,0
,,,,,,16,2026-02-01 23:02:04.814077,RTM1C49,3.44,3.43,3.45,1000000.0,1000000.0,0,0,0,0,0,0,0,0,0,0,0,0
,,,,,,16,2026-02-01 23:02:04.814077,RTM1P49,0.77,0.76,0.78,1000000.0,1000000.0,0,0,0,0,0,0,0,0,0,0,0,0
,,,,,,16,2026-02-01 23:02:04.814077,RTM1C50,2.94,2.93,2.95,1000000.0,1000000.0,0,0,0,0,0,0,0,0,0,0,0,0
,,,,,,16,2026-02-01 23:02:04.814077,RTM1P50,1.26,1.25,1.27,1000000.0,1000000.0,0,0,0,0,0,0,0,0,0,0,0,0
,,,,,,16,2026-02-01 23:02:04.814077,RTM1C51,2.19,2.18,2.2,1000000.0,1000000.0,0,0,0,0,0,0,0,0,0,0,0,0
,,,,,,16,2026-02-01 23:02:04.814077,RTM1P51,1.51,1.5,1.52,1000000.0,1000000.0,0,0,0,0,0,0,0,0,0,0,0,0
,,,,,,16,2026-02-01 23:02:04.814077,RTM1C52,1.77,1.76,1.78,1000000.0,1000000.0,0,0,0,0,0,0,0,0,0,0,0,0
,,,,,,16,2026-02-01 23:02:04.814077,RTM1P52,2.1,2.09,2.11,1000000.0,1000000.0,0,0,0,0,0,0,0,0,0,0,0,0
,,,,,,16,2026-02-01 23:02:04.814077,RTM1C53,1.25,1.24,1.26,1000000.0,1000000.0,0,0,0,0,0,0,0,0,0,0,0,0
,,,,,,16,2026-02-01 23:02:04.814077,RTM1P53,2.58,2.57,2.59,1000000.0,1000000.0,0,0,0,0,0,0,0,0,0,0,0,0
,,,,,,16,2026-02-01 23:02:04.814077,RTM1C54,1.06,1.05,1.07,1000000.0,1000000.0,0,0,0,0,0,0,0,0,0,0,0,0
,,,,,,16,2026-02-01 23:02:04.814077,RTM1P54,3.39,3.38,3.4,1000000.0,1000000.0,0,0,0,0,0,0,0,0,0,0,0,0
2.0,1.0,1.0,Week 1,Delta limit and penalty,The delta limit for this sub-heat is 13000 and the penalty percentage is 5%,17,2026-02-01 23:02:05.858604,RTM,51.32,51.31,51.33,100000000.0,100000000.0,0,0,0,0,0,0,0,0,0,0,0,0
1.0,1.0,1.0,Week 1,Risk free rate and current annualized volatility of RTM,The current risk free rate is 0%. RTM is an ETF that mimics one of the major indices in the simulated world and its current annualized realized volatility is 40%. This simulation consists of 20 trading days that are each 15 ticks in length.,17,2026-02-01 23:02:05.858604,RTM1C45,6.46,6.45,6.47,1000000.0,1000000.0,0,0,0,0,0,0,0,0,0,0,0,0
,,,,,,17,2026-02-01 23:02:05.858604,RTM1P45,0.14,0.13,0.15,1000000.0,1000000.0,0,0,0,0,0,0,0,0,0,0,0,0
,,,,,,17,2026-02-01 23:02:05.858604,RTM1C46,5.6,5.59,5.61,1000000.0,1000000.0,0,0,0,0,0,0,0,0,0,0,0,0
,,,,,,17,2026-02-01 23:02:05.858604,RTM1P46,0.28,0.27,0.29,1000000.0,1000000.0,0,0,0,0,0,0,0,0,0,0,0,0
,,,,,,17,2026-02-01 23:02:05.858604,RTM1C47,4.8,4.79,4.81,1000000.0,1000000.0,0,0,0,0,0,0,0,0,0,0,0,0
,,,,,,17,2026-02-01 23:02:05.858604,RTM1P47,0.48,0.47,0.49,1000000.0,1000000.0,0,0,0,0,0,0,0,0,0,0,0,0
,,,,,,17,2026-02-01 23:02:05.858604,RTM1C48,4.03,4.02,4.04,1000000.0,1000000.0,0,0,0,0,0,0,0,0,0,0,0,0
,,,,,,17,2026-02-01 23:02:05.858604,RTM1P48,0.7,0.69,0.71,1000000.0,1000000.0,0,0,0,0,0,0,0,0,0,0,0,0
,,,,,,17,2026-02-01 23:02:05.858604,RTM1C49,3.27,3.26,3.28,1000000.0,1000000.0,0,0,0,0,0,0,0,0,0,0,0,0
,,,,,,17,2026-02-01 23:02:05.858604,RTM1P49,0.94,0.93,0.95,1000000.0,1000000.0,0,0,0,0,0,0,0,0,0,0,0,0
,,,,,,17,2026-02-01 23:02:05.858604,RTM1C50,2.72,2.71,2.73,1000000.0,1000000.0,0,0,0,0,0,0,0,0,0,0,0,0
,,,,,,17,2026-02-01 23:02:05.858604,RTM1P50,1.4,1.39,1.41,1000000.0,1000000.0,0,0,0,0,0,0,0,0,0,0,0,0
,,,,,,17,2026-02-01 23:02:05.858604,RTM1C51,1.94,1.93,1.95,1000000.0,1000000.0,0,0,0,0,0,0,0,0,0,0,0,0
,,,,,,17,2026-02-01 23:02:05.858604,RTM1P51,1.62,1.61,1.63,1000000.0,1000000.0,0,0,0,0,0,0,0,0,0,0,0,0
,,,,,,17,2026-02-01 23:02:05.858604,RTM1C52,1.54,1.53,1.55,1000000.0,1000000.0,0,0,0,0,0,0,0,0,0,0,0,0
,,,,,,17,2026-02-01 23:02:05.858604,RTM1P52,2.22,2.21,2.23,1000000.0,1000000.0,0,0,0,0,0,0,0,0,0,0,0,0
,,,,,,17,2026-02-01 23:02:05.858604,RTM1C53,1.13,1.12,1.14,1000000.0,1000000.0,0,0,0,0,0,0,0,0,0,0,0,0
,,,,,,17,2026-02-01 23:02:05.858604,RTM1P53,2.81,2.8,2.82,1000000.0,1000000.0,0,0,0,0,0,0,0,0,0,0,0,0
,,,,,,17,2026-02-01 23:02:05.858604,RTM1C54,0.88,0.87,0.89,1000000.0,1000000.0,0,0,0,0,0,0,0,0,0,0,0,0
,,,,,,17,2026-02-01 23:02:05.858604,RTM1P54,3.56,3.55,3.57,1000000.0,1000000.0,0,0,0,0,0,0,0,0,0,0,0,0
2.0,1.0,1.0,Week 1,Delta limit and penalty,The delta limit for this sub-heat is 13000 and the penalty percentage is 5%,18,2026-02-01 23:02:06.904835,RTM,50.77,50.76,50.78,100000000.0,100000000.0,0,0,0,0,0,0,0,0,0,0,0,0
1.0,1.0,1.0,Week 1,Risk free rate and current annualized volatility of RTM,The current risk free rate is 0%. RTM is an ETF that mimics one of the major indices in the simulated world and its current annualized realized volatility is 40%. This simulation consists of 20 trading days that are each 15 ticks in length.,18,2026-02-01 23:02:06.904835,RTM1C45,5.99,5.98,6.0,1000000.0,1000000.0,0,0,0,0,0,0,0,0,0,0,0,0
,,,,,,18,2026-02-01 23:02:06.904835,RTM1P45,0.22,0.21,0.23,1000000.0,1000000.0,0,0,0,0,0,0,0,0,0,0,0,0
,,,,,,18,2026-02-01 23:02:06.904835,RTM1C46,5.1,5.09,5.11,1000000.0,1000000.0,0,0,0,0,0,0,0,0,0,0,0,0
,,,,,,18,2026-02-01 23:02:06.904835,RTM1P46,0.33,0.32,0.34,1000000.0,1000000.0,0,0,0,0,0,0,0,0,0,0,0,0
,,,,,,18,2026-02-01 23:02:06.904835,RTM1C47,4.35,4.34,4.36,1000000.0,1000000.0,0,0,0,0,0,0,0,0,0,0,0,0
,,,,,,18,2026-02-01 23:02:06.904835,RTM1P47,0.58,0.57,0.59,1000000.0,1000000.0,0,0,0,0,0,0,0,0,0,0,0,0
,,,,,,18,2026-02-01 23:02:06.904835,RTM1C48,3.52,3.51,3.53,1000000.0,1000000.0,0,0,0,0,0,0,0,0,0,0,0,0
,,,,,,18,2026-02-01 23:02:06.904835,RTM1P48,0.75,0.74,0.76,1000000.0,1000000.0,0,0,0,0,0,0,0,0,0,0,0,0
,,,,,,18,2026-02-01 23:02:06.904835,RTM1C49,2.91,2.9,2.92,1000000.0,1000000.0,0,0,0,0,0,0,0,0,0,0,0,0
,,,,,,18,2026-02-01 23:02:06.904835,RTM1P49,1.14,1.13,1.15,1000000.0,1000000.0,0,0,0,0,0,0,0,0,0,0,0,0
,,,,,,18,2026-02-01 23:02:06.904835,RTM1C50,2.17,2.16,2.18,1000000.0,1000000.0,0,0,0,0,0,0,0,0,0,0,0,0
,,,,,,18,2026-02-01 23:02:06.904835,RTM1P50,1.4,1.39,1.41,1000000.0,1000000.0,0,0,0,0,0,0,0,0,0,0,0,0
,,,,,,18,2026-02-01 23:02:06.904835,RTM1C51,1.72,1.71,1.73,1000000.0,1000000.0,0,0,0,0,0,0,0,0,0,0,0,0
,,,,,,18,2026-02-01 23:02:06.904835,RTM1P51,1.95,1.94,1.96,1000000.0,1000000.0,0,0,0,0,0,0,0,0,0,0,0,0
,,,,,,18,2026-02-01 23:02:06.904835,RTM1C52,1.34,1.33,1.35,1000000.0,1000000.0,0,0,0,0,0,0,0,0,0,0,0,0
,,,,,,18,2026-02-01 23:02:06.904835,RTM1P52,2.57,2.56,2.58,1000000.0,1000000.0,0,0,0,0,0,0,0,0,0,0,0,0
,,,,,,18,2026-02-01 23:02:06.904835,RTM1C53,0.94,0.93,0.95,1000000.0,1000000.0,0,0,0,0,0,0,0,0,0,0,0,0
,,,,,,18,2026-02-01 23:02:06.904835,RTM1P53,3.17,3.16,3.18,1000000.0,1000000.0,0,0,0,0,0,0,0,0,0,0,0,0
,,,,,,18,2026-02-01 23:02:06.904835,RTM1C54,0.74,0.73,0.75,1000000.0,1000000.0,0,0,0,0,0,0,0,0,0,0,0,0
,,,,,,18,2026-02-01 23:02:06.904835,RTM1P54,3.97,3.96,3.98,1000000.0,1000000.0,0,0,0,0,0,0,0,0,0,0,0,0
2.0,1.0,1.0,Week 1,Delta limit and penalty,The delta limit for this sub-heat is 13000 and the penalty percentage is 5%,19,2026-02-01 23:02:07.945007,RTM,50.83,50.82,50.84,100000000.0,100000000.0,0,0,0,0,0,0,0,0,0,0,0,0
1.0,1.0,1.0,Week 1,Risk free rate and current annualized volatility of RTM,The current risk free rate is 0%. RTM is an ETF that mimics one of the major indices in the simulated world and its current annualized realized volatility is 40%. This simulation consists of 20 trading days that are each 15 ticks in length.,19,2026-02-01 23:02:07.945007,RTM1C45,6.01,6.0,6.02,1000000.0,1000000.0,0,0,0,0,0,0,0,0,0,0,0,0
,,,,,,19,2026-02-01 23:02:07.945007,RTM1P45,0.18,0.17,0.19,1000000.0,1000000.0,0,0,0,0,0,0,0,0,0,0,0,0
,,,,,,19,2026-02-01 23:02:07.945007,RTM1C46,5.21,5.2,5.22,1000000.0,1000000.0,0,0,0,0,0,0,0,0,0,0,0,0
,,,,,,19,2026-02-01 23:02:07.945007,RTM1P46,0.38,0.37,0.39,1000000.0,1000000.0,0,0,0,0,0,0,0,0,0,0,0,0
,,,,,,19,2026-02-01 23:02:07.945007,RTM1C47,4.31,4.3,4.32,1000000.0,1000000.0,0,0,0,0,0,0,0,0,0,0,0,0
,,,,,,19,2026-02-01 23:02:07.945007,RTM1P47,0.47,0.46,0.48,1000000.0,1000000.0,0,0,0,0,0,0,0,0,0,0,0,0
,,,,,,19,2026-02-01 23:02:07.945007,RTM1C48,3.51,3.5,3.52,1000000.0,1000000.0,0,0,0,0,0,0,0,0,0,0,0,0
,,,,,,19,2026-02-01 23:02:07.945007,RTM1P48,0.68,0.67,0.69,1000000.0,1000000.0,0,0,0,0,0,0,0,0,0,0,0,0
,,,,,,19,2026-02-01 23:02:07.945007,RTM1C49,2.85,2.84,2.86,1000000.0,1000000.0,0,0,0,0,0,0,0,0,0,0,0,0
,,,,,,19,2026-02-01 23:02:07.945007,RTM1P49,1.01,1.0,1.02,1000000.0,1000000.0,0,0,0,0,0,0,0,0,0,0,0,0
,,,,,,19,2026-02-01 23:02:07.945007,RTM1C50,2.3,2.29,2.31,1000000.0,1000000.0,0,0,0,0,0,0,0,0,0,0,0,0
,,,,,,19,2026-02-01 23:02:07.945007,RTM1P50,1.47,1.46,1.48,1000000.0,1000000.0,0,0,0,0,0,0,0,0,0,0,0,0
,,,,,,19,2026-02-01 23:02:07.945007,RTM1C51,1.71,1.7,1.72,1000000.0,1000000.0,0,0,0,0,0,0,0,0,0,0,0,0
,,,,,,19,2026-02-01 23:02:07.945007,RTM1P51,1.88,1.87,1.89,1000000.0,1000000.0,0,0,0,0,0,0,0,0,0,0,0,0
,,,,,,19,2026-02-01 23:02:07.945007,RTM1C52,1.31,1.3,1.32,1000000.0,1000000.0,0,0,0,0,0,0,0,0,0,0,0,0
,,,,,,19,2026-02-01 23:02:07.945007,RTM1P52,2.48,2.47,2.49,1000000.0,1000000.0,0,0,0,0,0,0,0,0,0,0,0,0
,,,,,,19,2026-02-01 23:02:07.945007,RTM1C53,1.05,1.04,1.06,1000000.0,1000000.0,0,0,0,0,0,0,0,0,0,0,0,0
,,,,,,19,2026-02-01 23:02:07.945007,RTM1P53,3.22,3.21,3.23,1000000.0,1000000.0,0,0,0,0,0,0,0,0,0,0,0,0
,,,,,,19,2026-02-01 23:02:07.945007,RTM1C54,0.69,0.68,0.7,1000000.0,1000000.0,0,0,0,0,0,0,0,0,0,0,0,0
,,,,,,19,2026-02-01 23:02:07.945007,RTM1P54,3.85,3.84,3.86,1000000.0,1000000.0,0,0,0,0,0,0,0,0,0,0,0,0
2.0,1.0,1.0,Week 1,Delta limit and penalty,The delta limit for this sub-heat is 13000 and the penalty percentage is 5%,20,2026-02-01 23:02:08.995092,RTM,51.03,51.02,51.04,100000000.0,100000000.0,0,0,0,0,0,0,0,0,0,0,0,0
1.0,1.0,1.0,Week 1,Risk free rate and current annualized volatility of RTM,The current risk free rate is 0%. RTM is an ETF that mimics one of the major indices in the simulated world and its current annualized realized volatility is 40%. This simulation consists of 20 trading days that are each 15 ticks in length.,20,2026-02-01 23:02:08.995092,RTM1C45,6.25,6.24,6.26,1000000.0,1000000.0,0,0,0,0,0,0,0,0,0,0,0,0
,,,,,,20,2026-02-01 23:02:08.995092,RTM1P45,0.22,0.21,0.23,1000000.0,1000000.0,0,0,0,0,0,0,0,0,0,0,0,0
,,,,,,20,2026-02-01 23:02:08.995092,RTM1C46,5.37,5.36,5.38,1000000.0,1000000.0,0,0,0,0,0,0,0,0,0,0,0,0
,,,,,,20,2026-02-01 23:02:08.995092,RTM1P46,0.34,0.33,0.35,1000000.0,1000000.0,0,0,0,0,0,0,0,0,0,0,0,0
,,,,,,20,2026-02-01 23:02:08.995092,RTM1C47,4.5,4.49,4.51,1000000.0,1000000.0,0,0,0,0,0,0,0,0,0,0,0,0
,,,,,,20,2026-02-01 23:02:08.995092,RTM1P47,0.47,0.46,0.48,1000000.0,1000000.0,0,0,0,0,0,0,0,0,0,0,0,0
,,,,,,20,2026-02-01 23:02:08.995092,RTM1C48,3.8,3.79,3.81,1000000.0,1000000.0,0,0,0,0,0,0,0,0,0,0,0,0
,,,,,,20,2026-02-01 23:02:08.995092,RTM1P48,0.77,0.76,0.78,1000000.0,1000000.0,0,0,0,0,0,0,0,0,0,0,0,0
,,,,,,20,2026-02-01 23:02:08.995092,RTM1C49,3.02,3.01,3.03,1000000.0,1000000.0,0,0,0,0,0,0,0,0,0,0,0,0
,,,,,,20,2026-02-01 23:02:08.995092,RTM1P49,1.0,0.99,1.01,1000000.0,1000000.0,0,0,0,0,0,0,0,0,0,0,0,0
,,,,,,20,2026-02-01 23:02:08.995092,RTM1C50,2.36,2.35,2.37,1000000.0,1000000.0,0,0,0,0,0,0,0,0,0,0,0,0
,,,,,,20,2026-02-01 23:02:08.995092,RTM1P50,1.33,1.32,1.34,1000000.0,1000000.0,0,0,0,0,0,0,0,0,0,0,0,0
,,,,,,20,2026-02-01 23:02:08.995092,RTM1C51,2.01,2.0,2.02,1000000.0,1000000.0,0,0,0,0,0,0,0,0,0,0,0,0
,,,,,,20,2026-02-01 23:02:08.995092,RTM1P51,1.98,1.97,1.99,1000000.0,1000000.0,0,0,0,0,0,0,0,0,0,0,0,0
,,,,,,20,2026-02-01 23:02:08.995092,RTM1C52,1.52,1.51,1.53,1000000.0,1000000.0,0,0,0,0,0,0,0,0,0,0,0,0
,,,,,,20,2026-02-01 23:02:08.995092,RTM1P52,2.5,2.49,2.51,1000000.0,1000000.0,0,0,0,0,0,0,0,0,0,0,0,0
,,,,,,20,2026-02-01 23:02:08.995092,RTM1C53,1.05,1.04,1.06,1000000.0,1000000.0,0,0,0,0,0,0,0,0,0,0,0,0
,,,,,,20,2026-02-01 23:02:08.995092,RTM1P53,3.02,3.01,3.03,1000000.0,1000000.0,0,0,0,0,0,0,0,0,0,0,0,0
,,,,,,20,2026-02-01 23:02:08.995092,RTM1C54,0.81,0.8,0.82,1000000.0,1000000.0,0,0,0,0,0,0,0,0,0,0,0,0
,,,,,,20,2026-02-01 23:02:08.995092,RTM1P54,3.79,3.78,3.8,1000000.0,1000000.0,0,0,0,0,0,0,0,0,0,0,0,0
2.0,1.0,1.0,Week 1,Delta limit and penalty,The delta limit for this sub-heat is 13000 and the penalty percentage is 5%,21,2026-02-01 23:02:10.065008,RTM,51.66,51.65,51.67,100000000.0,100000000.0,0,0,0,0,0,0,0,0,0,0,0,0
1.0,1.0,1.0,Week 1,Risk free rate and current annualized volatility of RTM,The current risk free rate is 0%. RTM is an ETF that mimics one of the major indices in the simulated world and its current annualized realized volatility is 40%. This simulation consists of 20 trading days that are each 15 ticks in length.,21,2026-02-01 23:02:10.065008,RTM1C45,6.78,6.77,6.79,1000000.0,1000000.0,0,0,0,0,0,0,0,0,0,0,0,0
,,,,,,21,2026-02-01 23:02:10.065008,RTM1P45,0.12,0.11,0.13,1000000.0,1000000.0,0,0,0,0,0,0,0,0,0,0,0,0
,,,,,,21,2026-02-01 23:02:10.065008,RTM1C46,5.92,5.91,5.93,1000000.0,1000000.0,0,0,0,0,0,0,0,0,0,0,0,0
,,,,,,21,2026-02-01 23:02:10.065008,RTM1P46,0.26,0.25,0.27,1000000.0,1000000.0,0,0,0,0,0,0,0,0,0,0,0,0
,,,,,,21,2026-02-01 23:02:10.065008,RTM1C47,5.02,5.01,5.03,1000000.0,1000000.0,0,0,0,0,0,0,0,0,0,0,0,0
,,,,,,21,2026-02-01 23:02:10.065008,RTM1P47,0.36,0.35,0.37,1000000.0,1000000.0,0,0,0,0,0,0,0,0,0,0,0,0
,,,,,,21,2026-02-01 23:02:10.065008,RTM1C48,4.28,4.27,4.29,1000000.0,1000000.0,0,0,0,0,0,0,0,0,0,0,0,0
,,,,,,21,2026-02-01 23:02:10.065008,RTM1P48,0.62,0.61,0.63,1000000.0,1000000.0,0,0,0,0,0,0,0,0,0,0,0,0
,,,,,,21,2026-02-01 23:02:10.065008,RTM1C49,3.53,3.52,3.54,1000000.0,1000000.0,0,0,0,0,0,0,0,0,0,0,0,0
,,,,,,21,2026-02-01 23:02:10.065008,RTM1P49,0.87,0.86,0.88,1000000.0,1000000.0,0,0,0,0,0,0,0,0,0,0,0,0
,,,,,,21,2026-02-01 23:02:10.065008,RTM1C50,2.81,2.8,2.82,1000000.0,1000000.0,0,0,0,0,0,0,0,0,0,0,0,0
,,,,,,21,2026-02-01 23:02:10.065008,RTM1P50,1.15,1.14,1.16,1000000.0,1000000.0,0,0,0,0,0,0,0,0,0,0,0,0
,,,,,,21,2026-02-01 23:02:10.065008,RTM1C51,2.3,2.29,2.31,1000000.0,1000000.0,0,0,0,0,0,0,0,0,0,0,0,0
,,,,,,21,2026-02-01 23:02:10.065008,RTM1P51,1.64,1.63,1.65,1000000.0,1000000.0,0,0,0,0,0,0,0,0,0,0,0,0
,,,,,,21,2026-02-01 23:02:10.065008,RTM1C52,1.75,1.74,1.76,1000000.0,1000000.0,0,0,0,0,0,0,0,0,0,0,0,0
,,,,,,21,2026-02-01 23:02:10.065008,RTM1P52,2.09,2.08,2.1,1000000.0,1000000.0,0,0,0,0,0,0,0,0,0,0,0,0
,,,,,,21,2026-02-01 23:02:10.065008,RTM1C53,1.32,1.31,1.33,1000000.0,1000000.0,0,0,0,0,0,0,0,0,0,0,0,0
,,,,,,21,2026-02-01 23:02:10.065008,RTM1P53,2.66,2.65,2.67,1000000.0,1000000.0,0,0,0,0,0,0,0,0,0,0,0,0
,,,,,,21,2026-02-01 23:02:10.065008,RTM1C54,1.1,1.09,1.11,1000000.0,1000000.0,0,0,0,0,0,0,0,0,0,0,0,0
,,,,,,21,2026-02-01 23:02:10.065008,RTM1P54,3.44,3.43,3.45,1000000.0,1000000.0,0,0,0,0,0,0,0,0,0,0,0,0
2.0,1.0,1.0,Week 1,Delta limit and penalty,The delta limit for this sub-heat is 13000 and the penalty percentage is 5%,22,2026-02-01 23:02:11.114805,RTM,51.87,51.86,51.88,100000000.0,100000000.0,0,0,0,0,0,0,0,0,0,0,0,0
1.0,1.0,1.0,Week 1,Risk free rate and current annualized volatility of RTM,The current risk free rate is 0%. RTM is an ETF that mimics one of the major indices in the simulated world and its current annualized realized volatility is 40%. This simulation consists of 20 trading days that are each 15 ticks in length.,22,2026-02-01 23:02:11.114805,RTM1C45,7.0,6.99,7.01,1000000.0,1000000.0,0,0,0,0,0,0,0,0,0,0,0,0
,,,,,,22,2026-02-01 23:02:11.114805,RTM1P45,0.12,0.11,0.13,1000000.0,1000000.0,0,0,0,0,0,0,0,0,0,0,0,0
,,,,,,22,2026-02-01 23:02:11.114805,RTM1C46,6.07,6.06,6.08,1000000.0,1000000.0,0,0,0,0,0,0,0,0,0,0,0,0
,,,,,,22,2026-02-01 23:02:11.114805,RTM1P46,0.2,0.19,0.21,1000000.0,1000000.0,0,0,0,0,0,0,0,0,0,0,0,0
,,,,,,22,2026-02-01 23:02:11.114805,RTM1C47,5.22,5.21,5.23,1000000.0,1000000.0,0,0,0,0,0,0,0,0,0,0,0,0
,,,,,,22,2026-02-01 23:02:11.114805,RTM1P47,0.35,0.34,0.36,1000000.0,1000000.0,0,0,0,0,0,0,0,0,0,0,0,0
,,,,,,22,2026-02-01 23:02:11.114805,RTM1C48,4.43,4.42,4.44,1000000.0,1000000.0,0,0,0,0,0,0,0,0,0,0,0,0
,,,,,,22,2026-02-01 23:02:11.114805,RTM1P48,0.55,0.54,0.56,1000000.0,1000000.0,0,0,0,0,0,0,0,0,0,0,0,0
,,,,,,22,2026-02-01 23:02:11.114805,RTM1C49,3.64,3.63,3.65,1000000.0,1000000.0,0,0,0,0,0,0,0,0,0,0,0,0
,,,,,,22,2026-02-01 23:02:11.114805,RTM1P49,0.77,0.76,0.78,1000000.0,1000000.0,0,0,0,0,0,0,0,0,0,0,0,0
,,,,,,22,2026-02-01 23:02:11.114805,RTM1C50,2.97,2.96,2.98,1000000.0,1000000.0,0,0,0,0,0,0,0,0,0,0,0,0
,,,,,,22,2026-02-01 23:02:11.114805,RTM1P50,1.1,1.09,1.11,1000000.0,1000000.0,0,0,0,0,0,0,0,0,0,0,0,0
,,,,,,22,2026-02-01 23:02:11.114805,RTM1C51,2.53,2.52,2.54,1000000.0,1000000.0,0,0,0,0,0,0,0,0,0,0,0,0
,,,,,,22,2026-02-01 23:02:11.114805,RTM1P51,1.66,1.65,1.67,1000000.0,1000000.0,0,0,0,0,0,0,0,0,0,0,0,0
,,,,,,22,2026-02-01 23:02:11.114805,RTM1C52,1.98,1.97,1.99,1000000.0,1000000.0,0,0,0,0,0,0,0,0,0,0,0,0
,,,,,,22,2026-02-01 23:02:11.114805,RTM1P52,2.11,2.1,2.12,1000000.0,1000000.0,0,0,0,0,0,0,0,0,0,0,0,0
,,,,,,22,2026-02-01 23:02:11.114805,RTM1C53,1.49,1.48,1.5,1000000.0,1000000.0,0,0,0,0,0,0,0,0,0,0,0,0
,,,,,,22,2026-02-01 23:02:11.114805,RTM1P53,2.61,2.6,2.62,1000000.0,1000000.0,0,0,0,0,0,0,0,0,0,0,0,0
,,,,,,22,2026-02-01 23:02:11.114805,RTM1C54,0.97,0.96,0.98,1000000.0,1000000.0,0,0,0,0,0,0,0,0,0,0,0,0
,,,,,,22,2026-02-01 23:02:11.114805,RTM1P54,3.1,3.09,3.11,1000000.0,1000000.0,0,0,0,0,0,0,0,0,0,0,0,0
2.0,1.0,1.0,Week 1,Delta limit and penalty,The delta limit for this sub-heat is 13000 and the penalty percentage is 5%,23,2026-02-01 23:02:12.154989,RTM,51.51,51.5,51.52,100000000.0,100000000.0,0,0,0,0,0,0,0,0,0,0,0,0
1.0,1.0,1.0,Week 1,Risk free rate and current annualized volatility of RTM,The current risk free rate is 0%. RTM is an ETF that mimics one of the major indices in the simulated world and its current annualized realized volatility is 40%. This simulation consists of 20 trading days that are each 15 ticks in length.,23,2026-02-01 23:02:12.154989,RTM1C45,6.7,6.69,6.71,1000000.0,1000000.0,0,0,0,0,0,0,0,0,0,0,0,0
,,,,,,23,2026-02-01 23:02:12.154989,RTM1P45,0.19,0.18,0.2,1000000.0,1000000.0,0,0,0,0,0,0,0,0,0,0,0,0
,,,,,,23,2026-02-01 23:02:12.154989,RTM1C46,5.81,5.8,5.82,1000000.0,1000000.0,0,0,0,0,0,0,0,0,0,0,0,0
,,,,,,23,2026-02-01 23:02:12.154989,RTM1P46,0.3,0.29,0.31,1000000.0,1000000.0,0,0,0,0,0,0,0,0,0,0,0,0
,,,,,,23,2026-02-01 23:02:12.154989,RTM1C47,4.98,4.97,4.99,1000000.0,1000000.0,0,0,0,0,0,0,0,0,0,0,0,0
,,,,,,23,2026-02-01 23:02:12.154989,RTM1P47,0.47,0.46,0.48,1000000.0,1000000.0,0,0,0,0,0,0,0,0,0,0,0,0
,,,,,,23,2026-02-01 23:02:12.154989,RTM1C48,4.23,4.22,4.24,1000000.0,1000000.0,0,0,0,0,0,0,0,0,0,0,0,0
,,,,,,23,2026-02-01 23:02:12.154989,RTM1P48,0.72,0.71,0.73,1000000.0,1000000.0,0,0,0,0,0,0,0,0,0,0,0,0
,,,,,,23,2026-02-01 23:02:12.154989,RTM1C49,3.4,3.39,3.41,1000000.0,1000000.0,0,0,0,0,0,0,0,0,0,0,0,0
,,,,,,23,2026-02-01 23:02:12.154989,RTM1P49,0.89,0.88,0.9,1000000.0,1000000.0,0,0,0,0,0,0,0,0,0,0,0,0
,,,,,,23,2026-02-01 23:02:12.154989,RTM1C50,2.88,2.87,2.89,1000000.0,1000000.0,0,0,0,0,0,0,0,0,0,0,0,0
,,,,,,23,2026-02-01 23:02:12.154989,RTM1P50,1.37,1.36,1.38,1000000.0,1000000.0,0,0,0,0,0,0,0,0,0,0,0,0
,,,,,,23,2026-02-01 23:02:12.154989,RTM1C51,2.31,2.3,2.32,1000000.0,1000000.0,0,0,0,0,0,0,0,0,0,0,0,0
,,,,,,23,2026-02-01 23:02:12.154989,RTM1P51,1.8,1.79,1.81,1000000.0,1000000.0,0,0,0,0,0,0,0,0,0,0,0,0
,,,,,,23,2026-02-01 23:02:12.154989,RTM1C52,1.84,1.83,1.85,1000000.0,1000000.0,0,0,0,0,0,0,0,0,0,0,0,0
,,,,,,23,2026-02-01 23:02:12.154989,RTM1P52,2.33,2.32,2.34,1000000.0,1000000.0,0,0,0,0,0,0,0,0,0,0,0,0
,,,,,,23,2026-02-01 23:02:12.154989,RTM1C53,1.31,1.3,1.32,1000000.0,1000000.0,0,0,0,0,0,0,0,0,0,0,0,0
,,,,,,23,2026-02-01 23:02:12.154989,RTM1P53,2.8,2.79,2.81,1000000.0,1000000.0,0,0,0,0,0,0,0,0,0,0,0,0
,,,,,,23,2026-02-01 23:02:12.154989,RTM1C54,0.97,0.96,0.98,1000000.0,1000000.0,0,0,0,0,0,0,0,0,0,0,0,0
,,,,,,23,2026-02-01 23:02:12.154989,RTM1P54,3.46,3.45,3.47,1000000.0,1000000.0,0,0,0,0,0,0,0,0,0,0,0,0
2.0,1.0,1.0,Week 1,Delta limit and penalty,The delta limit for this sub-heat is 13000 and the penalty percentage is 5%,24,2026-02-01 23:02:13.209698,RTM,52.28,52.27,52.29,100000000.0,100000000.0,0,0,0,0,0,0,0,0,0,0,0,0
1.0,1.0,1.0,Week 1,Risk free rate and current annualized volatility of RTM,The current risk free rate is 0%. RTM is an ETF that mimics one of the major indices in the simulated world and its current annualized realized volatility is 40%. This simulation consists of 20 trading days that are each 15 ticks in length.,24,2026-02-01 23:02:13.209698,RTM1C45,7.43,7.42,7.44,1000000.0,1000000.0,0,0,0,0,0,0,0,0,0,0,0,0
,,,,,,24,2026-02-01 23:02:13.209698,RTM1P45,0.14,0.13,0.15,1000000.0,1000000.0,0,0,0,0,0,0,0,0,0,0,0,0
,,,,,,24,2026-02-01 23:02:13.209698,RTM1C46,6.49,6.48,6.5,1000000.0,1000000.0,0,0,0,0,0,0,0,0,0,0,0,0
,,,,,,24,2026-02-01 23:02:13.209698,RTM1P46,0.21,0.2,0.22,1000000.0,1000000.0,0,0,0,0,0,0,0,0,0,0,0,0
,,,,,,24,2026-02-01 23:02:13.209698,RTM1C47,5.63,5.62,5.64,1000000.0,1000000.0,0,0,0,0,0,0,0,0,0,0,0,0
,,,,,,24,2026-02-01 23:02:13.209698,RTM1P47,0.35,0.34,0.36,1000000.0,1000000.0,0,0,0,0,0,0,0,0,0,0,0,0
,,,,,,24,2026-02-01 23:02:13.209698,RTM1C48,4.83,4.82,4.84,1000000.0,1000000.0,0,0,0,0,0,0,0,0,0,0,0,0
,,,,,,24,2026-02-01 23:02:13.209698,RTM1P48,0.55,0.54,0.56,1000000.0,1000000.0,0,0,0,0,0,0,0,0,0,0,0,0
,,,,,,24,2026-02-01 23:02:13.209698,RTM1C49,3.98,3.97,3.99,1000000.0,1000000.0,0,0,0,0,0,0,0,0,0,0,0,0
,,,,,,24,2026-02-01 23:02:13.209698,RTM1P49,0.7,0.69,0.71,1000000.0,1000000.0,0,0,0,0,0,0,0,0,0,0,0,0
,,,,,,24,2026-02-01 23:02:13.209698,RTM1C50,3.4,3.39,3.41,1000000.0,1000000.0,0,0,0,0,0,0,0,0,0,0,0,0
,,,,,,24,2026-02-01 23:02:13.209698,RTM1P50,1.12,1.11,1.13,1000000.0,1000000.0,0,0,0,0,0,0,0,0,0,0,0,0
,,,,,,24,2026-02-01 23:02:13.209698,RTM1C51,2.73,2.72,2.74,1000000.0,1000000.0,0,0,0,0,0,0,0,0,0,0,0,0
,,,,,,24,2026-02-01 23:02:13.209698,RTM1P51,1.45,1.44,1.46,1000000.0,1000000.0,0,0,0,0,0,0,0,0,0,0,0,0
,,,,,,24,2026-02-01 23:02:13.209698,RTM1C52,2.12,2.11,2.13,1000000.0,1000000.0,0,0,0,0,0,0,0,0,0,0,0,0
,,,,,,24,2026-02-01 23:02:13.209698,RTM1P52,1.83,1.82,1.84,1000000.0,1000000.0,0,0,0,0,0,0,0,0,0,0,0,0
,,,,,,24,2026-02-01 23:02:13.209698,RTM1C53,1.74,1.73,1.75,1000000.0,1000000.0,0,0,0,0,0,0,0,0,0,0,0,0
,,,,,,24,2026-02-01 23:02:13.209698,RTM1P53,2.45,2.44,2.46,1000000.0,1000000.0,0,0,0,0,0,0,0,0,0,0,0,0
,,,,,,24,2026-02-01 23:02:13.209698,RTM1C54,1.16,1.15,1.17,1000000.0,1000000.0,0,0,0,0,0,0,0,0,0,0,0,0
,,,,,,24,2026-02-01 23:02:13.209698,RTM1P54,2.88,2.87,2.89,1000000.0,1000000.0,0,0,0,0,0,0,0,0,0,0,0,0
2.0,1.0,1.0,Week 1,Delta limit and penalty,The delta limit for this sub-heat is 13000 and the penalty percentage is 5%,25,2026-02-01 23:02:14.259582,RTM,52.52,52.51,52.53,100000000.0,100000000.0,0,0,0,0,0,0,0,0,0,0,0,0
1.0,1.0,1.0,Week 1,Risk free rate and current annualized volatility of RTM,The current risk free rate is 0%. RTM is an ETF that mimics one of the major indices in the simulated world and its current annualized realized volatility is 40%. This simulation consists of 20 trading days that are each 15 ticks in length.,25,2026-02-01 23:02:14.259582,RTM1C45,7.64,7.63,7.65,1000000.0,1000000.0,0,0,0,0,0,0,0,0,0,0,0,0
,,,,,,25,2026-02-01 23:02:14.259582,RTM1P45,0.11,0.1,0.12,1000000.0,1000000.0,0,0,0,0,0,0,0,0,0,0,0,0
,,,,,,25,2026-02-01 23:02:14.259582,RTM1C46,6.74,6.73,6.75,1000000.0,1000000.0,0,0,0,0,0,0,0,0,0,0,0,0
,,,,,,25,2026-02-01 23:02:14.259582,RTM1P46,0.22,0.21,0.23,1000000.0,1000000.0,0,0,0,0,0,0,0,0,0,0,0,0
,,,,,,25,2026-02-01 23:02:14.259582,RTM1C47,5.79,5.78,5.8,1000000.0,1000000.0,0,0,0,0,0,0,0,0,0,0,0,0
,,,,,,25,2026-02-01 23:02:14.259582,RTM1P47,0.26,0.25,0.27,1000000.0,1000000.0,0,0,0,0,0,0,0,0,0,0,0,0
,,,,,,25,2026-02-01 23:02:14.259582,RTM1C48,5.02,5.01,5.03,1000000.0,1000000.0,0,0,0,0,0,0,0,0,0,0,0,0
,,,,,,25,2026-02-01 23:02:14.259582,RTM1P48,0.49,0.48,0.5,1000000.0,1000000.0,0,0,0,0,0,0,0,0,0,0,0,0
,,,,,,25,2026-02-01 23:02:14.259582,RTM1C49,4.17,4.16,4.18,1000000.0,1000000.0,0,0,0,0,0,0,0,0,0,0,0,0
,,,,,,25,2026-02-01 23:02:14.259582,RTM1P49,0.65,0.64,0.66,1000000.0,1000000.0,0,0,0,0,0,0,0,0,0,0,0,0
,,,,,,25,2026-02-01 23:02:14.259582,RTM1C50,3.52,3.51,3.53,1000000.0,1000000.0,0,0,0,0,0,0,0,0,0,0,0,0
,,,,,,25,2026-02-01 23:02:14.259582,RTM1P50,1.0,0.99,1.01,1000000.0,1000000.0,0,0,0,0,0,0,0,0,0,0,0,0
,,,,,,25,2026-02-01 23:02:14.259582,RTM1C51,2.82,2.81,2.83,1000000.0,1000000.0,0,0,0,0,0,0,0,0,0,0,0,0
,,,,,,25,2026-02-01 23:02:14.259582,RTM1P51,1.3,1.29,1.31,1000000.0,1000000.0,0,0,0,0,0,0,0,0,0,0,0,0
,,,,,,25,2026-02-01 23:02:14.259582,RTM1C52,2.32,2.31,2.33,1000000.0,1000000.0,0,0,0,0,0,0,0,0,0,0,0,0
,,,,,,25,2026-02-01 23:02:14.259582,RTM1P52,1.79,1.78,1.8,1000000.0,1000000.0,0,0,0,0,0,0,0,0,0,0,0,0
,,,,,,25,2026-02-01 23:02:14.259582,RTM1C53,1.76,1.75,1.77,1000000.0,1000000.0,0,0,0,0,0,0,0,0,0,0,0,0
,,,,,,25,2026-02-01 23:02:14.259582,RTM1P53,2.23,2.22,2.24,1000000.0,1000000.0,0,0,0,0,0,0,0,0,0,0,0,0
,,,,,,25,2026-02-01 23:02:14.259582,RTM1C54,1.31,1.3,1.32,1000000.0,1000000.0,0,0,0,0,0,0,0,0,0,0,0,0
,,,,,,25,2026-02-01 23:02:14.259582,RTM1P54,2.78,2.77,2.79,1000000.0,1000000.0,0,0,0,0,0,0,0,0,0,0,0,0
2.0,1.0,1.0,Week 1,Delta limit and penalty,The delta limit for this sub-heat is 13000 and the penalty percentage is 5%,26,2026-02-01 23:02:15.304806,RTM,52.63,52.62,52.64,100000000.0,100000000.0,0,0,0,0,0,0,0,0,0,0,0,0
1.0,1.0,1.0,Week 1,Risk free rate and current annualized volatility of RTM,The current risk free rate is 0%. RTM is an ETF that mimics one of the major indices in the simulated world and its current annualized realized volatility is 40%. This simulation consists of 20 trading days that are each 15 ticks in length.,26,2026-02-01 23:02:15.304806,RTM1C45,7.73,7.72,7.74,1000000.0,1000000.0,0,0,0,0,0,0,0,0,0,0,0,0
,,,,,,26,2026-02-01 23:02:15.304806,RTM1P45,0.11,0.1,0.12,1000000.0,1000000.0,0,0,0,0,0,0,0,0,0,0,0,0
,,,,,,26,2026-02-01 23:02:15.304806,RTM1C46,6.82,6.81,6.83,1000000.0,1000000.0,0,0,0,0,0,0,0,0,0,0,0,0
,,,,,,26,2026-02-01 23:02:15.304806,RTM1P46,0.2,0.19,0.21,1000000.0,1000000.0,0,0,0,0,0,0,0,0,0,0,0,0
,,,,,,26,2026-02-01 23:02:15.304806,RTM1C47,5.92,5.91,5.93,1000000.0,1000000.0,0,0,0,0,0,0,0,0,0,0,0,0
,,,,,,26,2026-02-01 23:02:15.304806,RTM1P47,0.29,0.28,0.3,1000000.0,1000000.0,0,0,0,0,0,0,0,0,0,0,0,0
,,,,,,26,2026-02-01 23:02:15.304806,RTM1C48,5.11,5.1,5.12,1000000.0,1000000.0,0,0,0,0,0,0,0,0,0,0,0,0
,,,,,,26,2026-02-01 23:02:15.304806,RTM1P48,0.48,0.47,0.49,1000000.0,1000000.0,0,0,0,0,0,0,0,0,0,0,0,0
,,,,,,26,2026-02-01 23:02:15.304806,RTM1C49,4.35,4.34,4.36,1000000.0,1000000.0,0,0,0,0,0,0,0,0,0,0,0,0
,,,,,,26,2026-02-01 23:02:15.304806,RTM1P49,0.72,0.71,0.73,1000000.0,1000000.0,0,0,0,0,0,0,0,0,0,0,0,0
,,,,,,26,2026-02-01 23:02:15.304806,RTM1C50,3.53,3.52,3.54,1000000.0,1000000.0,0,0,0,0,0,0,0,0,0,0,0,0
,,,,,,26,2026-02-01 23:02:15.304806,RTM1P50,0.9,0.89,0.91,1000000.0,1000000.0,0,0,0,0,0,0,0,0,0,0,0,0
,,,,,,26,2026-02-01 23:02:15.304806,RTM1C51,2.81,2.8,2.82,1000000.0,1000000.0,0,0,0,0,0,0,0,0,0,0,0,0
,,,,,,26,2026-02-01 23:02:15.304806,RTM1P51,1.18,1.17,1.19,1000000.0,1000000.0,0,0,0,0,0,0,0,0,0,0,0,0
,,,,,,26,2026-02-01 23:02:15.304806,RTM1C52,2.38,2.37,2.39,1000000.0,1000000.0,0,0,0,0,0,0,0,0,0,0,0,0
,,,,,,26,2026-02-01 23:02:15.304806,RTM1P52,1.75,1.74,1.76,1000000.0,1000000.0,0,0,0,0,0,0,0,0,0,0,0,0
,,,,,,26,2026-02-01 23:02:15.304806,RTM1C53,1.95,1.94,1.96,1000000.0,1000000.0,0,0,0,0,0,0,0,0,0,0,0,0
,,,,,,26,2026-02-01 23:02:15.304806,RTM1P53,2.33,2.32,2.34,1000000.0,1000000.0,0,0,0,0,0,0,0,0,0,0,0,0
,,,,,,26,2026-02-01 23:02:15.304806,RTM1C54,1.35,1.34,1.36,1000000.0,1000000.0,0,0,0,0,0,0,0,0,0,0,0,0
,,,,,,26,2026-02-01 23:02:15.304806,RTM1P54,2.73,2.72,2.74,1000000.0,1000000.0,0,0,0,0,0,0,0,0,0,0,0,0
2.0,1.0,1.0,Week 1,Delta limit and penalty,The delta limit for this sub-heat is 13000 and the penalty percentage is 5%,27,2026-02-01 23:02:16.349866,RTM,52.38,52.37,52.39,100000000.0,100000000.0,0,0,0,0,0,0,0,0,0,0,0,0
1.0,1.0,1.0,Week 1,Risk free rate and current annualized volatility of RTM,The current risk free rate is 0%. RTM is an ETF that mimics one of the major indices in the simulated world and its current annualized realized volatility is 40%. This simulation consists of 20 trading days that are each 15 ticks in length.,27,2026-02-01 23:02:16.349866,RTM1C45,7.53,7.52,7.54,1000000.0,1000000.0,0,0,0,0,0,0,0,0,0,0,0,0
,,,,,,27,2026-02-01 23:02:16.349866,RTM1P45,0.14,0.13,0.15,1000000.0,1000000.0,0,0,0,0,0,0,0,0,0,0,0,0
,,,,,,27,2026-02-01 23:02:16.349866,RTM1C46,6.61,6.6,6.62,1000000.0,1000000.0,0,0,0,0,0,0,0,0,0,0,0,0
,,,,,,27,2026-02-01 23:02:16.349866,RTM1P46,0.22,0.21,0.23,1000000.0,1000000.0,0,0,0,0,0,0,0,0,0,0,0,0
,,,,,,27,2026-02-01 23:02:16.349866,RTM1C47,5.76,5.75,5.77,1000000.0,1000000.0,0,0,0,0,0,0,0,0,0,0,0,0
,,,,,,27,2026-02-01 23:02:16.349866,RTM1P47,0.38,0.37,0.39,1000000.0,1000000.0,0,0,0,0,0,0,0,0,0,0,0,0
,,,,,,27,2026-02-01 23:02:16.349866,RTM1C48,4.94,4.93,4.95,1000000.0,1000000.0,0,0,0,0,0,0,0,0,0,0,0,0
,,,,,,27,2026-02-01 23:02:16.349866,RTM1P48,0.56,0.55,0.57,1000000.0,1000000.0,0,0,0,0,0,0,0,0,0,0,0,0
,,,,,,27,2026-02-01 23:02:16.349866,RTM1C49,4.1,4.09,4.11,1000000.0,1000000.0,0,0,0,0,0,0,0,0,0,0,0,0
,,,,,,27,2026-02-01 23:02:16.349866,RTM1P49,0.72,0.71,0.73,1000000.0,1000000.0,0,0,0,0,0,0,0,0,0,0,0,0
,,,,,,27,2026-02-01 23:02:16.349866,RTM1C50,3.39,3.38,3.4,1000000.0,1000000.0,0,0,0,0,0,0,0,0,0,0,0,0
,,,,,,27,2026-02-01 23:02:16.349866,RTM1P50,1.01,1.0,1.02,1000000.0,1000000.0,0,0,0,0,0,0,0,0,0,0,0,0
,,,,,,27,2026-02-01 23:02:16.349866,RTM1C51,2.7,2.69,2.71,1000000.0,1000000.0,0,0,0,0,0,0,0,0,0,0,0,0
,,,,,,27,2026-02-01 23:02:16.349866,RTM1P51,1.32,1.31,1.33,1000000.0,1000000.0,0,0,0,0,0,0,0,0,0,0,0,0
,,,,,,27,2026-02-01 23:02:16.349866,RTM1C52,2.32,2.31,2.33,1000000.0,1000000.0,0,0,0,0,0,0,0,0,0,0,0,0
,,,,,,27,2026-02-01 23:02:16.349866,RTM1P52,1.94,1.93,1.95,1000000.0,1000000.0,0,0,0,0,0,0,0,0,0,0,0,0
,,,,,,27,2026-02-01 23:02:16.349866,RTM1C53,1.73,1.72,1.74,1000000.0,1000000.0,0,0,0,0,0,0,0,0,0,0,0,0
,,,,,,27,2026-02-01 23:02:16.349866,RTM1P53,2.35,2.34,2.36,1000000.0,1000000.0,0,0,0,0,0,0,0,0,0,0,0,0
,,,,,,27,2026-02-01 23:02:16.349866,RTM1C54,1.41,1.4,1.42,1000000.0,1000000.0,0,0,0,0,0,0,0,0,0,0,0,0
,,,,,,27,2026-02-01 23:02:16.349866,RTM1P54,3.03,3.02,3.04,1000000.0,1000000.0,0,0,0,0,0,0,0,0,0,0,0,0
2.0,1.0,1.0,Week 1,Delta limit and penalty,The delta limit for this sub-heat is 13000 and the penalty percentage is 5%,28,2026-02-01 23:02:17.404645,RTM,52.73,52.72,52.74,100000000.0,100000000.0,0,0,0,0,0,0,0,0,0,0,0,0
1.0,1.0,1.0,Week 1,Risk free rate and current annualized volatility of RTM,The current risk free rate is 0%. RTM is an ETF that mimics one of the major indices in the simulated world and its current annualized realized volatility is 40%. This simulation consists of 20 trading days that are each 15 ticks in length.,28,2026-02-01 23:02:17.404645,RTM1C45,7.86,7.85,7.87,1000000.0,1000000.0,0,0,0,0,0,0,0,0,0,0,0,0
,,,,,,28,2026-02-01 23:02:17.404645,RTM1P45,0.13,0.12,0.14,1000000.0,1000000.0,0,0,0,0,0,0,0,0,0,0,0,0
,,,,,,28,2026-02-01 23:02:17.404645,RTM1C46,6.93,6.92,6.94,1000000.0,1000000.0,0,0,0,0,0,0,0,0,0,0,0,0
,,,,,,28,2026-02-01 23:02:17.404645,RTM1P46,0.21,0.2,0.22,1000000.0,1000000.0,0,0,0,0,0,0,0,0,0,0,0,0
,,,,,,28,2026-02-01 23:02:17.404645,RTM1C47,6.07,6.06,6.08,1000000.0,1000000.0,0,0,0,0,0,0,0,0,0,0,0,0
,,,,,,28,2026-02-01 23:02:17.404645,RTM1P47,0.34,0.33,0.35,1000000.0,1000000.0,0,0,0,0,0,0,0,0,0,0,0,0
,,,,,,28,2026-02-01 23:02:17.404645,RTM1C48,5.23,5.22,5.24,1000000.0,1000000.0,0,0,0,0,0,0,0,0,0,0,0,0
,,,,,,28,2026-02-01 23:02:17.404645,RTM1P48,0.5,0.49,0.51,1000000.0,1000000.0,0,0,0,0,0,0,0,0,0,0,0,0
,,,,,,28,2026-02-01 23:02:17.404645,RTM1C49,4.38,4.37,4.39,1000000.0,1000000.0,0,0,0,0,0,0,0,0,0,0,0,0
,,,,,,28,2026-02-01 23:02:17.404645,RTM1P49,0.66,0.65,0.67,1000000.0,1000000.0,0,0,0,0,0,0,0,0,0,0,0,0
,,,,,,28,2026-02-01 23:02:17.404645,RTM1C50,3.61,3.6,3.62,1000000.0,1000000.0,0,0,0,0,0,0,0,0,0,0,0,0
,,,,,,28,2026-02-01 23:02:17.404645,RTM1P50,0.89,0.88,0.9,1000000.0,1000000.0,0,0,0,0,0,0,0,0,0,0,0,0
,,,,,,28,2026-02-01 23:02:17.404645,RTM1C51,3.02,3.01,3.03,1000000.0,1000000.0,0,0,0,0,0,0,0,0,0,0,0,0
,,,,,,28,2026-02-01 23:02:17.404645,RTM1P51,1.29,1.28,1.3,1000000.0,1000000.0,0,0,0,0,0,0,0,0,0,0,0,0
,,,,,,28,2026-02-01 23:02:17.404645,RTM1C52,2.45,2.44,2.46,1000000.0,1000000.0,0,0,0,0,0,0,0,0,0,0,0,0
,,,,,,28,2026-02-01 23:02:17.404645,RTM1P52,1.73,1.72,1.74,1000000.0,1000000.0,0,0,0,0,0,0,0,0,0,0,0,0
,,,,,,28,2026-02-01 23:02:17.404645,RTM1C53,2.04,2.03,2.05,1000000.0,1000000.0,0,0,0,0,0,0,0,0,0,0,0,0
,,,,,,28,2026-02-01 23:02:17.404645,RTM1P53,2.31,2.3,2.32,1000000.0,1000000.0,0,0,0,0,0,0,0,0,0,0,0,0
,,,,,,28,2026-02-01 23:02:17.404645,RTM1C54,1.56,1.55,1.57,1000000.0,1000000.0,0,0,0,0,0,0,0,0,0,0,0,0
,,,,,,28,2026-02-01 23:02:17.404645,RTM1P54,2.84,2.83,2.85,1000000.0,1000000.0,0,0,0,0,0,0,0,0,0,0,0,0
2.0,1.0,1.0,Week 1,Delta limit and penalty,The delta limit for this sub-heat is 13000 and the penalty percentage is 5%,29,2026-02-01 23:02:18.455107,RTM,52.67,52.66,52.68,100000000.0,100000000.0,0,0,0,0,0,0,0,0,0,0,0,0
1.0,1.0,1.0,Week 1,Risk free rate and current annualized volatility of RTM,The current risk free rate is 0%. RTM is an ETF that mimics one of the major indices in the simulated world and its current annualized realized volatility is 40%. This simulation consists of 20 trading days that are each 15 ticks in length.,29,2026-02-01 23:02:18.455107,RTM1C45,7.79,7.78,7.8,1000000.0,1000000.0,0,0,0,0,0,0,0,0,0,0,0,0
,,,,,,29,2026-02-01 23:02:18.455107,RTM1P45,0.12,0.11,0.13,1000000.0,1000000.0,0,0,0,0,0,0,0,0,0,0,0,0
,,,,,,29,2026-02-01 23:02:18.455107,RTM1C46,6.87,6.86,6.88,1000000.0,1000000.0,0,0,0,0,0,0,0,0,0,0,0,0
,,,,,,29,2026-02-01 23:02:18.455107,RTM1P46,0.2,0.19,0.21,1000000.0,1000000.0,0,0,0,0,0,0,0,0,0,0,0,0
,,,,,,29,2026-02-01 23:02:18.455107,RTM1C47,5.99,5.98,6.0,1000000.0,1000000.0,0,0,0,0,0,0,0,0,0,0,0,0
,,,,,,29,2026-02-01 23:02:18.455107,RTM1P47,0.32,0.31,0.33,1000000.0,1000000.0,0,0,0,0,0,0,0,0,0,0,0,0
,,,,,,29,2026-02-01 23:02:18.455107,RTM1C48,5.14,5.13,5.15,1000000.0,1000000.0,0,0,0,0,0,0,0,0,0,0,0,0
,,,,,,29,2026-02-01 23:02:18.455107,RTM1P48,0.47,0.46,0.48,1000000.0,1000000.0,0,0,0,0,0,0,0,0,0,0,0,0
,,,,,,29,2026-02-01 23:02:18.455107,RTM1C49,4.33,4.32,4.34,1000000.0,1000000.0,0,0,0,0,0,0,0,0,0,0,0,0
,,,,,,29,2026-02-01 23:02:18.455107,RTM1P49,0.66,0.65,0.67,1000000.0,1000000.0,0,0,0,0,0,0,0,0,0,0,0,0
,,,,,,29,2026-02-01 23:02:18.455107,RTM1C50,3.6,3.59,3.61,1000000.0,1000000.0,0,0,0,0,0,0,0,0,0,0,0,0
,,,,,,29,2026-02-01 23:02:18.455107,RTM1P50,0.93,0.92,0.94,1000000.0,1000000.0,0,0,0,0,0,0,0,0,0,0,0,0
,,,,,,29,2026-02-01 23:02:18.455107,RTM1C51,2.92,2.91,2.93,1000000.0,1000000.0,0,0,0,0,0,0,0,0,0,0,0,0
,,,,,,29,2026-02-01 23:02:18.455107,RTM1P51,1.25,1.24,1.26,1000000.0,1000000.0,0,0,0,0,0,0,0,0,0,0,0,0
,,,,,,29,2026-02-01 23:02:18.455107,RTM1C52,2.4,2.39,2.41,1000000.0,1000000.0,0,0,0,0,0,0,0,0,0,0,0,0
,,,,,,29,2026-02-01 23:02:18.455107,RTM1P52,1.73,1.72,1.74,1000000.0,1000000.0,0,0,0,0,0,0,0,0,0,0,0,0
,,,,,,29,2026-02-01 23:02:18.455107,RTM1C53,1.95,1.94,1.96,1000000.0,1000000.0,0,0,0,0,0,0,0,0,0,0,0,0
,,,,,,29,2026-02-01 23:02:18.455107,RTM1P53,2.28,2.27,2.29,1000000.0,1000000.0,0,0,0,0,0,0,0,0,0,0,0,0
,,,,,,29,2026-02-01 23:02:18.455107,RTM1C54,1.56,1.55,1.57,1000000.0,1000000.0,0,0,0,0,0,0,0,0,0,0,0,0
,,,,,,29,2026-02-01 23:02:18.455107,RTM1P54,2.89,2.88,2.9,1000000.0,1000000.0,0,0,0,0,0,0,0,0,0,0,0,0
2.0,1.0,1.0,Week 1,Delta limit and penalty,The delta limit for this sub-heat is 13000 and the penalty percentage is 5%,30,2026-02-01 23:02:19.495125,RTM,52.8,52.79,52.81,100000000.0,100000000.0,0,0,0,0,0,0,0,0,0,0,0,0
1.0,1.0,1.0,Week 1,Risk free rate and current annualized volatility of RTM,The current risk free rate is 0%. RTM is an ETF that mimics one of the major indices in the simulated world and its current annualized realized volatility is 40%. This simulation consists of 20 trading days that are each 15 ticks in length.,30,2026-02-01 23:02:19.495125,RTM1C45,7.93,7.92,7.94,1000000.0,1000000.0,0,0,0,0,0,0,0,0,0,0,0,0
,,,,,,30,2026-02-01 23:02:19.495125,RTM1P45,0.13,0.12,0.14,1000000.0,1000000.0,0,0,0,0,0,0,0,0,0,0,0,0
,,,,,,30,2026-02-01 23:02:19.495125,RTM1C46,7.0,6.99,7.01,1000000.0,1000000.0,0,0,0,0,0,0,0,0,0,0,0,0
,,,,,,30,2026-02-01 23:02:19.495125,RTM1P46,0.19,0.18,0.2,1000000.0,1000000.0,0,0,0,0,0,0,0,0,0,0,0,0
,,,,,,30,2026-02-01 23:02:19.495125,RTM1C47,6.11,6.1,6.12,1000000.0,1000000.0,0,0,0,0,0,0,0,0,0,0,0,0
,,,,,,30,2026-02-01 23:02:19.495125,RTM1P47,0.3,0.29,0.31,1000000.0,1000000.0,0,0,0,0,0,0,0,0,0,0,0,0
,,,,,,30,2026-02-01 23:02:19.495125,RTM1C48,5.25,5.24,5.26,1000000.0,1000000.0,0,0,0,0,0,0,0,0,0,0,0,0
,,,,,,30,2026-02-01 23:02:19.495125,RTM1P48,0.44,0.43,0.45,1000000.0,1000000.0,0,0,0,0,0,0,0,0,0,0,0,0
,,,,,,30,2026-02-01 23:02:19.495125,RTM1C49,4.51,4.5,4.52,1000000.0,1000000.0,0,0,0,0,0,0,0,0,0,0,0,0
,,,,,,30,2026-02-01 23:02:19.495125,RTM1P49,0.71,0.7,0.72,1000000.0,1000000.0,0,0,0,0,0,0,0,0,0,0,0,0
,,,,,,30,2026-02-01 23:02:19.495125,RTM1C50,3.69,3.68,3.7,1000000.0,1000000.0,0,0,0,0,0,0,0,0,0,0,0,0
,,,,,,30,2026-02-01 23:02:19.495125,RTM1P50,0.89,0.88,0.9,1000000.0,1000000.0,0,0,0,0,0,0,0,0,0,0,0,0
,,,,,,30,2026-02-01 23:02:19.495125,RTM1C51,3.06,3.05,3.07,1000000.0,1000000.0,0,0,0,0,0,0,0,0,0,0,0,0
,,,,,,30,2026-02-01 23:02:19.495125,RTM1P51,1.26,1.25,1.27,1000000.0,1000000.0,0,0,0,0,0,0,0,0,0,0,0,0
,,,,,,30,2026-02-01 23:02:19.495125,RTM1C52,2.5,2.49,2.51,1000000.0,1000000.0,0,0,0,0,0,0,0,0,0,0,0,0
,,,,,,30,2026-02-01 23:02:19.495125,RTM1P52,1.69,1.68,1.7,1000000.0,1000000.0,0,0,0,0,0,0,0,0,0,0,0,0
,,,,,,30,2026-02-01 23:02:19.495125,RTM1C53,2.0,1.99,2.01,1000000.0,1000000.0,0,0,0,0,0,0,0,0,0,0,0,0
,,,,,,30,2026-02-01 23:02:19.495125,RTM1P53,2.2,2.19,2.21,1000000.0,1000000.0,0,0,0,0,0,0,0,0,0,0,0,0
,,,,,,30,2026-02-01 23:02:19.495125,RTM1C54,1.58,1.57,1.59,1000000.0,1000000.0,0,0,0,0,0,0,0,0,0,0,0,0
,,,,,,30,2026-02-01 23:02:19.495125,RTM1P54,2.77,2.76,2.78,1000000.0,1000000.0,0,0,0,0,0,0,0,0,0,0,0,0
2.0,1.0,1.0,Week 1,Delta limit and penalty,The delta limit for this sub-heat is 13000 and the penalty percentage is 5%,32,2026-02-01 23:02:20.568311,RTM,52.5,52.49,52.51,100000000.0,100000000.0,0,0,0,0,0,0,0,0,0,0,0,0
1.0,1.0,1.0,Week 1,Risk free rate and current annualized volatility of RTM,The current risk free rate is 0%. RTM is an ETF that mimics one of the major indices in the simulated world and its current annualized realized volatility is 40%. This simulation consists of 20 trading days that are each 15 ticks in length.,32,2026-02-01 23:02:20.568311,RTM1C45,7.65,7.64,7.66,1000000.0,1000000.0,0,0,0,0,0,0,0,0,0,0,0,0
,,,,,,32,2026-02-01 23:02:20.568311,RTM1P45,0.15,0.14,0.16,1000000.0,1000000.0,0,0,0,0,0,0,0,0,0,0,0,0
,,,,,,32,2026-02-01 23:02:20.568311,RTM1C46,6.75,6.74,6.76,1000000.0,1000000.0,0,0,0,0,0,0,0,0,0,0,0,0
,,,,,,32,2026-02-01 23:02:20.568311,RTM1P46,0.25,0.24,0.26,1000000.0,1000000.0,0,0,0,0,0,0,0,0,0,0,0,0
,,,,,,32,2026-02-01 23:02:20.568311,RTM1C47,5.86,5.85,5.87,1000000.0,1000000.0,0,0,0,0,0,0,0,0,0,0,0,0
,,,,,,32,2026-02-01 23:02:20.568311,RTM1P47,0.36,0.35,0.37,1000000.0,1000000.0,0,0,0,0,0,0,0,0,0,0,0,0
,,,,,,32,2026-02-01 23:02:20.568311,RTM1C48,5.07,5.06,5.08,1000000.0,1000000.0,0,0,0,0,0,0,0,0,0,0,0,0
,,,,,,32,2026-02-01 23:02:20.568311,RTM1P48,0.56,0.55,0.57,1000000.0,1000000.0,0,0,0,0,0,0,0,0,0,0,0,0
,,,,,,32,2026-02-01 23:02:20.568311,RTM1C49,4.27,4.26,4.28,1000000.0,1000000.0,0,0,0,0,0,0,0,0,0,0,0,0
,,,,,,32,2026-02-01 23:02:20.568311,RTM1P49,0.77,0.76,0.78,1000000.0,1000000.0,0,0,0,0,0,0,0,0,0,0,0,0
,,,,,,32,2026-02-01 23:02:20.568311,RTM1C50,3.57,3.56,3.58,1000000.0,1000000.0,0,0,0,0,0,0,0,0,0,0,0,0
,,,,,,32,2026-02-01 23:02:20.568311,RTM1P50,1.06,1.05,1.07,1000000.0,1000000.0,0,0,0,0,0,0,0,0,0,0,0,0
,,,,,,32,2026-02-01 23:02:20.568311,RTM1C51,2.94,2.93,2.95,1000000.0,1000000.0,0,0,0,0,0,0,0,0,0,0,0,0
,,,,,,32,2026-02-01 23:02:20.568311,RTM1P51,1.44,1.43,1.45,1000000.0,1000000.0,0,0,0,0,0,0,0,0,0,0,0,0
,,,,,,32,2026-02-01 23:02:20.568311,RTM1C52,2.38,2.37,2.39,1000000.0,1000000.0,0,0,0,0,0,0,0,0,0,0,0,0
,,,,,,32,2026-02-01 23:02:20.568311,RTM1P52,1.88,1.87,1.89,1000000.0,1000000.0,0,0,0,0,0,0,0,0,0,0,0,0
,,,,,,32,2026-02-01 23:02:20.568311,RTM1C53,1.92,1.91,1.93,1000000.0,1000000.0,0,0,0,0,0,0,0,0,0,0,0,0
,,,,,,32,2026-02-01 23:02:20.568311,RTM1P53,2.42,2.41,2.43,1000000.0,1000000.0,0,0,0,0,0,0,0,0,0,0,0,0
,,,,,,32,2026-02-01 23:02:20.568311,RTM1C54,1.52,1.51,1.53,1000000.0,1000000.0,0,0,0,0,0,0,0,0,0,0,0,0
,,,,,,32,2026-02-01 23:02:20.568311,RTM1P54,3.02,3.01,3.03,1000000.0,1000000.0,0,0,0,0,0,0,0,0,0,0,0,0
2.0,1.0,1.0,Week 1,Delta limit and penalty,The delta limit for this sub-heat is 13000 and the penalty percentage is 5%,33,2026-02-01 23:02:21.614953,RTM,52.08,52.07,52.09,100000000.0,100000000.0,0,0,0,0,0,0,0,0,0,0,0,0
1.0,1.0,1.0,Week 1,Risk free rate and current annualized volatility of RTM,The current risk free rate is 0%. RTM is an ETF that mimics one of the major indices in the simulated world and its current annualized realized volatility is 40%. This simulation consists of 20 trading days that are each 15 ticks in length.,33,2026-02-01 23:02:21.614953,RTM1C45,7.26,7.25,7.27,1000000.0,1000000.0,0,0,0,0,0,0,0,0,0,0,0,0
,,,,,,33,2026-02-01 23:02:21.614953,RTM1P45,0.18,0.17,0.19,1000000.0,1000000.0,0,0,0,0,0,0,0,0,0,0,0,0
,,,,,,33,2026-02-01 23:02:21.614953,RTM1C46,6.37,6.36,6.38,1000000.0,1000000.0,0,0,0,0,0,0,0,0,0,0,0,0
,,,,,,33,2026-02-01 23:02:21.614953,RTM1P46,0.3,0.29,0.31,1000000.0,1000000.0,0,0,0,0,0,0,0,0,0,0,0,0
,,,,,,33,2026-02-01 23:02:21.614953,RTM1C47,5.49,5.48,5.5,1000000.0,1000000.0,0,0,0,0,0,0,0,0,0,0,0,0
,,,,,,33,2026-02-01 23:02:21.614953,RTM1P47,0.42,0.41,0.43,1000000.0,1000000.0,0,0,0,0,0,0,0,0,0,0,0,0
,,,,,,33,2026-02-01 23:02:21.614953,RTM1C48,4.69,4.68,4.7,1000000.0,1000000.0,0,0,0,0,0,0,0,0,0,0,0,0
,,,,,,33,2026-02-01 23:02:21.614953,RTM1P48,0.61,0.6,0.62,1000000.0,1000000.0,0,0,0,0,0,0,0,0,0,0,0,0
,,,,,,33,2026-02-01 23:02:21.614953,RTM1C49,3.94,3.93,3.95,1000000.0,1000000.0,0,0,0,0,0,0,0,0,0,0,0,0
,,,,,,33,2026-02-01 23:02:21.614953,RTM1P49,0.86,0.85,0.87,1000000.0,1000000.0,0,0,0,0,0,0,0,0,0,0,0,0
,,,,,,33,2026-02-01 23:02:21.614953,RTM1C50,3.28,3.27,3.29,1000000.0,1000000.0,0,0,0,0,0,0,0,0,0,0,0,0
,,,,,,33,2026-02-01 23:02:21.614953,RTM1P50,1.21,1.2,1.22,1000000.0,1000000.0,0,0,0,0,0,0,0,0,0,0,0,0
,,,,,,33,2026-02-01 23:02:21.614953,RTM1C51,2.66,2.65,2.67,1000000.0,1000000.0,0,0,0,0,0,0,0,0,0,0,0,0
,,,,,,33,2026-02-01 23:02:21.614953,RTM1P51,1.58,1.57,1.59,1000000.0,1000000.0,0,0,0,0,0,0,0,0,0,0,0,0
,,,,,,33,2026-02-01 23:02:21.614953,RTM1C52,2.11,2.1,2.12,1000000.0,1000000.0,0,0,0,0,0,0,0,0,0,0,0,0
,,,,,,33,2026-02-01 23:02:21.614953,RTM1P52,2.03,2.02,2.04,1000000.0,1000000.0,0,0,0,0,0,0,0,0,0,0,0,0
,,,,,,33,2026-02-01 23:02:21.614953,RTM1C53,1.77,1.76,1.78,1000000.0,1000000.0,0,0,0,0,0,0,0,0,0,0,0,0
,,,,,,33,2026-02-01 23:02:21.614953,RTM1P53,2.69,2.68,2.7,1000000.0,1000000.0,0,0,0,0,0,0,0,0,0,0,0,0
,,,,,,33,2026-02-01 23:02:21.614953,RTM1C54,1.34,1.33,1.35,1000000.0,1000000.0,0,0,0,0,0,0,0,0,0,0,0,0
,,,,,,33,2026-02-01 23:02:21.614953,RTM1P54,3.27,3.26,3.28,1000000.0,1000000.0,0,0,0,0,0,0,0,0,0,0,0,0
2.0,1.0,1.0,Week 1,Delta limit and penalty,The delta limit for this sub-heat is 13000 and the penalty percentage is 5%,34,2026-02-01 23:02:22.674890,RTM,52.12,52.11,52.13,100000000.0,100000000.0,0,0,0,0,0,0,0,0,0,0,0,0
1.0,1.0,1.0,Week 1,Risk free rate and current annualized volatility of RTM,The current risk free rate is 0%. RTM is an ETF that mimics one of the major indices in the simulated world and its current annualized realized volatility is 40%. This simulation consists of 20 trading days that are each 15 ticks in length.,34,2026-02-01 23:02:22.674890,RTM1C45,7.3,7.29,7.31,1000000.0,1000000.0,0,0,0,0,0,0,0,0,0,0,0,0
,,,,,,34,2026-02-01 23:02:22.674890,RTM1P45,0.18,0.17,0.19,1000000.0,1000000.0,0,0,0,0,0,0,0,0,0,0,0,0
,,,,,,34,2026-02-01 23:02:22.674890,RTM1C46,6.4,6.39,6.41,1000000.0,1000000.0,0,0,0,0,0,0,0,0,0,0,0,0
,,,,,,34,2026-02-01 23:02:22.674890,RTM1P46,0.27,0.26,0.28,1000000.0,1000000.0,0,0,0,0,0,0,0,0,0,0,0,0
,,,,,,34,2026-02-01 23:02:22.674890,RTM1C47,5.57,5.56,5.58,1000000.0,1000000.0,0,0,0,0,0,0,0,0,0,0,0,0
,,,,,,34,2026-02-01 23:02:22.674890,RTM1P47,0.45,0.44,0.46,1000000.0,1000000.0,0,0,0,0,0,0,0,0,0,0,0,0
,,,,,,34,2026-02-01 23:02:22.674890,RTM1C48,4.74,4.73,4.75,1000000.0,1000000.0,0,0,0,0,0,0,0,0,0,0,0,0
,,,,,,34,2026-02-01 23:02:22.674890,RTM1P48,0.62,0.61,0.63,1000000.0,1000000.0,0,0,0,0,0,0,0,0,0,0,0,0
,,,,,,34,2026-02-01 23:02:22.674890,RTM1C49,4.03,4.02,4.04,1000000.0,1000000.0,0,0,0,0,0,0,0,0,0,0,0,0
,,,,,,34,2026-02-01 23:02:22.674890,RTM1P49,0.91,0.9,0.92,1000000.0,1000000.0,0,0,0,0,0,0,0,0,0,0,0,0
,,,,,,34,2026-02-01 23:02:22.674890,RTM1C50,3.3,3.29,3.31,1000000.0,1000000.0,0,0,0,0,0,0,0,0,0,0,0,0
,,,,,,34,2026-02-01 23:02:22.674890,RTM1P50,1.18,1.17,1.19,1000000.0,1000000.0,0,0,0,0,0,0,0,0,0,0,0,0
,,,,,,34,2026-02-01 23:02:22.674890,RTM1C51,2.75,2.74,2.76,1000000.0,1000000.0,0,0,0,0,0,0,0,0,0,0,0,0
,,,,,,34,2026-02-01 23:02:22.674890,RTM1P51,1.63,1.62,1.64,1000000.0,1000000.0,0,0,0,0,0,0,0,0,0,0,0,0
,,,,,,34,2026-02-01 23:02:22.674890,RTM1C52,2.21,2.2,2.22,1000000.0,1000000.0,0,0,0,0,0,0,0,0,0,0,0,0
,,,,,,34,2026-02-01 23:02:22.674890,RTM1P52,2.09,2.08,2.1,1000000.0,1000000.0,0,0,0,0,0,0,0,0,0,0,0,0
,,,,,,34,2026-02-01 23:02:22.674890,RTM1C53,1.74,1.73,1.75,1000000.0,1000000.0,0,0,0,0,0,0,0,0,0,0,0,0
,,,,,,34,2026-02-01 23:02:22.674890,RTM1P53,2.61,2.6,2.62,1000000.0,1000000.0,0,0,0,0,0,0,0,0,0,0,0,0
,,,,,,34,2026-02-01 23:02:22.674890,RTM1C54,1.36,1.35,1.37,1000000.0,1000000.0,0,0,0,0,0,0,0,0,0,0,0,0
,,,,,,34,2026-02-01 23:02:22.674890,RTM1P54,3.24,3.23,3.25,1000000.0,1000000.0,0,0,0,0,0,0,0,0,0,0,0,0
2.0,1.0,1.0,Week 1,Delta limit and penalty,The delta limit for this sub-heat is 13000 and the penalty percentage is 5%,35,2026-02-01 23:02:23.715212,RTM,52.35,52.34,52.36,100000000.0,100000000.0,0,0,0,0,0,0,0,0,0,0,0,0
1.0,1.0,1.0,Week 1,Risk free rate and current annualized volatility of RTM,The current risk free rate is 0%. RTM is an ETF that mimics one of the major indices in the simulated world and its current annualized realized volatility is 40%. This simulation consists of 20 trading days that are each 15 ticks in length.,35,2026-02-01 23:02:23.715212,RTM1C45,7.51,7.5,7.52,1000000.0,1000000.0,0,0,0,0,0,0,0,0,0,0,0,0
,,,,,,35,2026-02-01 23:02:23.715212,RTM1P45,0.16,0.15,0.17,1000000.0,1000000.0,0,0,0,0,0,0,0,0,0,0,0,0
,,,,,,35,2026-02-01 23:02:23.715212,RTM1C46,6.61,6.6,6.62,1000000.0,1000000.0,0,0,0,0,0,0,0,0,0,0,0,0
,,,,,,35,2026-02-01 23:02:23.715212,RTM1P46,0.26,0.25,0.27,1000000.0,1000000.0,0,0,0,0,0,0,0,0,0,0,0,0
,,,,,,35,2026-02-01 23:02:23.715212,RTM1C47,5.74,5.73,5.75,1000000.0,1000000.0,0,0,0,0,0,0,0,0,0,0,0,0
,,,,,,35,2026-02-01 23:02:23.715212,RTM1P47,0.39,0.38,0.4,1000000.0,1000000.0,0,0,0,0,0,0,0,0,0,0,0,0
,,,,,,35,2026-02-01 23:02:23.715212,RTM1C48,4.94,4.93,4.95,1000000.0,1000000.0,0,0,0,0,0,0,0,0,0,0,0,0
,,,,,,35,2026-02-01 23:02:23.715212,RTM1P48,0.59,0.58,0.6,1000000.0,1000000.0,0,0,0,0,0,0,0,0,0,0,0,0
,,,,,,35,2026-02-01 23:02:23.715212,RTM1C49,4.18,4.17,4.19,1000000.0,1000000.0,0,0,0,0,0,0,0,0,0,0,0,0
,,,,,,35,2026-02-01 23:02:23.715212,RTM1P49,0.83,0.82,0.84,1000000.0,1000000.0,0,0,0,0,0,0,0,0,0,0,0,0
,,,,,,35,2026-02-01 23:02:23.715212,RTM1C50,3.51,3.5,3.52,1000000.0,1000000.0,0,0,0,0,0,0,0,0,0,0,0,0
,,,,,,35,2026-02-01 23:02:23.715212,RTM1P50,1.16,1.15,1.17,1000000.0,1000000.0,0,0,0,0,0,0,0,0,0,0,0,0
,,,,,,35,2026-02-01 23:02:23.715212,RTM1C51,2.87,2.86,2.88,1000000.0,1000000.0,0,0,0,0,0,0,0,0,0,0,0,0
,,,,,,35,2026-02-01 23:02:23.715212,RTM1P51,1.51,1.5,1.52,1000000.0,1000000.0,0,0,0,0,0,0,0,0,0,0,0,0
,,,,,,35,2026-02-01 23:02:23.715212,RTM1C52,2.31,2.3,2.32,1000000.0,1000000.0,0,0,0,0,0,0,0,0,0,0,0,0
,,,,,,35,2026-02-01 23:02:23.715212,RTM1P52,1.96,1.95,1.97,1000000.0,1000000.0,0,0,0,0,0,0,0,0,0,0,0,0
,,,,,,35,2026-02-01 23:02:23.715212,RTM1C53,1.86,1.85,1.87,1000000.0,1000000.0,0,0,0,0,0,0,0,0,0,0,0,0
,,,,,,35,2026-02-01 23:02:23.715212,RTM1P53,2.51,2.5,2.52,1000000.0,1000000.0,0,0,0,0,0,0,0,0,0,0,0,0
,,,,,,35,2026-02-01 23:02:23.715212,RTM1C54,1.47,1.46,1.48,1000000.0,1000000.0,0,0,0,0,0,0,0,0,0,0,0,0
,,,,,,35,2026-02-01 23:02:23.715212,RTM1P54,3.12,3.11,3.13,1000000.0,1000000.0,0,0,0,0,0,0,0,0,0,0,0,0
3.0,1.0,35.0,,News 1,The analysts have informed you that the realized volatility of RTM next week will be between 29% and 34%,36,2026-02-01 23:02:24.764686,RTM,52.59,52.58,52.6,100000000.0,100000000.0,0,0,0,0,0,0,0,0,0,0,0,0
2.0,1.0,1.0,Week 1,Delta limit and penalty,The delta limit for this sub-heat is 13000 and the penalty percentage is 5%,36,2026-02-01 23:02:24.764686,RTM1C45,7.75,7.74,7.76,1000000.0,1000000.0,0,0,0,0,0,0,0,0,0,0,0,0
1.0,1.0,1.0,Week 1,Risk free rate and current annualized volatility of RTM,The current risk free rate is 0%. RTM is an ETF that mimics one of the major indices in the simulated world and its current annualized realized volatility is 40%. This simulation consists of 20 trading days that are each 15 ticks in length.,36,2026-02-01 23:02:24.764686,RTM1P45,0.16,0.15,0.17,1000000.0,1000000.0,0,0,0,0,0,0,0,0,0,0,0,0
,,,,,,36,2026-02-01 23:02:24.764686,RTM1C46,6.85,6.84,6.86,1000000.0,1000000.0,0,0,0,0,0,0,0,0,0,0,0,0
,,,,,,36,2026-02-01 23:02:24.764686,RTM1P46,0.26,0.25,0.27,1000000.0,1000000.0,0,0,0,0,0,0,0,0,0,0,0,0
,,,,,,36,2026-02-01 23:02:24.764686,RTM1C47,5.98,5.97,5.99,1000000.0,1000000.0,0,0,0,0,0,0,0,0,0,0,0,0
,,,,,,36,2026-02-01 23:02:24.764686,RTM1P47,0.39,0.38,0.4,1000000.0,1000000.0,0,0,0,0,0,0,0,0,0,0,0,0
,,,,,,36,2026-02-01 23:02:24.764686,RTM1C48,5.16,5.15,5.17,1000000.0,1000000.0,0,0,0,0,0,0,0,0,0,0,0,0
,,,,,,36,2026-02-01 23:02:24.764686,RTM1P48,0.56,0.55,0.57,1000000.0,1000000.0,0,0,0,0,0,0,0,0,0,0,0,0
,,,,,,36,2026-02-01 23:02:24.764686,RTM1C49,4.4,4.39,4.41,1000000.0,1000000.0,0,0,0,0,0,0,0,0,0,0,0,0
,,,,,,36,2026-02-01 23:02:24.764686,RTM1P49,0.81,0.8,0.82,1000000.0,1000000.0,0,0,0,0,0,0,0,0,0,0,0,0
,,,,,,36,2026-02-01 23:02:24.764686,RTM1C50,3.68,3.67,3.69,1000000.0,1000000.0,0,0,0,0,0,0,0,0,0,0,0,0
,,,,,,36,2026-02-01 23:02:24.764686,RTM1P50,1.09,1.08,1.1,1000000.0,1000000.0,0,0,0,0,0,0,0,0,0,0,0,0
,,,,,,36,2026-02-01 23:02:24.764686,RTM1C51,3.06,3.05,3.07,1000000.0,1000000.0,0,0,0,0,0,0,0,0,0,0,0,0
,,,,,,36,2026-02-01 23:02:24.764686,RTM1P51,1.47,1.46,1.48,1000000.0,1000000.0,0,0,0,0,0,0,0,0,0,0,0,0
,,,,,,36,2026-02-01 23:02:24.764686,RTM1C52,2.47,2.46,2.48,1000000.0,1000000.0,0,0,0,0,0,0,0,0,0,0,0,0
,,,,,,36,2026-02-01 23:02:24.764686,RTM1P52,1.87,1.86,1.88,1000000.0,1000000.0,0,0,0,0,0,0,0,0,0,0,0,0
,,,,,,36,2026-02-01 23:02:24.764686,RTM1C53,1.99,1.98,2.0,1000000.0,1000000.0,0,0,0,0,0,0,0,0,0,0,0,0
,,,,,,36,2026-02-01 23:02:24.764686,RTM1P53,2.4,2.39,2.41,1000000.0,1000000.0,0,0,0,0,0,0,0,0,0,0,0,0
,,,,,,36,2026-02-01 23:02:24.764686,RTM1C54,1.62,1.61,1.63,1000000.0,1000000.0,0,0,0,0,0,0,0,0,0,0,0,0
,,,,,,36,2026-02-01 23:02:24.764686,RTM1P54,3.02,3.01,3.03,1000000.0,1000000.0,0,0,0,0,0,0,0,0,0,0,0,0
3.0,1.0,35.0,,News 1,The analysts have informed you that the realized volatility of RTM next week will be between 29% and 34%,37,2026-02-01 23:02:25.804927,RTM,52.43,52.42,52.44,100000000.0,100000000.0,0,0,0,0,0,0,0,0,0,0,0,0
2.0,1.0,1.0,Week 1,Delta limit and penalty,The delta limit for this sub-heat is 13000 and the penalty percentage is 5%,37,2026-02-01 23:02:25.804927,RTM1C45,7.59,7.58,7.6,1000000.0,1000000.0,0,0,0,0,0,0,0,0,0,0,0,0
1.0,1.0,1.0,Week 1,Risk free rate and current annualized volatility of RTM,The current risk free rate is 0%. RTM is an ETF that mimics one of the major indices in the simulated world and its current annualized realized volatility is 40%. This simulation consists of 20 trading days that are each 15 ticks in length.,37,2026-02-01 23:02:25.804927,RTM1P45,0.17,0.16,0.18,1000000.0,1000000.0,0,0,0,0,0,0,0,0,0,0,0,0
,,,,,,37,2026-02-01 23:02:25.804927,RTM1C46,6.69,6.68,6.7,1000000.0,1000000.0,0,0,0,0,0,0,0,0,0,0,0,0
,,,,,,37,2026-02-01 23:02:25.804927,RTM1P46,0.26,0.25,0.27,1000000.0,1000000.0,0,0,0,0,0,0,0,0,0,0,0,0
,,,,,,37,2026-02-01 23:02:25.804927,RTM1C47,5.83,5.82,5.84,1000000.0,1000000.0,0,0,0,0,0,0,0,0,0,0,0,0
,,,,,,37,2026-02-01 23:02:25.804927,RTM1P47,0.41,0.4,0.42,1000000.0,1000000.0,0,0,0,0,0,0,0,0,0,0,0,0
,,,,,,37,2026-02-01 23:02:25.804927,RTM1C48,5.02,5.01,5.03,1000000.0,1000000.0,0,0,0,0,0,0,0,0,0,0,0,0
,,,,,,37,2026-02-01 23:02:25.804927,RTM1P48,0.59,0.58,0.6,1000000.0,1000000.0,0,0,0,0,0,0,0,0,0,0,0,0
,,,,,,37,2026-02-01 23:02:25.804927,RTM1C49,4.27,4.26,4.28,1000000.0,1000000.0,0,0,0,0,0,0,0,0,0,0,0,0
,,,,,,37,2026-02-01 23:02:25.804927,RTM1P49,0.84,0.83,0.85,1000000.0,1000000.0,0,0,0,0,0,0,0,0,0,0,0,0
,,,,,,37,2026-02-01 23:02:25.804927,RTM1C50,3.59,3.58,3.6,1000000.0,1000000.0,0,0,0,0,0,0,0,0,0,0,0,0
,,,,,,37,2026-02-01 23:02:25.804927,RTM1P50,1.16,1.15,1.17,1000000.0,1000000.0,0,0,0,0,0,0,0,0,0,0,0,0
,,,,,,37,2026-02-01 23:02:25.804927,RTM1C51,2.97,2.96,2.98,1000000.0,1000000.0,0,0,0,0,0,0,0,0,0,0,0,0
,,,,,,37,2026-02-01 23:02:25.804927,RTM1P51,1.54,1.53,1.55,1000000.0,1000000.0,0,0,0,0,0,0,0,0,0,0,0,0
,,,,,,37,2026-02-01 23:02:25.804927,RTM1C52,2.42,2.41,2.43,1000000.0,1000000.0,0,0,0,0,0,0,0,0,0,0,0,0
,,,,,,37,2026-02-01 23:02:25.804927,RTM1P52,1.99,1.98,2.0,1000000.0,1000000.0,0,0,0,0,0,0,0,0,0,0,0,0
,,,,,,37,2026-02-01 23:02:25.804927,RTM1C53,1.95,1.94,1.96,1000000.0,1000000.0,0,0,0,0,0,0,0,0,0,0,0,0
,,,,,,37,2026-02-01 23:02:25.804927,RTM1P53,2.52,2.51,2.53,1000000.0,1000000.0,0,0,0,0,0,0,0,0,0,0,0,0
,,,,,,37,2026-02-01 23:02:25.804927,RTM1C54,1.55,1.54,1.56,1000000.0,1000000.0,0,0,0,0,0,0,0,0,0,0,0,0
,,,,,,37,2026-02-01 23:02:25.804927,RTM1P54,3.12,3.11,3.13,1000000.0,1000000.0,0,0,0,0,0,0,0,0,0,0,0,0
3.0,1.0,35.0,,News 1,The analysts have informed you that the realized volatility of RTM next week will be between 29% and 34%,38,2026-02-01 23:02:26.854734,RTM,52.53,52.52,52.54,100000000.0,100000000.0,0,0,0,0,0,0,0,0,0,0,0,0
2.0,1.0,1.0,Week 1,Delta limit and penalty,The delta limit for this sub-heat is 13000 and the penalty percentage is 5%,38,2026-02-01 23:02:26.854734,RTM1C45,7.7,7.69,7.71,1000000.0,1000000.0,0,0,0,0,0,0,0,0,0,0,0,0
1.0,1.0,1.0,Week 1,Risk free rate and current annualized volatility of RTM,The current risk free rate is 0%. RTM is an ETF that mimics one of the major indices in the simulated world and its current annualized realized volatility is 40%. This simulation consists of 20 trading days that are each 15 ticks in length.,38,2026-02-01 23:02:26.854734,RTM1P45,0.17,0.16,0.18,1000000.0,1000000.0,0,0,0,0,0,0,0,0,0,0,0,0
,,,,,,38,2026-02-01 23:02:26.854734,RTM1C46,6.8,6.79,6.81,1000000.0,1000000.0,0,0,0,0,0,0,0,0,0,0,0,0
,,,,,,38,2026-02-01 23:02:26.854734,RTM1P46,0.27,0.26,0.28,1000000.0,1000000.0,0,0,0,0,0,0,0,0,0,0,0,0
,,,,,,38,2026-02-01 23:02:26.854734,RTM1C47,5.94,5.93,5.95,1000000.0,1000000.0,0,0,0,0,0,0,0,0,0,0,0,0
,,,,,,38,2026-02-01 23:02:26.854734,RTM1P47,0.41,0.4,0.42,1000000.0,1000000.0,0,0,0,0,0,0,0,0,0,0,0,0
,,,,,,38,2026-02-01 23:02:26.854734,RTM1C48,5.11,5.1,5.12,1000000.0,1000000.0,0,0,0,0,0,0,0,0,0,0,0,0
,,,,,,38,2026-02-01 23:02:26.854734,RTM1P48,0.59,0.58,0.6,1000000.0,1000000.0,0,0,0,0,0,0,0,0,0,0,0,0
,,,,,,38,2026-02-01 23:02:26.854734,RTM1C49,4.36,4.35,4.37,1000000.0,1000000.0,0,0,0,0,0,0,0,0,0,0,0,0
,,,,,,38,2026-02-01 23:02:26.854734,RTM1P49,0.83,0.82,0.84,1000000.0,1000000.0,0,0,0,0,0,0,0,0,0,0,0,0
,,,,,,38,2026-02-01 23:02:26.854734,RTM1C50,3.66,3.65,3.67,1000000.0,1000000.0,0,0,0,0,0,0,0,0,0,0,0,0
,,,,,,38,2026-02-01 23:02:26.854734,RTM1P50,1.13,1.12,1.14,1000000.0,1000000.0,0,0,0,0,0,0,0,0,0,0,0,0
,,,,,,38,2026-02-01 23:02:26.854734,RTM1C51,3.03,3.02,3.04,1000000.0,1000000.0,0,0,0,0,0,0,0,0,0,0,0,0
,,,,,,38,2026-02-01 23:02:26.854734,RTM1P51,1.5,1.49,1.51,1000000.0,1000000.0,0,0,0,0,0,0,0,0,0,0,0,0
,,,,,,38,2026-02-01 23:02:26.854734,RTM1C52,2.49,2.48,2.5,1000000.0,1000000.0,0,0,0,0,0,0,0,0,0,0,0,0
,,,,,,38,2026-02-01 23:02:26.854734,RTM1P52,1.96,1.95,1.97,1000000.0,1000000.0,0,0,0,0,0,0,0,0,0,0,0,0
,,,,,,38,2026-02-01 23:02:26.854734,RTM1C53,2.01,2.0,2.02,1000000.0,1000000.0,0,0,0,0,0,0,0,0,0,0,0,0
,,,,,,38,2026-02-01 23:02:26.854734,RTM1P53,2.48,2.47,2.49,1000000.0,1000000.0,0,0,0,0,0,0,0,0,0,0,0,0
,,,,,,38,2026-02-01 23:02:26.854734,RTM1C54,1.59,1.58,1.6,1000000.0,1000000.0,0,0,0,0,0,0,0,0,0,0,0,0
,,,,,,38,2026-02-01 23:02:26.854734,RTM1P54,3.06,3.05,3.07,1000000.0,1000000.0,0,0,0,0,0,0,0,0,0,0,0,0
3.0,1.0,35.0,,News 1,The analysts have informed you that the realized volatility of RTM next week will be between 29% and 34%,39,2026-02-01 23:02:27.907923,RTM,52.56,52.55,52.57,100000000.0,100000000.0,0,0,0,0,0,0,0,0,0,0,0,0
2.0,1.0,1.0,Week 1,Delta limit and penalty,The delta limit for this sub-heat is 13000 and the penalty percentage is 5%,39,2026-02-01 23:02:27.907923,RTM1C45,7.73,7.72,7.74,1000000.0,1000000.0,0,0,0,0,0,0,0,0,0,0,0,0
1.0,1.0,1.0,Week 1,Risk free rate and current annualized volatility of RTM,The current risk free rate is 0%. RTM is an ETF that mimics one of the major indices in the simulated world and its current annualized realized volatility is 40%. This simulation consists of 20 trading days that are each 15 ticks in length.,39,2026-02-01 23:02:27.907923,RTM1P45,0.17,0.16,0.18,1000000.0,1000000.0,0,0,0,0,0,0,0,0,0,0,0,0
,,,,,,39,2026-02-01 23:02:27.907923,RTM1C46,6.81,6.8,6.82,1000000.0,1000000.0,0,0,0,0,0,0,0,0,0,0,0,0
,,,,,,39,2026-02-01 23:02:27.907923,RTM1P46,0.25,0.24,0.26,1000000.0,1000000.0,0,0,0,0,0,0,0,0,0,0,0,0
,,,,,,39,2026-02-01 23:02:27.907923,RTM1C47,5.96,5.95,5.97,1000000.0,1000000.0,0,0,0,0,0,0,0,0,0,0,0,0
,,,,,,39,2026-02-01 23:02:27.907923,RTM1P47,0.4,0.39,0.41,1000000.0,1000000.0,0,0,0,0,0,0,0,0,0,0,0,0
,,,,,,39,2026-02-01 23:02:27.907923,RTM1C48,5.13,5.12,5.14,1000000.0,1000000.0,0,0,0,0,0,0,0,0,0,0,0,0
,,,,,,39,2026-02-01 23:02:27.907923,RTM1P48,0.57,0.56,0.58,1000000.0,1000000.0,0,0,0,0,0,0,0,0,0,0,0,0
,,,,,,39,2026-02-01 23:02:27.907923,RTM1C49,4.39,4.38,4.4,1000000.0,1000000.0,0,0,0,0,0,0,0,0,0,0,0,0
,,,,,,39,2026-02-01 23:02:27.907923,RTM1P49,0.83,0.82,0.84,1000000.0,1000000.0,0,0,0,0,0,0,0,0,0,0,0,0
,,,,,,39,2026-02-01 23:02:27.907923,RTM1C50,3.67,3.66,3.68,1000000.0,1000000.0,0,0,0,0,0,0,0,0,0,0,0,0
,,,,,,39,2026-02-01 23:02:27.907923,RTM1P50,1.11,1.1,1.12,1000000.0,1000000.0,0,0,0,0,0,0,0,0,0,0,0,0
,,,,,,39,2026-02-01 23:02:27.907923,RTM1C51,3.08,3.07,3.09,1000000.0,1000000.0,0,0,0,0,0,0,0,0,0,0,0,0
,,,,,,39,2026-02-01 23:02:27.907923,RTM1P51,1.52,1.51,1.53,1000000.0,1000000.0,0,0,0,0,0,0,0,0,0,0,0,0
,,,,,,39,2026-02-01 23:02:27.907923,RTM1C52,2.49,2.48,2.5,1000000.0,1000000.0,0,0,0,0,0,0,0,0,0,0,0,0
,,,,,,39,2026-02-01 23:02:27.907923,RTM1P52,1.93,1.92,1.94,1000000.0,1000000.0,0,0,0,0,0,0,0,0,0,0,0,0
,,,,,,39,2026-02-01 23:02:27.907923,RTM1C53,2.06,2.05,2.07,1000000.0,1000000.0,0,0,0,0,0,0,0,0,0,0,0,0
,,,,,,39,2026-02-01 23:02:27.907923,RTM1P53,2.5,2.49,2.51,1000000.0,1000000.0,0,0,0,0,0,0,0,0,0,0,0,0
,,,,,,39,2026-02-01 23:02:27.907923,RTM1C54,1.62,1.61,1.63,1000000.0,1000000.0,0,0,0,0,0,0,0,0,0,0,0,0
,,,,,,39,2026-02-01 23:02:27.907923,RTM1P54,3.06,3.05,3.07,1000000.0,1000000.0,0,0,0,0,0,0,0,0,0,0,0,0
3.0,1.0,35.0,,News 1,The analysts have informed you that the realized volatility of RTM next week will be between 29% and 34%,40,2026-02-01 23:02:28.945053,RTM,52.3,52.29,52.31,100000000.0,100000000.0,0,0,0,0,0,0,0,0,0,0,0,0
2.0,1.0,1.0,Week 1,Delta limit and penalty,The delta limit for this sub-heat is 13000 and the penalty percentage is 5%,40,2026-02-01 23:02:28.945053,RTM1C45,7.49,7.48,7.5,1000000.0,1000000.0,0,0,0,0,0,0,0,0,0,0,0,0
1.0,1.0,1.0,Week 1,Risk free rate and current annualized volatility of RTM,The current risk free rate is 0%. RTM is an ETF that mimics one of the major indices in the simulated world and its current annualized realized volatility is 40%. This simulation consists of 20 trading days that are each 15 ticks in length.,40,2026-02-01 23:02:28.945053,RTM1P45,0.18,0.17,0.19,1000000.0,1000000.0,0,0,0,0,0,0,0,0,0,0,0,0
,,,,,,40,2026-02-01 23:02:28.945053,RTM1C46,6.57,6.56,6.58,1000000.0,1000000.0,0,0,0,0,0,0,0,0,0,0,0,0
,,,,,,40,2026-02-01 23:02:28.945053,RTM1P46,0.27,0.26,0.28,1000000.0,1000000.0,0,0,0,0,0,0,0,0,0,0,0,0
,,,,,,40,2026-02-01 23:02:28.945053,RTM1C47,5.75,5.74,5.76,1000000.0,1000000.0,0,0,0,0,0,0,0,0,0,0,0,0
,,,,,,40,2026-02-01 23:02:28.945053,RTM1P47,0.45,0.44,0.46,1000000.0,1000000.0,0,0,0,0,0,0,0,0,0,0,0,0
,,,,,,40,2026-02-01 23:02:28.945053,RTM1C48,4.96,4.95,4.97,1000000.0,1000000.0,0,0,0,0,0,0,0,0,0,0,0,0
,,,,,,40,2026-02-01 23:02:28.945053,RTM1P48,0.66,0.65,0.67,1000000.0,1000000.0,0,0,0,0,0,0,0,0,0,0,0,0
,,,,,,40,2026-02-01 23:02:28.945053,RTM1C49,4.17,4.16,4.18,1000000.0,1000000.0,0,0,0,0,0,0,0,0,0,0,0,0
,,,,,,40,2026-02-01 23:02:28.945053,RTM1P49,0.87,0.86,0.88,1000000.0,1000000.0,0,0,0,0,0,0,0,0,0,0,0,0
,,,,,,40,2026-02-01 23:02:28.945053,RTM1C50,3.49,3.48,3.5,1000000.0,1000000.0,0,0,0,0,0,0,0,0,0,0,0,0
,,,,,,40,2026-02-01 23:02:28.945053,RTM1P50,1.19,1.18,1.2,1000000.0,1000000.0,0,0,0,0,0,0,0,0,0,0,0,0
,,,,,,40,2026-02-01 23:02:28.945053,RTM1C51,2.9,2.89,2.91,1000000.0,1000000.0,0,0,0,0,0,0,0,0,0,0,0,0
,,,,,,40,2026-02-01 23:02:28.945053,RTM1P51,1.6,1.59,1.61,1000000.0,1000000.0,0,0,0,0,0,0,0,0,0,0,0,0
,,,,,,40,2026-02-01 23:02:28.945053,RTM1C52,2.35,2.34,2.36,1000000.0,1000000.0,0,0,0,0,0,0,0,0,0,0,0,0
,,,,,,40,2026-02-01 23:02:28.945053,RTM1P52,2.05,2.04,2.06,1000000.0,1000000.0,0,0,0,0,0,0,0,0,0,0,0,0
,,,,,,40,2026-02-01 23:02:28.945053,RTM1C53,1.97,1.96,1.98,1000000.0,1000000.0,0,0,0,0,0,0,0,0,0,0,0,0
,,,,,,40,2026-02-01 23:02:28.945053,RTM1P53,2.67,2.66,2.68,1000000.0,1000000.0,0,0,0,0,0,0,0,0,0,0,0,0
,,,,,,40,2026-02-01 23:02:28.945053,RTM1C54,1.54,1.53,1.55,1000000.0,1000000.0,0,0,0,0,0,0,0,0,0,0,0,0
,,,,,,40,2026-02-01 23:02:28.945053,RTM1P54,3.24,3.23,3.25,1000000.0,1000000.0,0,0,0,0,0,0,0,0,0,0,0,0
3.0,1.0,35.0,,News 1,The analysts have informed you that the realized volatility of RTM next week will be between 29% and 34%,41,2026-02-01 23:02:29.985361,RTM,52.28,52.27,52.29,100000000.0,100000000.0,0,0,0,0,0,0,0,0,0,0,0,0
2.0,1.0,1.0,Week 1,Delta limit and penalty,The delta limit for this sub-heat is 13000 and the penalty percentage is 5%,41,2026-02-01 23:02:29.985361,RTM1C45,7.48,7.47,7.49,1000000.0,1000000.0,0,0,0,0,0,0,0,0,0,0,0,0
1.0,1.0,1.0,Week 1,Risk free rate and current annualized volatility of RTM,The current risk free rate is 0%. RTM is an ETF that mimics one of the major indices in the simulated world and its current annualized realized volatility is 40%. This simulation consists of 20 trading days that are each 15 ticks in length.,41,2026-02-01 23:02:29.985361,RTM1P45,0.2,0.19,0.21,1000000.0,1000000.0,0,0,0,0,0,0,0,0,0,0,0,0
,,,,,,41,2026-02-01 23:02:29.985361,RTM1C46,6.56,6.55,6.57,1000000.0,1000000.0,0,0,0,0,0,0,0,0,0,0,0,0
,,,,,,41,2026-02-01 23:02:29.985361,RTM1P46,0.28,0.27,0.29,1000000.0,1000000.0,0,0,0,0,0,0,0,0,0,0,0,0
,,,,,,41,2026-02-01 23:02:29.985361,RTM1C47,5.75,5.74,5.76,1000000.0,1000000.0,0,0,0,0,0,0,0,0,0,0,0,0
