news_id,period,tick,ticker,headline,body,tick,timestamp,ticker,last_price,bid_price,ask_price,BUY_ANON,SELL_ANON
2.0,1.0,1.0,,Aggregate Position Limit,Your CRO has set the aggregate position limit to 13000 shares for this week.,2,2026-02-01 08:07:00.812901,SPNG,25.35,25.04,25.35,2229300.0,2185600.0
1.0,1.0,1.0,,Welcome to the RITC 2026 Alogithmic Market Making Case - practice server,,2,2026-02-01 08:07:00.812901,SMMR,24.94,24.94,24.98,2109200.0,2191500.0
,,,,,,2,2026-02-01 08:07:00.812901,ATMN,24.87,24.87,25.05,2348100.0,2262600.0
,,,,,,2,2026-02-01 08:07:00.812901,WNTR,24.99,24.99,25.05,2044300.0,2065000.0
2.0,1.0,1.0,,Aggregate Position Limit,Your CRO has set the aggregate position limit to 13000 shares for this week.,3,2026-02-01 08:07:01.827889,SPNG,24.63,24.63,25.35,2206300.0,2151800.0
1.0,1.0,1.0,,Welcome to the RITC 2026 Alogithmic Market Making Case - practice server,,3,2026-02-01 08:07:01.827889,SMMR,24.98,24.94,24.98,2100800.0,2189200.0
,,,,,,3,2026-02-01 08:07:01.827889,ATMN,25.29,24.97,25.29,2326600.0,2252200.0
,,,,,,3,2026-02-01 08:07:01.827889,WNTR,25.01,24.99,25.01,2043600.0,2070000.0
2.0,1.0,1.0,,Aggregate Position Limit,Your CRO has set the aggregate position limit to 13000 shares for this week.,4,2026-02-01 08:07:02.862797,SPNG,24.8,24.63,24.8,2235600.0,2146200.0
1.0,1.0,1.0,,Welcome to the RITC 2026 Alogithmic Market Making Case - practice server,,4,2026-02-01 08:07:02.862797,SMMR,25.04,24.94,25.04,2100800.0,2204500.0
,,,,,,4,2026-02-01 08:07:02.862797,ATMN,25.29,24.97,24.98,2326600.0,2261600.0
,,,,,,4,2026-02-01 08:07:02.862797,WNTR,25.01,24.97,25.01,2025600.0,2085000.0
2.0,1.0,1.0,,Aggregate Position Limit,Your CRO has set the aggregate position limit to 13000 shares for this week.,5,2026-02-01 08:07:03.897939,SPNG,24.63,24.84,25.35,2210900.0,2151800.0
1.0,1.0,1.0,,Welcome to the RITC 2026 Alogithmic Market Making Case - practice server,,5,2026-02-01 08:07:03.897939,SMMR,25.04,24.97,25.04,2080500.0,2204500.0
,,,,,,5,2026-02-01 08:07:03.897939,ATMN,25.29,24.97,24.98,2326600.0,2243600.0
,,,,,,5,2026-02-01 08:07:03.897939,WNTR,25.01,25.01,25.03,2086500.0,2054900.0
2.0,1.0,1.0,,Aggregate Position Limit,Your CRO has set the aggregate position limit to 13000 shares for this week.,6,2026-02-01 08:07:04.928798,SPNG,24.63,24.84,25.25,2214300.0,2107100.0
1.0,1.0,1.0,,Welcome to the RITC 2026 Alogithmic Market Making Case - practice server,,6,2026-02-01 08:07:04.928798,SMMR,25.06,24.94,25.06,2094600.0,2188600.0
,,,,,,6,2026-02-01 08:07:04.928798,ATMN,24.98,24.79,24.98,2337400.0,2243600.0
,,,,,,6,2026-02-01 08:07:04.928798,WNTR,25.01,25.01,25.03,2096000.0,2077100.0
2.0,1.0,1.0,,Aggregate Position Limit,Your CRO has set the aggregate position limit to 13000 shares for this week.,8,2026-02-01 08:07:05.958673,SPNG,24.63,24.63,25.02,2193700.0,2114700.0
1.0,1.0,1.0,,Welcome to the RITC 2026 Alogithmic Market Making Case - practice server,,8,2026-02-01 08:07:05.958673,SMMR,24.94,24.94,25.1,2097900.0,2187500.0
,,,,,,8,2026-02-01 08:07:05.958673,ATMN,25.15,24.87,25.15,2320700.0,2259200.0
,,,,,,8,2026-02-01 08:07:05.958673,WNTR,25.05,25.01,25.05,2074700.0,2082600.0
2.0,1.0,1.0,,Aggregate Position Limit,Your CRO has set the aggregate position limit to 13000 shares for this week.,9,2026-02-01 08:07:06.983583,SPNG,24.8,24.63,24.8,2200800.0,2148700.0
1.0,1.0,1.0,,Welcome to the RITC 2026 Alogithmic Market Making Case - practice server,,9,2026-02-01 08:07:06.983583,SMMR,25.18,24.94,25.18,2097900.0,2080500.0
,,,,,,9,2026-02-01 08:07:06.983583,ATMN,25.15,24.79,25.15,2346700.0,2259200.0
,,,,,,9,2026-02-01 08:07:06.983583,WNTR,24.98,24.98,25.05,2037900.0,2082600.0
2.0,1.0,1.0,,Aggregate Position Limit,Your CRO has set the aggregate position limit to 13000 shares for this week.,10,2026-02-01 08:07:08.023713,SPNG,24.8,24.63,24.8,2177700.0,2148700.0
1.0,1.0,1.0,,Welcome to the RITC 2026 Alogithmic Market Making Case - practice server,,10,2026-02-01 08:07:08.023713,SMMR,24.94,24.94,25.05,2097800.0,2153000.0
,,,,,,10,2026-02-01 08:07:08.023713,ATMN,25.15,24.99,25.15,2332800.0,2271600.0
,,,,,,10,2026-02-01 08:07:08.023713,WNTR,24.89,25.03,25.05,2027700.0,2082600.0
2.0,1.0,1.0,,Aggregate Position Limit,Your CRO has set the aggregate position limit to 13000 shares for this week.,11,2026-02-01 08:07:09.075400,SPNG,25.25,24.63,25.25,2187900.0,2123300.0
1.0,1.0,1.0,,Welcome to the RITC 2026 Alogithmic Market Making Case - practice server,,11,2026-02-01 08:07:09.075400,SMMR,24.96,24.94,24.96,2102600.0,2165800.0
,,,,,,11,2026-02-01 08:07:09.075400,ATMN,24.93,24.99,25.15,2364800.0,2271600.0
,,,,,,11,2026-02-01 08:07:09.075400,WNTR,25.05,25.06,25.07,2070300.0,2058000.0
2.0,1.0,1.0,,Aggregate Position Limit,Your CRO has set the aggregate position limit to 13000 shares for this week.,12,2026-02-01 08:07:10.114497,SPNG,24.62,24.62,25.35,2159700.0,2142000.0
1.0,1.0,1.0,,Welcome to the RITC 2026 Alogithmic Market Making Case - practice server,,12,2026-02-01 08:07:10.114497,SMMR,24.96,24.94,24.96,2129700.0,2162700.0
,,,,,,12,2026-02-01 08:07:10.114497,ATMN,24.93,24.99,25.14,2364800.0,2299900.0
,,,,,,12,2026-02-01 08:07:10.114497,WNTR,25.06,25.06,25.07,2095200.0,2092300.0
2.0,1.0,1.0,,Aggregate Position Limit,Your CRO has set the aggregate position limit to 13000 shares for this week.,13,2026-02-01 08:07:11.149595,SPNG,24.62,24.52,24.59,2159600.0,2146200.0
1.0,1.0,1.0,,Welcome to the RITC 2026 Alogithmic Market Making Case - practice server,,13,2026-02-01 08:07:11.149595,SMMR,24.91,24.91,25.05,2109800.0,2162200.0
,,,,,,13,2026-02-01 08:07:11.149595,ATMN,25.14,24.8,25.14,2334100.0,2287600.0
,,,,,,13,2026-02-01 08:07:11.149595,WNTR,24.89,24.89,25.07,2078300.0,2092300.0
2.0,1.0,1.0,,Aggregate Position Limit,Your CRO has set the aggregate position limit to 13000 shares for this week.,14,2026-02-01 08:07:12.169568,SPNG,24.94,24.52,24.9,2156600.0,2128300.0
1.0,1.0,1.0,,Welcome to the RITC 2026 Alogithmic Market Making Case - practice server,,14,2026-02-01 08:07:12.169568,SMMR,24.91,25.03,25.05,2119400.0,2181400.0
,,,,,,14,2026-02-01 08:07:12.169568,ATMN,24.8,24.79,24.8,2346700.0,2254400.0
,,,,,,14,2026-02-01 08:07:12.169568,WNTR,24.89,25.05,25.07,2099000.0,2103400.0
2.0,1.0,1.0,,Aggregate Position Limit,Your CRO has set the aggregate position limit to 13000 shares for this week.,15,2026-02-01 08:07:13.201469,SPNG,24.75,24.52,24.75,2156600.0,2163400.0
1.0,1.0,1.0,,Welcome to the RITC 2026 Alogithmic Market Making Case - practice server,,15,2026-02-01 08:07:13.201469,SMMR,24.91,25.03,25.04,2119400.0,2218000.0
,,,,,,15,2026-02-01 08:07:13.201469,ATMN,24.8,25.18,25.22,2342400.0,2309600.0
,,,,,,15,2026-02-01 08:07:13.201469,WNTR,25.05,24.89,24.93,2130200.0,2133000.0
2.0,1.0,1.0,,Aggregate Position Limit,Your CRO has set the aggregate position limit to 13000 shares for this week.,16,2026-02-01 08:07:14.225071,SPNG,24.52,24.52,25.35,2164000.0,2123000.0
1.0,1.0,1.0,,Welcome to the RITC 2026 Alogithmic Market Making Case - practice server,,16,2026-02-01 08:07:14.225071,SMMR,24.94,24.94,25.0,2139100.0,2217200.0
,,,,,,16,2026-02-01 08:07:14.225071,ATMN,25.18,24.79,24.87,2335400.0,2347900.0
,,,,,,16,2026-02-01 08:07:14.225071,WNTR,24.88,24.88,25.02,2114300.0,2135600.0
2.0,1.0,1.0,,Aggregate Position Limit,Your CRO has set the aggregate position limit to 13000 shares for this week.,17,2026-02-01 08:07:15.250162,SPNG,25.47,24.52,24.8,2164000.0,2152600.0
1.0,1.0,1.0,,Welcome to the RITC 2026 Alogithmic Market Making Case - practice server,,17,2026-02-01 08:07:15.250162,SMMR,25.0,24.94,25.0,2102800.0,2180100.0
,,,,,,17,2026-02-01 08:07:15.250162,ATMN,25.21,24.79,25.06,2335400.0,2321400.0
,,,,,,17,2026-02-01 08:07:15.250162,WNTR,24.9,24.88,24.9,2077900.0,2146300.0
2.0,1.0,1.0,,Aggregate Position Limit,Your CRO has set the aggregate position limit to 13000 shares for this week.,18,2026-02-01 08:07:16.287553,SPNG,25.47,24.59,24.8,2170900.0,2152600.0
1.0,1.0,1.0,,Welcome to the RITC 2026 Alogithmic Market Making Case - practice server,,18,2026-02-01 08:07:16.287553,SMMR,24.94,24.94,25.0,2111200.0,2191500.0
,,,,,,18,2026-02-01 08:07:16.287553,ATMN,24.91,24.99,25.06,2363900.0,2321400.0
,,,,,,18,2026-02-01 08:07:16.287553,WNTR,24.9,24.89,24.9,2120400.0,2146300.0
2.0,1.0,1.0,,Aggregate Position Limit,Your CRO has set the aggregate position limit to 13000 shares for this week.,19,2026-02-01 08:07:17.318013,SPNG,25.05,25.43,25.47,2184000.0,2149600.0
1.0,1.0,1.0,,Welcome to the RITC 2026 Alogithmic Market Making Case - practice server,,19,2026-02-01 08:07:17.318013,SMMR,24.88,24.88,25.0,2106700.0,2191500.0
,,,,,,19,2026-02-01 08:07:17.318013,ATMN,24.91,25.04,25.06,2347600.0,2317700.0
,,,,,,19,2026-02-01 08:07:17.318013,WNTR,25.04,24.92,25.04,2138300.0,2147300.0
2.0,1.0,1.0,,Aggregate Position Limit,Your CRO has set the aggregate position limit to 13000 shares for this week.,20,2026-02-01 08:07:18.344493,SPNG,25.43,24.59,25.19,2170900.0,2123800.0
1.0,1.0,1.0,,Welcome to the RITC 2026 Alogithmic Market Making Case - practice server,,20,2026-02-01 08:07:18.344493,SMMR,24.83,24.83,25.0,2144900.0,2191500.0
,,,,,,20,2026-02-01 08:07:18.344493,ATMN,24.99,24.99,25.05,2369800.0,2318300.0
,,,,,,20,2026-02-01 08:07:18.344493,WNTR,25.04,24.92,24.98,2148100.0,2116000.0
2.0,1.0,1.0,,Aggregate Position Limit,Your CRO has set the aggregate position limit to 13000 shares for this week.,21,2026-02-01 08:07:19.366384,SPNG,24.59,24.9,25.19,2190400.0,2147500.0
1.0,1.0,1.0,,Welcome to the RITC 2026 Alogithmic Market Making Case - practice server,,21,2026-02-01 08:07:19.366384,SMMR,24.8,24.8,25.0,2160800.0,2199500.0
,,,,,,21,2026-02-01 08:07:19.366384,ATMN,24.88,24.88,25.03,2356600.0,2314800.0
,,,,,,21,2026-02-01 08:07:19.366384,WNTR,25.07,24.92,25.07,2157800.0,2113900.0
2.0,1.0,1.0,,Aggregate Position Limit,Your CRO has set the aggregate position limit to 13000 shares for this week.,22,2026-02-01 08:07:20.386495,SPNG,24.59,24.59,24.65,2234400.0,2157700.0
1.0,1.0,1.0,,Welcome to the RITC 2026 Alogithmic Market Making Case - practice server,,22,2026-02-01 08:07:20.386495,SMMR,24.78,24.78,25.0,2198700.0,2199500.0
,,,,,,22,2026-02-01 08:07:20.386495,ATMN,25.03,25.03,25.05,2376500.0,2330000.0
,,,,,,22,2026-02-01 08:07:20.386495,WNTR,25.07,25.03,25.07,2165300.0,2139400.0
2.0,1.0,1.0,,Aggregate Position Limit,Your CRO has set the aggregate position limit to 13000 shares for this week.,23,2026-02-01 08:07:21.411794,SPNG,24.65,24.59,24.65,2267800.0,2157700.0
1.0,1.0,1.0,,Welcome to the RITC 2026 Alogithmic Market Making Case - practice server,,23,2026-02-01 08:07:21.411794,SMMR,24.78,24.91,24.96,2191400.0,2167400.0
,,,,,,23,2026-02-01 08:07:21.411794,ATMN,25.06,24.69,25.06,2298500.0,2347100.0
,,,,,,23,2026-02-01 08:07:21.411794,WNTR,25.03,24.92,25.03,2157800.0,2119500.0
2.0,1.0,1.0,,Aggregate Position Limit,Your CRO has set the aggregate position limit to 13000 shares for this week.,24,2026-02-01 08:07:22.439613,SPNG,25.03,24.59,25.03,2223200.0,2167400.0
1.0,1.0,1.0,,Welcome to the RITC 2026 Alogithmic Market Making Case - practice server,,24,2026-02-01 08:07:22.439613,SMMR,25.03,24.91,25.01,2186100.0,2217800.0
,,,,,,24,2026-02-01 08:07:22.439613,ATMN,24.69,24.69,25.06,2306800.0,2347100.0
,,,,,,24,2026-02-01 08:07:22.439613,WNTR,25.03,25.02,25.03,2136800.0,2115600.0
2.0,1.0,1.0,,Aggregate Position Limit,Your CRO has set the aggregate position limit to 13000 shares for this week.,25,2026-02-01 08:07:23.478116,SPNG,25.01,25.02,25.03,2217700.0,2167400.0
1.0,1.0,1.0,,Welcome to the RITC 2026 Alogithmic Market Making Case - practice server,,25,2026-02-01 08:07:23.478116,SMMR,24.91,24.84,24.9,2177400.0,2169700.0
,,,,,,25,2026-02-01 08:07:23.478116,ATMN,24.69,24.83,25.06,2299800.0,2347100.0
,,,,,,25,2026-02-01 08:07:23.478116,WNTR,25.04,25.02,25.04,2123600.0,2103400.0
2.0,1.0,1.0,,Aggregate Position Limit,Your CRO has set the aggregate position limit to 13000 shares for this week.,26,2026-02-01 08:07:24.510847,SPNG,24.74,24.75,25.03,2232000.0,2167400.0
1.0,1.0,1.0,,Welcome to the RITC 2026 Alogithmic Market Making Case - practice server,,26,2026-02-01 08:07:24.510847,SMMR,24.77,24.86,24.9,2156000.0,2205000.0
,,,,,,26,2026-02-01 08:07:24.510847,ATMN,24.72,24.72,25.15,2309500.0,2387300.0
,,,,,,26,2026-02-01 08:07:24.510847,WNTR,25.04,25.02,25.04,2100300.0,2090900.0
2.0,1.0,1.0,,Aggregate Position Limit,Your CRO has set the aggregate position limit to 13000 shares for this week.,27,2026-02-01 08:07:25.568653,SPNG,25.2,25.15,25.2,2193400.0,2156900.0
1.0,1.0,1.0,,Welcome to the RITC 2026 Alogithmic Market Making Case - practice server,,27,2026-02-01 08:07:25.568653,SMMR,24.77,24.77,24.91,2184300.0,2168200.0
,,,,,,27,2026-02-01 08:07:25.568653,ATMN,24.91,24.91,25.15,2324100.0,2361900.0
,,,,,,27,2026-02-01 08:07:25.568653,WNTR,25.08,25.02,25.08,2118300.0,2076000.0
2.0,1.0,1.0,,Aggregate Position Limit,Your CRO has set the aggregate position limit to 13000 shares for this week.,28,2026-02-01 08:07:26.604803,SPNG,24.51,24.7,25.2,2221200.0,2156900.0
1.0,1.0,1.0,,Welcome to the RITC 2026 Alogithmic Market Making Case - practice server,,28,2026-02-01 08:07:26.604803,SMMR,24.77,24.77,24.91,2184300.0,2142400.0
,,,,,,28,2026-02-01 08:07:26.604803,ATMN,24.91,24.91,25.05,2282900.0,2367400.0
,,,,,,28,2026-02-01 08:07:26.604803,WNTR,25.08,25.03,25.08,2074100.0,2076000.0
2.0,1.0,1.0,,Aggregate Position Limit,Your CRO has set the aggregate position limit to 13000 shares for this week.,29,2026-02-01 08:07:27.643099,SPNG,24.51,24.82,24.91,2198300.0,2111000.0
1.0,1.0,1.0,,Welcome to the RITC 2026 Alogithmic Market Making Case - practice server,,29,2026-02-01 08:07:27.643099,SMMR,24.81,24.77,24.81,2169500.0,2171600.0
,,,,,,29,2026-02-01 08:07:27.643099,ATMN,25.13,24.72,25.13,2309500.0,2340700.0
,,,,,,29,2026-02-01 08:07:27.643099,WNTR,25.12,25.03,25.12,2083700.0,2082800.0
2.0,1.0,1.0,,Aggregate Position Limit,Your CRO has set the aggregate position limit to 13000 shares for this week.,30,2026-02-01 08:07:28.685727,SPNG,24.75,24.75,24.91,2188300.0,2111000.0
1.0,1.0,1.0,,Welcome to the RITC 2026 Alogithmic Market Making Case - practice server,,30,2026-02-01 08:07:28.685727,SMMR,24.97,24.77,24.97,2169500.0,2174900.0
,,,,,,30,2026-02-01 08:07:28.685727,ATMN,25.14,24.72,25.14,2326300.0,2326100.0
,,,,,,30,2026-02-01 08:07:28.685727,WNTR,25.03,25.07,25.11,2087400.0,2079900.0
2.0,1.0,1.0,,Aggregate Position Limit,Your CRO has set the aggregate position limit to 13000 shares for this week.,31,2026-02-01 08:07:29.725511,SPNG,25.23,24.7,25.23,2196600.0,2161900.0
1.0,1.0,1.0,,Welcome to the RITC 2026 Alogithmic Market Making Case - practice server,,31,2026-02-01 08:07:29.725511,SMMR,24.74,24.74,24.97,2169200.0,2143600.0
,,,,,,31,2026-02-01 08:07:29.725511,ATMN,24.72,24.69,24.7,2330300.0,2345900.0
,,,,,,31,2026-02-01 08:07:29.725511,WNTR,25.12,25.03,25.12,2067100.0,2092600.0
2.0,1.0,1.0,,Aggregate Position Limit,Your CRO has set the aggregate position limit to 13000 shares for this week.,32,2026-02-01 08:07:30.748603,SPNG,25.33,24.51,25.33,2221800.0,2138300.0
1.0,1.0,1.0,,Welcome to the RITC 2026 Alogithmic Market Making Case - practice server,,32,2026-02-01 08:07:30.748603,SMMR,24.76,24.85,24.97,2179200.0,2143600.0
,,,,,,32,2026-02-01 08:07:30.748603,ATMN,24.7,24.94,25.05,2332300.0,2366100.0
,,,,,,32,2026-02-01 08:07:30.748603,WNTR,25.12,25.03,25.11,2067100.0,2058900.0
2.0,1.0,1.0,,Aggregate Position Limit,Your CRO has set the aggregate position limit to 13000 shares for this week.,33,2026-02-01 08:07:31.784685,SPNG,25.33,24.65,24.74,2182600.0,2124400.0
1.0,1.0,1.0,,Welcome to the RITC 2026 Alogithmic Market Making Case - practice server,,33,2026-02-01 08:07:31.784685,SMMR,24.76,24.89,24.97,2152800.0,2139800.0
,,,,,,33,2026-02-01 08:07:31.784685,ATMN,24.7,24.91,25.02,2341100.0,2331400.0
,,,,,,33,2026-02-01 08:07:31.784685,WNTR,25.12,25.03,25.12,2067100.0,2038900.0
2.0,1.0,1.0,,Aggregate Position Limit,Your CRO has set the aggregate position limit to 13000 shares for this week.,34,2026-02-01 08:07:32.819759,SPNG,24.65,24.51,24.55,2208500.0,2146600.0
1.0,1.0,1.0,,Welcome to the RITC 2026 Alogithmic Market Making Case - practice server,,34,2026-02-01 08:07:32.819759,SMMR,24.93,24.93,24.97,2178400.0,2120400.0
,,,,,,34,2026-02-01 08:07:32.819759,ATMN,24.91,24.74,24.79,2311100.0,2354900.0
,,,,,,34,2026-02-01 08:07:32.819759,WNTR,25.12,25.03,25.11,2067100.0,2061000.0
2.0,1.0,1.0,,Aggregate Position Limit,Your CRO has set the aggregate position limit to 13000 shares for this week.,35,2026-02-01 08:07:33.853675,SPNG,25.38,25.22,25.28,2238300.0,2129400.0
1.0,1.0,1.0,,Welcome to the RITC 2026 Alogithmic Market Making Case - practice server,,35,2026-02-01 08:07:33.853675,SMMR,24.73,24.73,24.97,2191200.0,2113000.0
,,,,,,35,2026-02-01 08:07:33.853675,ATMN,24.74,24.74,25.02,2318600.0,2331400.0
,,,,,,35,2026-02-01 08:07:33.853675,WNTR,25.14,25.03,25.14,2067100.0,2031000.0
2.0,1.0,1.0,,Aggregate Position Limit,Your CRO has set the aggregate position limit to 13000 shares for this week.,36,2026-02-01 08:07:34.876154,SPNG,25.22,25.22,25.28,2238300.0,2156600.0
1.0,1.0,1.0,,Welcome to the RITC 2026 Alogithmic Market Making Case - practice server,,36,2026-02-01 08:07:34.876154,SMMR,24.97,24.73,24.75,2191200.0,2103200.0
,,,,,,36,2026-02-01 08:07:34.876154,ATMN,24.79,24.79,25.02,2332000.0,2331400.0
,,,,,,36,2026-02-01 08:07:34.876154,WNTR,25.02,25.02,25.14,2062100.0,2008300.0
2.0,1.0,1.0,,Aggregate Position Limit,Your CRO has set the aggregate position limit to 13000 shares for this week.,37,2026-02-01 08:07:35.903897,SPNG,24.49,24.49,25.1,2230100.0,2122200.0
1.0,1.0,1.0,,Welcome to the RITC 2026 Alogithmic Market Making Case - practice server,,37,2026-02-01 08:07:35.903897,SMMR,24.85,24.73,24.85,2183200.0,2106500.0
,,,,,,37,2026-02-01 08:07:35.903897,ATMN,25.15,24.79,24.93,2332000.0,2373400.0
,,,,,,37,2026-02-01 08:07:35.903897,WNTR,25.05,25.14,25.16,2043500.0,2024600.0
2.0,1.0,1.0,,Aggregate Position Limit,Your CRO has set the aggregate position limit to 13000 shares for this week.,38,2026-02-01 08:07:36.926303,SPNG,24.47,24.47,25.28,2233600.0,2127400.0
1.0,1.0,1.0,,Welcome to the RITC 2026 Alogithmic Market Making Case - practice server,,38,2026-02-01 08:07:36.926303,SMMR,25.04,24.73,25.04,2184300.0,2090500.0
,,,,,,38,2026-02-01 08:07:36.926303,ATMN,24.93,24.79,24.93,2340100.0,2333900.0
,,,,,,38,2026-02-01 08:07:36.926303,WNTR,25.02,25.02,25.15,2085000.0,2045200.0
2.0,1.0,1.0,,Aggregate Position Limit,Your CRO has set the aggregate position limit to 13000 shares for this week.,39,2026-02-01 08:07:37.943481,SPNG,24.47,24.47,24.98,2229700.0,2107700.0
1.0,1.0,1.0,,Welcome to the RITC 2026 Alogithmic Market Making Case - practice server,,39,2026-02-01 08:07:37.943481,SMMR,24.72,24.72,24.77,2185100.0,2065000.0
,,,,,,39,2026-02-01 08:07:37.943481,ATMN,24.74,24.74,24.96,2339900.0,2331800.0
,,,,,,39,2026-02-01 08:07:37.943481,WNTR,25.15,25.02,25.12,2097100.0,2026900.0
2.0,1.0,1.0,,Aggregate Position Limit,Your CRO has set the aggregate position limit to 13000 shares for this week.,40,2026-02-01 08:07:38.975540,SPNG,24.98,24.85,24.89,2214300.0,2089800.0
1.0,1.0,1.0,,Welcome to the RITC 2026 Alogithmic Market Making Case - practice server,,40,2026-02-01 08:07:38.975540,SMMR,24.7,24.77,25.04,2161100.0,2090500.0
,,,,,,40,2026-02-01 08:07:38.975540,ATMN,24.96,25.06,25.15,2341700.0,2340800.0
,,,,,,40,2026-02-01 08:07:38.975540,WNTR,25.16,25.05,25.16,2081900.0,2044000.0
2.0,1.0,1.0,,Aggregate Position Limit,Your CRO has set the aggregate position limit to 13000 shares for this week.,41,2026-02-01 08:07:39.993219,SPNG,24.46,24.46,24.89,2234000.0,2089800.0
1.0,1.0,1.0,,Welcome to the RITC 2026 Alogithmic Market Making Case - practice server,,41,2026-02-01 08:07:39.993219,SMMR,24.77,24.7,24.71,2194000.0,2055100.0
,,,,,,41,2026-02-01 08:07:39.993219,ATMN,24.74,24.74,25.15,2339900.0,2351100.0
,,,,,,41,2026-02-01 08:07:39.993219,WNTR,25.17,25.11,25.17,2097700.0,2044500.0
2.0,1.0,1.0,,Aggregate Position Limit,Your CRO has set the aggregate position limit to 13000 shares for this week.,42,2026-02-01 08:07:41.014510,SPNG,24.58,24.91,25.1,2219700.0,2105200.0
1.0,1.0,1.0,,Welcome to the RITC 2026 Alogithmic Market Making Case - practice server,,42,2026-02-01 08:07:41.014510,SMMR,25.04,24.99,25.04,2186000.0,2059300.0
,,,,,,42,2026-02-01 08:07:41.014510,ATMN,25.2,24.74,25.17,2330300.0,2349800.0
,,,,,,42,2026-02-01 08:07:41.014510,WNTR,24.95,24.95,25.09,2127700.0,2075300.0
2.0,1.0,1.0,,Aggregate Position Limit,Your CRO has set the aggregate position limit to 13000 shares for this week.,43,2026-02-01 08:07:42.047071,SPNG,24.58,24.91,25.04,2219700.0,2089500.0
1.0,1.0,1.0,,Welcome to the RITC 2026 Alogithmic Market Making Case - practice server,,43,2026-02-01 08:07:42.047071,SMMR,24.99,24.99,25.04,2186000.0,2056500.0
,,,,,,43,2026-02-01 08:07:42.047071,ATMN,25.2,24.74,24.75,2357500.0,2352800.0
,,,,,,43,2026-02-01 08:07:42.047071,WNTR,24.95,24.95,25.05,2144700.0,2072200.0
2.0,1.0,1.0,,Aggregate Position Limit,Your CRO has set the aggregate position limit to 13000 shares for this week.,44,2026-02-01 08:07:43.100575,SPNG,24.91,24.91,25.04,2219700.0,2122300.0
1.0,1.0,1.0,,Welcome to the RITC 2026 Alogithmic Market Making Case - practice server,,44,2026-02-01 08:07:43.100575,SMMR,24.99,24.74,24.79,2171700.0,2078200.0
,,,,,,44,2026-02-01 08:07:43.100575,ATMN,24.75,25.02,25.12,2345100.0,2347500.0
,,,,,,44,2026-02-01 08:07:43.100575,WNTR,24.98,24.95,24.98,2144700.0,2075900.0
2.0,1.0,1.0,,Aggregate Position Limit,Your CRO has set the aggregate position limit to 13000 shares for this week.,45,2026-02-01 08:07:44.125065,SPNG,24.59,24.97,25.04,2225300.0,2122300.0
1.0,1.0,1.0,,Welcome to the RITC 2026 Alogithmic Market Making Case - practice server,,45,2026-02-01 08:07:44.125065,SMMR,24.69,24.78,24.79,2203900.0,2078200.0
,,,,,,45,2026-02-01 08:07:44.125065,ATMN,25.02,24.87,25.01,2351700.0,2334100.0
,,,,,,45,2026-02-01 08:07:44.125065,WNTR,24.93,24.93,24.98,2157500.0,2075900.0
2.0,1.0,1.0,,Aggregate Position Limit,Your CRO has set the aggregate position limit to 13000 shares for this week.,46,2026-02-01 08:07:45.150576,SPNG,24.59,24.97,25.04,2225300.0,2088700.0
1.0,1.0,1.0,,Welcome to the RITC 2026 Alogithmic Market Making Case - practice server,,46,2026-02-01 08:07:45.150576,SMMR,24.8,24.78,24.8,2203900.0,2076400.0
,,,,,,46,2026-02-01 08:07:45.150576,ATMN,24.83,24.74,24.77,2376300.0,2346900.0
,,,,,,46,2026-02-01 08:07:45.150576,WNTR,25.1,24.93,25.04,2157500.0,2039200.0
2.0,1.0,1.0,,Aggregate Position Limit,Your CRO has set the aggregate position limit to 13000 shares for this week.,47,2026-02-01 08:07:46.179940,SPNG,24.59,24.97,25.02,2225300.0,2145900.0
1.0,1.0,1.0,,Welcome to the RITC 2026 Alogithmic Market Making Case - practice server,,47,2026-02-01 08:07:46.179940,SMMR,24.78,24.78,24.8,2203900.0,2107800.0
,,,,,,47,2026-02-01 08:07:46.179940,ATMN,24.96,24.74,24.92,2376300.0,2329300.0
,,,,,,47,2026-02-01 08:07:46.179940,WNTR,25.17,25.08,25.17,2152600.0,2050200.0
2.0,1.0,1.0,,Aggregate Position Limit,Your CRO has set the aggregate position limit to 13000 shares for this week.,49,2026-02-01 08:07:47.214352,SPNG,24.41,24.41,25.0,2278600.0,2136700.0
1.0,1.0,1.0,,Welcome to the RITC 2026 Alogithmic Market Making Case - practice server,,49,2026-02-01 08:07:47.214352,SMMR,24.8,24.7,24.8,2174300.0,2112900.0
,,,,,,49,2026-02-01 08:07:47.214352,ATMN,25.12,24.77,25.12,2316900.0,2347500.0
,,,,,,49,2026-02-01 08:07:47.214352,WNTR,25.18,25.08,25.11,2152600.0,2075500.0
2.0,1.0,1.0,,Aggregate Position Limit,Your CRO has set the aggregate position limit to 13000 shares for this week.,50,2026-02-01 08:07:48.245171,SPNG,24.41,24.41,24.6,2278600.0,2141500.0
1.0,1.0,1.0,,Welcome to the RITC 2026 Alogithmic Market Making Case - practice server,,50,2026-02-01 08:07:48.245171,SMMR,24.8,24.77,24.8,2161300.0,2112900.0
,,,,,,50,2026-02-01 08:07:48.245171,ATMN,24.76,24.76,24.89,2346000.0,2317500.0
,,,,,,50,2026-02-01 08:07:48.245171,WNTR,25.11,24.93,25.11,2157500.0,2075500.0
2.0,1.0,1.0,,Aggregate Position Limit,Your CRO has set the aggregate position limit to 13000 shares for this week.,51,2026-02-01 08:07:49.269719,SPNG,24.98,24.41,24.54,2263300.0,2148500.0
1.0,1.0,1.0,,Welcome to the RITC 2026 Alogithmic Market Making Case - practice server,,51,2026-02-01 08:07:49.269719,SMMR,24.8,24.77,24.8,2161300.0,2114600.0
,,,,,,51,2026-02-01 08:07:49.269719,ATMN,25.17,25.08,25.17,2334300.0,2340500.0
,,,,,,51,2026-02-01 08:07:49.269719,WNTR,25.11,25.1,25.11,2173400.0,2075500.0
2.0,1.0,1.0,,Aggregate Position Limit,Your CRO has set the aggregate position limit to 13000 shares for this week.,52,2026-02-01 08:07:50.299510,SPNG,24.37,24.37,25.0,2262700.0,2171100.0
1.0,1.0,1.0,,Welcome to the RITC 2026 Alogithmic Market Making Case - practice server,,52,2026-02-01 08:07:50.299510,SMMR,24.89,24.82,24.89,2170400.0,2095800.0
,,,,,,52,2026-02-01 08:07:50.299510,ATMN,25.08,24.76,24.88,2346000.0,2343800.0
,,,,,,52,2026-02-01 08:07:50.299510,WNTR,25.18,25.1,25.18,2173400.0,2062700.0
2.0,1.0,1.0,,Aggregate Position Limit,Your CRO has set the aggregate position limit to 13000 shares for this week.,53,2026-02-01 08:07:51.344492,SPNG,24.62,24.37,24.62,2295700.0,2134900.0
1.0,1.0,1.0,,Welcome to the RITC 2026 Alogithmic Market Making Case - practice server,,53,2026-02-01 08:07:51.344492,SMMR,24.7,24.8,24.92,2174000.0,2073800.0
,,,,,,53,2026-02-01 08:07:51.344492,ATMN,24.67,24.67,24.78,2338300.0,2321100.0
,,,,,,53,2026-02-01 08:07:51.344492,WNTR,25.0,24.93,24.95,2161400.0,2054700.0
2.0,1.0,1.0,,Aggregate Position Limit,Your CRO has set the aggregate position limit to 13000 shares for this week.,54,2026-02-01 08:07:52.386906,SPNG,24.62,24.37,24.62,2305900.0,2128700.0
1.0,1.0,1.0,,Welcome to the RITC 2026 Alogithmic Market Making Case - practice server,,54,2026-02-01 08:07:52.386906,SMMR,24.91,24.8,24.91,2174000.0,2109700.0
,,,,,,54,2026-02-01 08:07:52.386906,ATMN,24.78,25.06,25.14,2362000.0,2309000.0
,,,,,,54,2026-02-01 08:07:52.386906,WNTR,25.05,25.1,25.18,2169200.0,2062700.0
2.0,1.0,1.0,,Aggregate Position Limit,Your CRO has set the aggregate position limit to 13000 shares for this week.,55,2026-02-01 08:07:53.424634,SPNG,24.62,24.37,24.55,2330300.0,2141500.0
1.0,1.0,1.0,,Welcome to the RITC 2026 Alogithmic Market Making Case - practice server,,55,2026-02-01 08:07:53.424634,SMMR,25.01,24.8,25.01,2174000.0,2068200.0
,,,,,,55,2026-02-01 08:07:53.424634,ATMN,25.14,24.95,25.14,2356300.0,2309000.0
,,,,,,55,2026-02-01 08:07:53.424634,WNTR,25.1,24.93,24.96,2165900.0,2065600.0
2.0,1.0,1.0,,Aggregate Position Limit,Your CRO has set the aggregate position limit to 13000 shares for this week.,56,2026-02-01 08:07:54.434713,SPNG,24.89,24.37,24.89,2329400.0,2118200.0
1.0,1.0,1.0,,Welcome to the RITC 2026 Alogithmic Market Making Case - practice server,,56,2026-02-01 08:07:54.434713,SMMR,25.01,24.88,25.01,2197700.0,2068200.0
,,,,,,56,2026-02-01 08:07:54.434713,ATMN,24.95,24.67,24.78,2338300.0,2363000.0
,,,,,,56,2026-02-01 08:07:54.434713,WNTR,24.96,25.08,25.18,2175600.0,2044700.0
2.0,1.0,1.0,,Aggregate Position Limit,Your CRO has set the aggregate position limit to 13000 shares for this week.,57,2026-02-01 08:07:55.473524,SPNG,24.37,24.37,24.89,2303400.0,2110500.0
1.0,1.0,1.0,,Welcome to the RITC 2026 Alogithmic Market Making Case - practice server,,57,2026-02-01 08:07:55.473524,SMMR,25.01,24.88,24.93,2221100.0,2087300.0
,,,,,,57,2026-02-01 08:07:55.473524,ATMN,24.78,24.83,24.96,2360600.0,2343800.0
,,,,,,57,2026-02-01 08:07:55.473524,WNTR,25.07,25.07,25.18,2162800.0,2042200.0
2.0,1.0,1.0,,Aggregate Position Limit,Your CRO has set the aggregate position limit to 13000 shares for this week.,58,2026-02-01 08:07:56.494850,SPNG,24.37,24.37,24.62,2311100.0,2132700.0
1.0,1.0,1.0,,Welcome to the RITC 2026 Alogithmic Market Making Case - practice server,,58,2026-02-01 08:07:56.494850,SMMR,24.93,24.88,24.93,2213800.0,2077900.0
,,,,,,58,2026-02-01 08:07:56.494850,ATMN,24.78,24.83,24.96,2332000.0,2326000.0
,,,,,,58,2026-02-01 08:07:56.494850,WNTR,25.03,25.03,25.18,2151500.0,2042200.0
2.0,1.0,1.0,,Aggregate Position Limit,Your CRO has set the aggregate position limit to 13000 shares for this week.,59,2026-02-01 08:07:57.519673,SPNG,24.68,24.37,24.61,2311100.0,2166600.0
1.0,1.0,1.0,,Welcome to the RITC 2026 Alogithmic Market Making Case - practice server,,59,2026-02-01 08:07:57.519673,SMMR,24.93,24.94,24.96,2229200.0,2042700.0
,,,,,,59,2026-02-01 08:07:57.519673,ATMN,24.83,24.83,24.96,2324100.0,2355700.0
,,,,,,59,2026-02-01 08:07:57.519673,WNTR,24.92,25.08,25.11,2142800.0,2023500.0
2.0,1.0,1.0,,Aggregate Position Limit,Your CRO has set the aggregate position limit to 13000 shares for this week.,60,2026-02-01 08:07:58.534762,SPNG,25.62,25.62,25.83,861000.0,669000.0
1.0,1.0,1.0,,Welcome to the RITC 2026 Alogithmic Market Making Case - practice server,,60,2026-02-01 08:07:58.534762,SMMR,25.65,25.65,25.75,798100.0,684300.0
,,,,,,60,2026-02-01 08:07:58.534762,ATMN,24.7,25.62,25.74,1035600.0,833700.0
,,,,,,60,2026-02-01 08:07:58.534762,WNTR,25.15,25.15,25.21,856000.0,773200.0
2.0,1.0,1.0,,Aggregate Position Limit,Your CRO has set the aggregate position limit to 13000 shares for this week.,61,2026-02-01 08:07:59.555041,SPNG,25.83,25.91,25.97,1087500.0,755900.0
1.0,1.0,1.0,,Welcome to the RITC 2026 Alogithmic Market Making Case - practice server,,61,2026-02-01 08:07:59.555041,SMMR,25.65,25.27,25.64,921000.0,988100.0
,,,,,,61,2026-02-01 08:07:59.555041,ATMN,24.95,24.95,25.74,1086600.0,929800.0
,,,,,,61,2026-02-01 08:07:59.555041,WNTR,25.15,25.15,25.21,856000.0,1073500.0
2.0,1.0,1.0,,Aggregate Position Limit,Your CRO has set the aggregate position limit to 13000 shares for this week.,62,2026-02-01 08:08:00.574770,SPNG,24.85,25.21,25.97,1128000.0,755900.0
1.0,1.0,1.0,,Welcome to the RITC 2026 Alogithmic Market Making Case - practice server,,62,2026-02-01 08:08:00.574770,SMMR,25.75,25.64,25.75,1023100.0,883100.0
,,,,,,62,2026-02-01 08:08:00.574770,ATMN,25.6,24.95,25.1,1194400.0,1061200.0
,,,,,,62,2026-02-01 08:08:00.574770,WNTR,25.17,25.07,25.17,889100.0,1299000.0
2.0,1.0,1.0,,Aggregate Position Limit,Your CRO has set the aggregate position limit to 13000 shares for this week.,63,2026-02-01 08:08:01.597509,SPNG,25.95,25.95,25.97,1251200.0,879000.0
1.0,1.0,1.0,,Welcome to the RITC 2026 Alogithmic Market Making Case - practice server,,63,2026-02-01 08:08:01.597509,SMMR,25.91,25.64,25.91,1133700.0,780100.0
,,,,,,63,2026-02-01 08:08:01.597509,ATMN,25.1,25.56,25.74,1676000.0,929800.0
,,,,,,63,2026-02-01 08:08:01.597509,WNTR,25.21,24.89,25.21,993200.0,1080200.0
2.0,1.0,1.0,,Aggregate Position Limit,Your CRO has set the aggregate position limit to 13000 shares for this week.,64,2026-02-01 08:08:02.631559,SPNG,25.95,25.21,25.7,1128000.0,1274700.0
1.0,1.0,1.0,,Welcome to the RITC 2026 Alogithmic Market Making Case - practice server,,64,2026-02-01 08:08:02.631559,SMMR,25.55,25.55,25.7,1031600.0,1103200.0
,,,,,,64,2026-02-01 08:08:02.631559,ATMN,25.74,25.56,25.74,1800000.0,1040400.0
,,,,,,64,2026-02-01 08:08:02.631559,WNTR,25.21,24.89,25.21,1114900.0,1086600.0
2.0,1.0,1.0,,Aggregate Position Limit,Your CRO has set the aggregate position limit to 13000 shares for this week.,65,2026-02-01 08:08:03.670460,SPNG,25.55,25.55,25.97,1254100.0,1177100.0
1.0,1.0,1.0,,Welcome to the RITC 2026 Alogithmic Market Making Case - practice server,,65,2026-02-01 08:08:03.670460,SMMR,25.58,25.55,25.58,1031600.0,1335000.0
,,,,,,65,2026-02-01 08:08:03.670460,ATMN,25.56,25.56,25.92,1800000.0,842700.0
,,,,,,65,2026-02-01 08:08:03.670460,WNTR,25.13,25.13,25.21,1360500.0,1175400.0
2.0,1.0,1.0,,Aggregate Position Limit,Your CRO has set the aggregate position limit to 13000 shares for this week.,66,2026-02-01 08:08:04.689362,SPNG,25.55,25.55,25.92,1254100.0,1598000.0
1.0,1.0,1.0,,Welcome to the RITC 2026 Alogithmic Market Making Case - practice server,,66,2026-02-01 08:08:04.689362,SMMR,25.58,25.6,25.62,1115800.0,1544300.0
,,,,,,66,2026-02-01 08:08:04.689362,ATMN,25.92,25.76,25.92,1905900.0,842700.0
,,,,,,66,2026-02-01 08:08:04.689362,WNTR,25.13,24.99,25.0,1240100.0,1486400.0
2.0,1.0,1.0,,Aggregate Position Limit,Your CRO has set the aggregate position limit to 13000 shares for this week.,67,2026-02-01 08:08:05.718181,SPNG,25.3,24.59,25.29,1038400.0,1695700.0
1.0,1.0,1.0,,Welcome to the RITC 2026 Alogithmic Market Making Case - practice server,,67,2026-02-01 08:08:05.718181,SMMR,25.63,25.63,25.68,1225500.0,1455600.0
,,,,,,67,2026-02-01 08:08:05.718181,ATMN,25.76,25.48,25.72,1796500.0,1077300.0
,,,,,,67,2026-02-01 08:08:05.718181,WNTR,24.99,24.99,25.16,1240100.0,1511300.0
2.0,1.0,1.0,,Aggregate Position Limit,Your CRO has set the aggregate position limit to 13000 shares for this week.,68,2026-02-01 08:08:06.753345,SPNG,25.29,25.43,25.92,1515900.0,1598000.0
1.0,1.0,1.0,,Welcome to the RITC 2026 Alogithmic Market Making Case - practice server,,68,2026-02-01 08:08:06.753345,SMMR,25.55,25.55,25.68,1150900.0,1575700.0
,,,,,,68,2026-02-01 08:08:06.753345,ATMN,25.86,25.48,25.86,2016000.0,957200.0
,,,,,,68,2026-02-01 08:08:06.753345,WNTR,24.99,24.96,24.99,1332900.0,1628500.0
2.0,1.0,1.0,,Aggregate Position Limit,Your CRO has set the aggregate position limit to 13000 shares for this week.,69,2026-02-01 08:08:07.779626,SPNG,25.29,25.43,25.76,1515900.0,1924500.0
1.0,1.0,1.0,,Welcome to the RITC 2026 Alogithmic Market Making Case - practice server,,69,2026-02-01 08:08:07.779626,SMMR,25.34,25.59,25.63,1272200.0,1684100.0
,,,,,,69,2026-02-01 08:08:07.779626,ATMN,25.95,25.9,25.95,2226500.0,909100.0
,,,,,,69,2026-02-01 08:08:07.779626,WNTR,25.16,24.96,25.16,1332900.0,1511300.0
2.0,1.0,1.0,,Aggregate Position Limit,Your CRO has set the aggregate position limit to 13000 shares for this week.,70,2026-02-01 08:08:08.814615,SPNG,25.33,25.74,25.76,1716600.0,1924500.0
1.0,1.0,1.0,,Welcome to the RITC 2026 Alogithmic Market Making Case - practice server,,70,2026-02-01 08:08:08.814615,SMMR,25.68,25.59,25.67,1272200.0,1698200.0
,,,,,,70,2026-02-01 08:08:08.814615,ATMN,25.48,25.75,25.78,2147400.0,1043000.0
,,,,,,70,2026-02-01 08:08:08.814615,WNTR,25.24,24.96,25.18,1429300.0,1525800.0
2.0,1.0,1.0,,Aggregate Position Limit,Your CRO has set the aggregate position limit to 13000 shares for this week.,71,2026-02-01 08:08:09.844657,SPNG,25.5,25.5,25.76,1592300.0,2080800.0
1.0,1.0,1.0,,Welcome to the RITC 2026 Alogithmic Market Making Case - practice server,,71,2026-02-01 08:08:09.844657,SMMR,25.46,25.46,25.67,1254700.0,1820700.0
,,,,,,71,2026-02-01 08:08:09.844657,ATMN,25.48,25.75,25.78,2549300.0,1145700.0
,,,,,,71,2026-02-01 08:08:09.844657,WNTR,25.24,25.03,25.06,1620200.0,1647000.0
2.0,1.0,1.0,,Aggregate Position Limit,Your CRO has set the aggregate position limit to 13000 shares for this week.,72,2026-02-01 08:08:10.879687,SPNG,25.5,25.5,25.76,1819600.0,2101700.0
1.0,1.0,1.0,,Welcome to the RITC 2026 Alogithmic Market Making Case - practice server,,72,2026-02-01 08:08:10.879687,SMMR,25.47,25.52,25.67,1440300.0,1920900.0
,,,,,,72,2026-02-01 08:08:10.879687,ATMN,25.48,25.75,25.78,2502100.0,1244600.0
,,,,,,72,2026-02-01 08:08:10.879687,WNTR,25.06,25.07,25.18,1833300.0,1623600.0
2.0,1.0,1.0,,Aggregate Position Limit,Your CRO has set the aggregate position limit to 13000 shares for this week.,73,2026-02-01 08:08:11.902756,SPNG,25.5,25.5,25.76,1915200.0,2115000.0
1.0,1.0,1.0,,Welcome to the RITC 2026 Alogithmic Market Making Case - practice server,,73,2026-02-01 08:08:11.902756,SMMR,25.47,25.47,25.67,1564300.0,1920900.0
,,,,,,73,2026-02-01 08:08:11.902756,ATMN,25.61,25.61,25.78,2536700.0,1364100.0
,,,,,,73,2026-02-01 08:08:11.902756,WNTR,25.18,25.07,25.18,1833300.0,1818300.0
2.0,1.0,1.0,,Aggregate Position Limit,Your CRO has set the aggregate position limit to 13000 shares for this week.,74,2026-02-01 08:08:12.934006,SPNG,25.45,25.45,25.7,1922000.0,2120100.0
1.0,1.0,1.0,,Welcome to the RITC 2026 Alogithmic Market Making Case - practice server,,74,2026-02-01 08:08:12.934006,SMMR,25.7,25.47,25.53,1564300.0,1781300.0
,,,,,,74,2026-02-01 08:08:12.934006,ATMN,25.83,25.61,25.66,2536700.0,1588300.0
,,,,,,74,2026-02-01 08:08:12.934006,WNTR,25.05,25.03,25.05,1710400.0,2020600.0
2.0,1.0,1.0,,Aggregate Position Limit,Your CRO has set the aggregate position limit to 13000 shares for this week.,75,2026-02-01 08:08:13.960632,SPNG,25.7,25.4,25.7,1925400.0,2146300.0
1.0,1.0,1.0,,Welcome to the RITC 2026 Alogithmic Market Making Case - practice server,,75,2026-02-01 08:08:13.960632,SMMR,25.7,25.47,25.7,1667800.0,1768200.0
,,,,,,75,2026-02-01 08:08:13.960632,ATMN,25.89,25.92,25.95,2493900.0,1478500.0
,,,,,,75,2026-02-01 08:08:13.960632,WNTR,25.05,25.06,25.18,2136200.0,1916900.0
2.0,1.0,1.0,,Aggregate Position Limit,Your CRO has set the aggregate position limit to 13000 shares for this week.,76,2026-02-01 08:08:14.982982,SPNG,25.76,25.4,25.76,2021400.0,2127900.0
1.0,1.0,1.0,,Welcome to the RITC 2026 Alogithmic Market Making Case - practice server,,76,2026-02-01 08:08:14.982982,SMMR,25.72,25.56,25.72,1909700.0,1763000.0
,,,,,,76,2026-02-01 08:08:14.982982,ATMN,25.95,25.97,25.98,2430000.0,1459400.0
,,,,,,76,2026-02-01 08:08:14.982982,WNTR,25.13,25.09,25.13,2114000.0,2129000.0
2.0,1.0,1.0,,Aggregate Position Limit,Your CRO has set the aggregate position limit to 13000 shares for this week.,77,2026-02-01 08:08:16.005091,SPNG,25.76,25.4,25.76,2118900.0,2148600.0
1.0,1.0,1.0,,Welcome to the RITC 2026 Alogithmic Market Making Case - practice server,,77,2026-02-01 08:08:16.005091,SMMR,25.56,25.56,25.76,1909700.0,1641700.0
,,,,,,77,2026-02-01 08:08:16.005091,ATMN,25.53,25.56,25.98,2496200.0,1565100.0
,,,,,,77,2026-02-01 08:08:16.005091,WNTR,25.18,25.09,25.18,2144700.0,2004400.0
2.0,1.0,1.0,,Aggregate Position Limit,Your CRO has set the aggregate position limit to 13000 shares for this week.,78,2026-02-01 08:08:17.023360,SPNG,25.76,25.4,25.76,2241800.0,2148600.0
1.0,1.0,1.0,,Welcome to the RITC 2026 Alogithmic Market Making Case - practice server,,78,2026-02-01 08:08:17.023360,SMMR,25.58,25.58,25.76,2019800.0,1755700.0
,,,,,,78,2026-02-01 08:08:17.023360,ATMN,26.01,25.53,26.01,2513100.0,1442800.0
,,,,,,78,2026-02-01 08:08:17.023360,WNTR,25.24,25.09,25.24,2144700.0,1793600.0
2.0,1.0,1.0,,Aggregate Position Limit,Your CRO has set the aggregate position limit to 13000 shares for this week.,79,2026-02-01 08:08:18.044888,SPNG,25.76,25.59,25.76,2350700.0,2120300.0
1.0,1.0,1.0,,Welcome to the RITC 2026 Alogithmic Market Making Case - practice server,,79,2026-02-01 08:08:18.044888,SMMR,25.56,25.56,25.76,1909700.0,1755700.0
,,,,,,79,2026-02-01 08:08:18.044888,ATMN,25.53,25.53,26.01,2471100.0,1442800.0
,,,,,,79,2026-02-01 08:08:18.044888,WNTR,25.03,25.03,25.24,2153800.0,1916000.0
2.0,1.0,1.0,,Aggregate Position Limit,Your CRO has set the aggregate position limit to 13000 shares for this week.,80,2026-02-01 08:08:19.070117,SPNG,25.59,25.59,25.79,2350700.0,2167200.0
1.0,1.0,1.0,,Welcome to the RITC 2026 Alogithmic Market Making Case - practice server,,80,2026-02-01 08:08:19.070117,SMMR,25.76,25.74,25.76,2223000.0,1650600.0
,,,,,,80,2026-02-01 08:08:19.070117,ATMN,26.04,26.02,26.04,2403700.0,1318100.0
,,,,,,80,2026-02-01 08:08:19.070117,WNTR,25.32,25.15,25.32,2141000.0,1828500.0
2.0,1.0,1.0,,Aggregate Position Limit,Your CRO has set the aggregate position limit to 13000 shares for this week.,81,2026-02-01 08:08:20.086688,SPNG,25.79,25.4,25.79,2371800.0,2167200.0
1.0,1.0,1.0,,Welcome to the RITC 2026 Alogithmic Market Making Case - practice server,,81,2026-02-01 08:08:20.086688,SMMR,25.74,25.56,25.69,2127900.0,1856600.0
,,,,,,81,2026-02-01 08:08:20.086688,ATMN,26.05,25.64,26.05,2418600.0,1325400.0
,,,,,,81,2026-02-01 08:08:20.086688,WNTR,25.32,25.38,25.41,2132200.0,1826600.0
2.0,1.0,1.0,,Aggregate Position Limit,Your CRO has set the aggregate position limit to 13000 shares for this week.,82,2026-02-01 08:08:21.109804,SPNG,25.39,25.39,25.77,2273400.0,2171500.0
1.0,1.0,1.0,,Welcome to the RITC 2026 Alogithmic Market Making Case - practice server,,82,2026-02-01 08:08:21.109804,SMMR,25.54,25.54,25.6,2004100.0,1849600.0
,,,,,,82,2026-02-01 08:08:21.109804,ATMN,25.64,25.64,25.67,2418600.0,1311600.0
,,,,,,82,2026-02-01 08:08:21.109804,WNTR,25.15,24.91,24.99,2134900.0,2042800.0
2.0,1.0,1.0,,Aggregate Position Limit,Your CRO has set the aggregate position limit to 13000 shares for this week.,83,2026-02-01 08:08:22.139802,SPNG,25.83,25.39,25.49,2273400.0,2175900.0
1.0,1.0,1.0,,Welcome to the RITC 2026 Alogithmic Market Making Case - practice server,,83,2026-02-01 08:08:22.139802,SMMR,25.55,25.55,25.76,2125700.0,1852700.0
,,,,,,83,2026-02-01 08:08:22.139802,ATMN,25.67,25.75,26.13,2380600.0,1207800.0
,,,,,,83,2026-02-01 08:08:22.139802,WNTR,24.99,25.05,25.41,2069800.0,1939200.0
2.0,1.0,1.0,,Aggregate Position Limit,Your CRO has set the aggregate position limit to 13000 shares for this week.,84,2026-02-01 08:08:23.184675,SPNG,25.37,25.37,25.83,2175900.0,2167000.0
1.0,1.0,1.0,,Welcome to the RITC 2026 Alogithmic Market Making Case - practice server,,84,2026-02-01 08:08:23.184675,SMMR,25.55,25.55,25.6,2243200.0,2053800.0
,,,,,,84,2026-02-01 08:08:23.184675,ATMN,25.98,25.52,25.98,2386500.0,1320600.0
,,,,,,84,2026-02-01 08:08:23.184675,WNTR,25.07,25.05,25.07,2043100.0,2044900.0
2.0,1.0,1.0,,Aggregate Position Limit,Your CRO has set the aggregate position limit to 13000 shares for this week.,85,2026-02-01 08:08:24.195135,SPNG,25.37,25.49,25.83,2405400.0,2150900.0
1.0,1.0,1.0,,Welcome to the RITC 2026 Alogithmic Market Making Case - practice server,,85,2026-02-01 08:08:24.195135,SMMR,25.6,25.62,25.72,2022400.0,1942800.0
,,,,,,85,2026-02-01 08:08:24.195135,ATMN,25.98,26.06,26.13,2339200.0,1395800.0
,,,,,,85,2026-02-01 08:08:24.195135,WNTR,25.41,25.05,25.41,2043100.0,1939200.0
2.0,1.0,1.0,,Aggregate Position Limit,Your CRO has set the aggregate position limit to 13000 shares for this week.,86,2026-02-01 08:08:25.213854,SPNG,25.65,25.71,25.84,2347800.0,2156400.0
1.0,1.0,1.0,,Welcome to the RITC 2026 Alogithmic Market Making Case - practice server,,86,2026-02-01 08:08:25.213854,SMMR,25.6,25.62,25.64,2022400.0,2015400.0
,,,,,,86,2026-02-01 08:08:25.213854,ATMN,25.79,26.01,26.13,2391900.0,1395800.0
,,,,,,86,2026-02-01 08:08:25.213854,WNTR,25.03,25.18,25.27,2054400.0,2034800.0
2.0,1.0,1.0,,Aggregate Position Limit,Your CRO has set the aggregate position limit to 13000 shares for this week.,87,2026-02-01 08:08:26.239658,SPNG,25.71,25.49,25.51,2342000.0,2112900.0
1.0,1.0,1.0,,Welcome to the RITC 2026 Alogithmic Market Making Case - practice server,,87,2026-02-01 08:08:26.239658,SMMR,25.47,25.47,25.57,1904500.0,2022200.0
,,,,,,87,2026-02-01 08:08:26.239658,ATMN,25.82,25.82,26.13,2373600.0,1395800.0
,,,,,,87,2026-02-01 08:08:26.239658,WNTR,25.18,25.03,25.07,2061000.0,2156300.0
2.0,1.0,1.0,,Aggregate Position Limit,Your CRO has set the aggregate position limit to 13000 shares for this week.,88,2026-02-01 08:08:27.260109,SPNG,25.84,25.66,25.84,2311500.0,2129000.0
1.0,1.0,1.0,,Welcome to the RITC 2026 Alogithmic Market Making Case - practice server,,88,2026-02-01 08:08:27.260109,SMMR,25.39,25.39,25.57,1598200.0,2022200.0
,,,,,,88,2026-02-01 08:08:27.260109,ATMN,26.14,25.45,26.14,2418500.0,1274700.0
,,,,,,88,2026-02-01 08:08:27.260109,WNTR,25.03,25.19,25.27,2037800.0,2149700.0
2.0,1.0,1.0,,Aggregate Position Limit,Your CRO has set the aggregate position limit to 13000 shares for this week.,89,2026-02-01 08:08:28.279652,SPNG,25.66,25.66,25.75,2311500.0,2118200.0
1.0,1.0,1.0,,Welcome to the RITC 2026 Alogithmic Market Making Case - practice server,,89,2026-02-01 08:08:28.279652,SMMR,25.48,25.48,25.49,1722900.0,2044600.0
,,,,,,89,2026-02-01 08:08:28.279652,ATMN,25.64,25.45,25.64,2361900.0,1398400.0
,,,,,,89,2026-02-01 08:08:28.279652,WNTR,25.03,24.91,24.99,2080700.0,2160700.0
2.0,1.0,1.0,,Aggregate Position Limit,Your CRO has set the aggregate position limit to 13000 shares for this week.,90,2026-02-01 08:08:29.318674,SPNG,25.37,25.37,25.71,2367100.0,2153200.0
1.0,1.0,1.0,,Welcome to the RITC 2026 Alogithmic Market Making Case - practice server,,90,2026-02-01 08:08:29.318674,SMMR,25.61,25.48,25.57,1839500.0,2029900.0
,,,,,,90,2026-02-01 08:08:29.318674,ATMN,26.18,25.55,26.18,2313600.0,1163600.0
,,,,,,90,2026-02-01 08:08:29.318674,WNTR,25.03,24.93,24.99,2095500.0,2160700.0
2.0,1.0,1.0,,Aggregate Position Limit,Your CRO has set the aggregate position limit to 13000 shares for this week.,91,2026-02-01 08:08:30.344592,SPNG,25.26,25.26,25.71,2440000.0,2153200.0
1.0,1.0,1.0,,Welcome to the RITC 2026 Alogithmic Market Making Case - practice server,,91,2026-02-01 08:08:30.344592,SMMR,25.64,25.39,25.64,1840800.0,2020000.0
,,,,,,91,2026-02-01 08:08:30.344592,ATMN,25.55,25.55,26.06,2313600.0,1379600.0
,,,,,,91,2026-02-01 08:08:30.344592,WNTR,24.99,25.2,25.24,2139500.0,2176700.0
2.0,1.0,1.0,,Aggregate Position Limit,Your CRO has set the aggregate position limit to 13000 shares for this week.,92,2026-02-01 08:08:31.368770,SPNG,25.75,25.37,25.75,2339500.0,2178900.0
1.0,1.0,1.0,,Welcome to the RITC 2026 Alogithmic Market Making Case - practice server,,92,2026-02-01 08:08:31.368770,SMMR,25.57,25.39,25.57,2034900.0,2056200.0
,,,,,,92,2026-02-01 08:08:31.368770,ATMN,26.06,25.55,26.06,2267700.0,1379600.0
,,,,,,92,2026-02-01 08:08:31.368770,WNTR,25.2,25.2,25.21,2139500.0,2173300.0
2.0,1.0,1.0,,Aggregate Position Limit,Your CRO has set the aggregate position limit to 13000 shares for this week.,93,2026-02-01 08:08:32.387034,SPNG,25.84,25.37,25.84,2262400.0,2161800.0
1.0,1.0,1.0,,Welcome to the RITC 2026 Alogithmic Market Making Case - practice server,,93,2026-02-01 08:08:32.387034,SMMR,25.57,25.44,25.57,2281000.0,2080900.0
,,,,,,93,2026-02-01 08:08:32.387034,ATMN,26.06,25.57,25.83,2270600.0,1511900.0
,,,,,,93,2026-02-01 08:08:32.387034,WNTR,25.05,25.05,25.21,2119600.0,2180700.0
2.0,1.0,1.0,,Aggregate Position Limit,Your CRO has set the aggregate position limit to 13000 shares for this week.,94,2026-02-01 08:08:33.407293,SPNG,25.89,25.37,25.89,2272100.0,2143400.0
1.0,1.0,1.0,,Welcome to the RITC 2026 Alogithmic Market Making Case - practice server,,94,2026-02-01 08:08:33.407293,SMMR,25.57,25.44,25.46,2244500.0,2099800.0
,,,,,,94,2026-02-01 08:08:33.407293,ATMN,26.09,25.57,26.09,2267000.0,1278200.0
,,,,,,94,2026-02-01 08:08:33.407293,WNTR,24.93,24.93,25.17,2095500.0,2247600.0
2.0,1.0,1.0,,Aggregate Position Limit,Your CRO has set the aggregate position limit to 13000 shares for this week.,95,2026-02-01 08:08:34.434583,SPNG,25.92,25.37,25.92,2277500.0,2159000.0
1.0,1.0,1.0,,Welcome to the RITC 2026 Alogithmic Market Making Case - practice server,,95,2026-02-01 08:08:34.434583,SMMR,25.44,25.44,25.57,2226300.0,2080900.0
,,,,,,95,2026-02-01 08:08:34.434583,ATMN,25.57,25.57,25.96,2267000.0,1390700.0
,,,,,,95,2026-02-01 08:08:34.434583,WNTR,25.14,25.14,25.17,2112800.0,2247600.0
2.0,1.0,1.0,,Aggregate Position Limit,Your CRO has set the aggregate position limit to 13000 shares for this week.,96,2026-02-01 08:08:35.449854,SPNG,25.92,25.37,25.55,2277500.0,2172000.0
1.0,1.0,1.0,,Welcome to the RITC 2026 Alogithmic Market Making Case - practice server,,96,2026-02-01 08:08:35.449854,SMMR,25.44,25.39,25.41,2155900.0,2091100.0
,,,,,,96,2026-02-01 08:08:35.449854,ATMN,25.89,25.67,25.71,2263700.0,1507900.0
,,,,,,96,2026-02-01 08:08:35.449854,WNTR,24.93,24.93,25.17,2095500.0,2247600.0
2.0,1.0,1.0,,Aggregate Position Limit,Your CRO has set the aggregate position limit to 13000 shares for this week.,97,2026-02-01 08:08:36.467399,SPNG,25.76,25.37,25.76,2272100.0,2185900.0
1.0,1.0,1.0,,Welcome to the RITC 2026 Alogithmic Market Making Case - practice server,,97,2026-02-01 08:08:36.467399,SMMR,25.57,25.59,25.64,2128000.0,2062900.0
,,,,,,97,2026-02-01 08:08:36.467399,ATMN,25.83,25.67,25.79,2263700.0,1501100.0
,,,,,,97,2026-02-01 08:08:36.467399,WNTR,25.2,25.16,25.2,2102600.0,2253500.0
2.0,1.0,1.0,,Aggregate Position Limit,Your CRO has set the aggregate position limit to 13000 shares for this week.,98,2026-02-01 08:08:37.484917,SPNG,25.87,25.37,25.87,2272100.0,2180300.0
1.0,1.0,1.0,,Welcome to the RITC 2026 Alogithmic Market Making Case - practice server,,98,2026-02-01 08:08:37.484917,SMMR,25.38,25.38,25.39,2168000.0,2104000.0
,,,,,,98,2026-02-01 08:08:37.484917,ATMN,25.78,25.67,25.78,2263700.0,1605400.0
,,,,,,98,2026-02-01 08:08:37.484917,WNTR,25.16,24.93,25.04,2095500.0,2226900.0
2.0,1.0,1.0,,Aggregate Position Limit,Your CRO has set the aggregate position limit to 13000 shares for this week.,99,2026-02-01 08:08:38.498260,SPNG,25.44,25.84,25.87,2254400.0,2180300.0
1.0,1.0,1.0,,Welcome to the RITC 2026 Alogithmic Market Making Case - practice server,,99,2026-02-01 08:08:38.498260,SMMR,25.39,25.35,25.39,2174800.0,2104000.0
,,,,,,99,2026-02-01 08:08:38.498260,ATMN,26.09,25.67,25.71,2263700.0,1741500.0
,,,,,,99,2026-02-01 08:08:38.498260,WNTR,25.16,24.94,25.04,2113000.0,2243000.0
2.0,1.0,1.0,,Aggregate Position Limit,Your CRO has set the aggregate position limit to 13000 shares for this week.,100,2026-02-01 08:08:39.537667,SPNG,25.84,25.37,25.73,2254400.0,2209800.0
1.0,1.0,1.0,,Welcome to the RITC 2026 Alogithmic Market Making Case - practice server,,100,2026-02-01 08:08:39.537667,SMMR,25.39,25.39,25.4,2200300.0,2080900.0
,,,,,,100,2026-02-01 08:08:39.537667,ATMN,25.71,25.67,25.71,2253100.0,1741500.0
,,,,,,100,2026-02-01 08:08:39.537667,WNTR,24.93,24.93,25.17,2118800.0,2243000.0
2.0,1.0,1.0,,Aggregate Position Limit,Your CRO has set the aggregate position limit to 13000 shares for this week.,102,2026-02-01 08:08:40.577975,SPNG,25.84,25.44,25.73,2243400.0,2209800.0
1.0,1.0,1.0,,Welcome to the RITC 2026 Alogithmic Market Making Case - practice server,,102,2026-02-01 08:08:40.577975,SMMR,25.39,25.39,25.4,2193400.0,2080900.0
,,,,,,102,2026-02-01 08:08:40.577975,ATMN,25.71,25.95,26.09,2240400.0,1743500.0
,,,,,,102,2026-02-01 08:08:40.577975,WNTR,24.96,25.01,25.17,2108700.0,2243000.0
2.0,1.0,1.0,,Aggregate Position Limit,Your CRO has set the aggregate position limit to 13000 shares for this week.,103,2026-02-01 08:08:41.609967,SPNG,25.73,25.59,25.73,2253200.0,2209800.0
1.0,1.0,1.0,,Welcome to the RITC 2026 Alogithmic Market Making Case - practice server,,103,2026-02-01 08:08:41.609967,SMMR,25.35,25.35,25.69,2166800.0,2027300.0
,,,,,,103,2026-02-01 08:08:41.609967,ATMN,25.57,25.57,25.89,2263200.0,1951900.0
,,,,,,103,2026-02-01 08:08:41.609967,WNTR,25.2,25.01,25.2,2119700.0,2257900.0
2.0,1.0,1.0,,Aggregate Position Limit,Your CRO has set the aggregate position limit to 13000 shares for this week.,104,2026-02-01 08:08:42.646103,SPNG,25.59,25.59,25.73,2226800.0,2200500.0
1.0,1.0,1.0,,Welcome to the RITC 2026 Alogithmic Market Making Case - practice server,,104,2026-02-01 08:08:42.646103,SMMR,25.35,25.43,25.69,2172100.0,2027300.0
,,,,,,104,2026-02-01 08:08:42.646103,ATMN,26.11,25.57,26.11,2229700.0,1709500.0
,,,,,,104,2026-02-01 08:08:42.646103,WNTR,25.02,25.01,25.02,2119700.0,2289700.0
2.0,1.0,1.0,,Aggregate Position Limit,Your CRO has set the aggregate position limit to 13000 shares for this week.,105,2026-02-01 08:08:43.678650,SPNG,25.59,25.59,25.73,2241800.0,2200500.0
1.0,1.0,1.0,,Welcome to the RITC 2026 Alogithmic Market Making Case - practice server,,105,2026-02-01 08:08:43.678650,SMMR,25.35,25.43,25.47,2172100.0,2041200.0
,,,,,,105,2026-02-01 08:08:43.678650,ATMN,25.54,25.54,26.11,2195800.0,1709500.0
,,,,,,105,2026-02-01 08:08:43.678650,WNTR,25.21,25.01,25.15,2119700.0,2239500.0
2.0,1.0,1.0,,Aggregate Position Limit,Your CRO has set the aggregate position limit to 13000 shares for this week.,106,2026-02-01 08:08:44.694881,SPNG,25.59,25.59,25.73,2241800.0,2198700.0
1.0,1.0,1.0,,Welcome to the RITC 2026 Alogithmic Market Making Case - practice server,,106,2026-02-01 08:08:44.694881,SMMR,25.43,25.35,25.41,2197800.0,2073400.0
,,,,,,106,2026-02-01 08:08:44.694881,ATMN,25.53,25.53,25.96,2203200.0,1941500.0
,,,,,,106,2026-02-01 08:08:44.694881,WNTR,25.1,25.1,25.15,2098800.0,2239500.0
2.0,1.0,1.0,,Aggregate Position Limit,Your CRO has set the aggregate position limit to 13000 shares for this week.,107,2026-02-01 08:08:45.731448,SPNG,25.59,25.59,25.73,2241800.0,2198700.0
1.0,1.0,1.0,,Welcome to the RITC 2026 Alogithmic Market Making Case - practice server,,107,2026-02-01 08:08:45.731448,SMMR,25.47,25.47,25.52,2182200.0,2050300.0
,,,,,,107,2026-02-01 08:08:45.731448,ATMN,25.53,25.94,25.96,2190900.0,2061000.0
,,,,,,107,2026-02-01 08:08:45.731448,WNTR,25.1,25.13,25.15,2087000.0,2239500.0
2.0,1.0,1.0,,Aggregate Position Limit,Your CRO has set the aggregate position limit to 13000 shares for this week.,108,2026-02-01 08:08:46.765335,SPNG,25.8,25.59,25.8,2210900.0,2197900.0
1.0,1.0,1.0,,Welcome to the RITC 2026 Alogithmic Market Making Case - practice server,,108,2026-02-01 08:08:46.765335,SMMR,25.39,25.49,25.52,2212100.0,2080200.0
,,,,,,108,2026-02-01 08:08:46.765335,ATMN,25.5,25.5,25.96,2209300.0,2085900.0
,,,,,,108,2026-02-01 08:08:46.765335,WNTR,25.13,25.13,25.15,2110500.0,2222600.0
2.0,1.0,1.0,,Aggregate Position Limit,Your CRO has set the aggregate position limit to 13000 shares for this week.,109,2026-02-01 08:08:47.795984,SPNG,25.35,25.35,25.8,2227700.0,2216100.0
1.0,1.0,1.0,,Welcome to the RITC 2026 Alogithmic Market Making Case - practice server,,109,2026-02-01 08:08:47.795984,SMMR,25.53,25.49,25.53,2201000.0,2119800.0
,,,,,,109,2026-02-01 08:08:47.795984,ATMN,25.5,25.5,25.96,2196700.0,2101000.0
,,,,,,109,2026-02-01 08:08:47.795984,WNTR,25.13,25.13,25.15,2110500.0,2233400.0
2.0,1.0,1.0,,Aggregate Position Limit,Your CRO has set the aggregate position limit to 13000 shares for this week.,110,2026-02-01 08:08:48.817469,SPNG,25.35,25.35,25.8,2244400.0,2216100.0
1.0,1.0,1.0,,Welcome to the RITC 2026 Alogithmic Market Making Case - practice server,,110,2026-02-01 08:08:48.817469,SMMR,25.54,25.49,25.54,2160200.0,2093600.0
,,,,,,110,2026-02-01 08:08:48.817469,ATMN,25.5,25.5,25.86,2196700.0,2147300.0
,,,,,,110,2026-02-01 08:08:48.817469,WNTR,25.16,25.13,25.16,2077700.0,2253700.0
2.0,1.0,1.0,,Aggregate Position Limit,Your CRO has set the aggregate position limit to 13000 shares for this week.,111,2026-02-01 08:08:49.844291,SPNG,25.84,25.57,25.84,2243600.0,2192400.0
1.0,1.0,1.0,,Welcome to the RITC 2026 Alogithmic Market Making Case - practice server,,111,2026-02-01 08:08:49.844291,SMMR,25.55,25.49,25.55,2142300.0,2097100.0
,,,,,,111,2026-02-01 08:08:49.844291,ATMN,25.86,25.5,25.69,2196700.0,2169900.0
,,,,,,111,2026-02-01 08:08:49.844291,WNTR,25.16,25.2,25.21,2065900.0,2250300.0
2.0,1.0,1.0,,Aggregate Position Limit,Your CRO has set the aggregate position limit to 13000 shares for this week.,112,2026-02-01 08:08:50.865483,SPNG,25.84,25.57,25.84,2243600.0,2207500.0
1.0,1.0,1.0,,Welcome to the RITC 2026 Alogithmic Market Making Case - practice server,,112,2026-02-01 08:08:50.865483,SMMR,25.45,25.48,25.55,2134500.0,2097100.0
,,,,,,112,2026-02-01 08:08:50.865483,ATMN,25.82,25.5,25.72,2200200.0,2150600.0
,,,,,,112,2026-02-01 08:08:50.865483,WNTR,25.21,25.2,25.21,2103900.0,2246300.0
2.0,1.0,1.0,,Aggregate Position Limit,Your CRO has set the aggregate position limit to 13000 shares for this week.,113,2026-02-01 08:08:51.886748,SPNG,25.57,25.57,25.84,2243600.0,2207500.0
1.0,1.0,1.0,,Welcome to the RITC 2026 Alogithmic Market Making Case - practice server,,113,2026-02-01 08:08:51.886748,SMMR,25.54,25.45,25.46,2144000.0,2092200.0
,,,,,,113,2026-02-01 08:08:51.886748,ATMN,25.72,25.85,25.86,2223300.0,2147300.0
,,,,,,113,2026-02-01 08:08:51.886748,WNTR,25.21,25.2,25.21,2103900.0,2234800.0
2.0,1.0,1.0,,Aggregate Position Limit,Your CRO has set the aggregate position limit to 13000 shares for this week.,114,2026-02-01 08:08:52.907379,SPNG,25.35,25.35,25.84,2207200.0,2207500.0
1.0,1.0,1.0,,Welcome to the RITC 2026 Alogithmic Market Making Case - practice server,,114,2026-02-01 08:08:52.907379,SMMR,25.47,25.45,25.47,2124500.0,2101200.0
,,,,,,114,2026-02-01 08:08:52.907379,ATMN,25.85,25.54,25.68,2216000.0,2215200.0
,,,,,,114,2026-02-01 08:08:52.907379,WNTR,25.13,25.13,25.24,2100600.0,2225800.0
2.0,1.0,1.0,,Aggregate Position Limit,Your CRO has set the aggregate position limit to 13000 shares for this week.,115,2026-02-01 08:08:53.949802,SPNG,25.9,25.35,25.83,2207200.0,2228900.0
1.0,1.0,1.0,,Welcome to the RITC 2026 Alogithmic Market Making Case - practice server,,115,2026-02-01 08:08:53.949802,SMMR,25.58,25.41,25.58,2142400.0,2096100.0
,,,,,,115,2026-02-01 08:08:53.949802,ATMN,25.85,25.54,25.68,2249400.0,2215200.0
,,,,,,115,2026-02-01 08:08:53.949802,WNTR,25.27,25.17,25.27,2111600.0,2217800.0
2.0,1.0,1.0,,Aggregate Position Limit,Your CRO has set the aggregate position limit to 13000 shares for this week.,116,2026-02-01 08:08:55.004839,SPNG,25.83,25.72,25.83,2177300.0,2228900.0
1.0,1.0,1.0,,Welcome to the RITC 2026 Alogithmic Market Making Case - practice server,,116,2026-02-01 08:08:55.004839,SMMR,25.58,25.51,25.58,2134000.0,2096100.0
,,,,,,116,2026-02-01 08:08:55.004839,ATMN,25.7,25.54,25.61,2249400.0,2250600.0
,,,,,,116,2026-02-01 08:08:55.004839,WNTR,25.29,25.17,25.29,2111600.0,2270300.0
2.0,1.0,1.0,,Aggregate Position Limit,Your CRO has set the aggregate position limit to 13000 shares for this week.,117,2026-02-01 08:08:56.041793,SPNG,25.47,25.57,25.83,2202100.0,2228900.0
1.0,1.0,1.0,,Welcome to the RITC 2026 Alogithmic Market Making Case - practice server,,117,2026-02-01 08:08:56.041793,SMMR,25.58,25.55,25.58,2131600.0,2061100.0
,,,,,,117,2026-02-01 08:08:56.041793,ATMN,25.87,25.79,25.87,2254200.0,2226400.0
,,,,,,117,2026-02-01 08:08:56.041793,WNTR,25.31,25.31,25.33,2108500.0,2245100.0
2.0,1.0,1.0,,Aggregate Position Limit,Your CRO has set the aggregate position limit to 13000 shares for this week.,118,2026-02-01 08:08:57.061842,SPNG,25.41,25.66,25.73,2172500.0,2243800.0
1.0,1.0,1.0,,Welcome to the RITC 2026 Alogithmic Market Making Case - practice server,,118,2026-02-01 08:08:57.061842,SMMR,25.5,25.5,25.56,2121600.0,2102900.0
,,,,,,118,2026-02-01 08:08:57.061842,ATMN,25.87,25.79,25.81,2254200.0,2296700.0
,,,,,,118,2026-02-01 08:08:57.061842,WNTR,25.31,25.31,25.33,2108500.0,2249000.0
2.0,1.0,1.0,,Aggregate Position Limit,Your CRO has set the aggregate position limit to 13000 shares for this week.,119,2026-02-01 08:08:58.088996,SPNG,25.73,25.66,25.73,2165600.0,2243800.0
1.0,1.0,1.0,,Welcome to the RITC 2026 Alogithmic Market Making Case - practice server,,119,2026-02-01 08:08:58.088996,SMMR,25.4,25.4,25.56,2163600.0,2102900.0
,,,,,,119,2026-02-01 08:08:58.088996,ATMN,25.78,25.78,25.81,2264500.0,2296700.0
,,,,,,119,2026-02-01 08:08:58.088996,WNTR,25.29,25.17,25.29,2111600.0,2219500.0
2.0,1.0,1.0,,Aggregate Position Limit,Your CRO has set the aggregate position limit to 13000 shares for this week.,120,2026-02-01 08:08:59.119901,SPNG,24.14,24.14,24.56,930000.0,827800.0
1.0,1.0,1.0,,Welcome to the RITC 2026 Alogithmic Market Making Case - practice server,,120,2026-02-01 08:08:59.119901,SMMR,25.4,23.66,24.1,871400.0,969400.0
,,,,,,120,2026-02-01 08:08:59.119901,ATMN,30.85,27.76,28.49,759000.0,713500.0
,,,,,,120,2026-02-01 08:08:59.119901,WNTR,25.82,25.82,25.88,738700.0,566400.0
2.0,1.0,1.0,,Aggregate Position Limit,Your CRO has set the aggregate position limit to 13000 shares for this week.,121,2026-02-01 08:09:00.148783,SPNG,24.12,22.94,23.66,1017400.0,1065800.0
1.0,1.0,1.0,,Welcome to the RITC 2026 Alogithmic Market Making Case - practice server,,121,2026-02-01 08:09:00.148783,SMMR,23.66,23.66,23.96,871400.0,1211700.0
,,,,,,121,2026-02-01 08:09:00.148783,ATMN,27.4,27.4,27.91,873400.0,919400.0
,,,,,,121,2026-02-01 08:09:00.148783,WNTR,25.82,25.58,25.67,1086900.0,745700.0
2.0,1.0,1.0,,Aggregate Position Limit,Your CRO has set the aggregate position limit to 13000 shares for this week.,122,2026-02-01 08:09:01.174094,SPNG,24.56,24.25,24.56,1234400.0,1051700.0
1.0,1.0,1.0,,Welcome to the RITC 2026 Alogithmic Market Making Case - practice server,,122,2026-02-01 08:09:01.174094,SMMR,23.66,23.41,23.57,862200.0,1638000.0
,,,,,,122,2026-02-01 08:09:01.174094,ATMN,27.4,27.06,27.15,877200.0,1239100.0
,,,,,,122,2026-02-01 08:09:01.174094,WNTR,25.88,25.83,25.88,1391800.0,764200.0
2.0,1.0,1.0,,Aggregate Position Limit,Your CRO has set the aggregate position limit to 13000 shares for this week.,123,2026-02-01 08:09:02.204673,SPNG,23.16,23.7,24.56,1477300.0,1051700.0
1.0,1.0,1.0,,Welcome to the RITC 2026 Alogithmic Market Making Case - practice server,,123,2026-02-01 08:09:02.204673,SMMR,23.41,23.41,23.57,862200.0,1890300.0
,,,,,,123,2026-02-01 08:09:02.204673,ATMN,27.4,27.06,27.07,877200.0,1531700.0
,,,,,,123,2026-02-01 08:09:02.204673,WNTR,25.79,25.79,25.88,1495500.0,764200.0
2.0,1.0,1.0,,Aggregate Position Limit,Your CRO has set the aggregate position limit to 13000 shares for this week.,124,2026-02-01 08:09:03.234831,SPNG,24.37,24.37,24.56,1741100.0,1051700.0
1.0,1.0,1.0,,Welcome to the RITC 2026 Alogithmic Market Making Case - practice server,,124,2026-02-01 08:09:03.234831,SMMR,23.41,23.41,23.43,874300.0,2123900.0
,,,,,,124,2026-02-01 08:09:03.234831,ATMN,26.36,26.36,26.39,933000.0,1856000.0
,,,,,,124,2026-02-01 08:09:03.234831,WNTR,26.13,25.79,26.13,1711500.0,759000.0
2.0,1.0,1.0,,Aggregate Position Limit,Your CRO has set the aggregate position limit to 13000 shares for this week.,125,2026-02-01 08:09:04.249583,SPNG,23.37,23.94,24.56,1580000.0,1152100.0
1.0,1.0,1.0,,Welcome to the RITC 2026 Alogithmic Market Making Case - practice server,,125,2026-02-01 08:09:04.249583,SMMR,23.43,23.41,23.43,1012400.0,2282000.0
,,,,,,125,2026-02-01 08:09:04.249583,ATMN,26.39,26.5,27.02,1068300.0,1744500.0
,,,,,,125,2026-02-01 08:09:04.249583,WNTR,26.13,25.87,26.06,1933700.0,935600.0
2.0,1.0,1.0,,Aggregate Position Limit,Your CRO has set the aggregate position limit to 13000 shares for this week.,126,2026-02-01 08:09:05.275033,SPNG,24.26,23.94,24.26,1788900.0,1283200.0
1.0,1.0,1.0,,Welcome to the RITC 2026 Alogithmic Market Making Case - practice server,,126,2026-02-01 08:09:05.275033,SMMR,23.37,23.46,23.49,1021500.0,2269900.0
,,,,,,126,2026-02-01 08:09:05.275033,ATMN,26.32,26.32,26.57,1105700.0,1991500.0
,,,,,,126,2026-02-01 08:09:05.275033,WNTR,26.06,25.9,26.06,1941500.0,935600.0
2.0,1.0,1.0,,Aggregate Position Limit,Your CRO has set the aggregate position limit to 13000 shares for this week.,127,2026-02-01 08:09:06.297852,SPNG,23.94,23.94,24.56,1887200.0,1152100.0
1.0,1.0,1.0,,Welcome to the RITC 2026 Alogithmic Market Making Case - practice server,,127,2026-02-01 08:09:06.297852,SMMR,23.57,23.46,23.57,1021500.0,2144700.0
,,,,,,127,2026-02-01 08:09:06.297852,ATMN,26.32,26.02,26.06,978200.0,2103400.0
,,,,,,127,2026-02-01 08:09:06.297852,WNTR,25.99,26.0,26.04,2115700.0,1036900.0
2.0,1.0,1.0,,Aggregate Position Limit,Your CRO has set the aggregate position limit to 13000 shares for this week.,128,2026-02-01 08:09:07.321823,SPNG,23.71,23.37,23.51,1934900.0,1264200.0
1.0,1.0,1.0,,Welcome to the RITC 2026 Alogithmic Market Making Case - practice server,,128,2026-02-01 08:09:07.321823,SMMR,23.46,23.46,23.57,1217700.0,2250900.0
,,,,,,128,2026-02-01 08:09:07.321823,ATMN,26.42,26.26,26.42,1312400.0,2059000.0
,,,,,,128,2026-02-01 08:09:07.321823,WNTR,25.87,25.87,26.13,1918800.0,931200.0
2.0,1.0,1.0,,Aggregate Position Limit,Your CRO has set the aggregate position limit to 13000 shares for this week.,129,2026-02-01 08:09:08.340184,SPNG,24.6,24.19,24.6,2141500.0,930100.0
1.0,1.0,1.0,,Welcome to the RITC 2026 Alogithmic Market Making Case - practice server,,129,2026-02-01 08:09:08.340184,SMMR,23.68,23.48,23.65,1319500.0,2138000.0
,,,,,,129,2026-02-01 08:09:08.340184,ATMN,26.42,26.26,26.28,1401600.0,2132100.0
,,,,,,129,2026-02-01 08:09:08.340184,WNTR,25.87,25.87,25.97,2002900.0,1116600.0
2.0,1.0,1.0,,Aggregate Position Limit,Your CRO has set the aggregate position limit to 13000 shares for this week.,130,2026-02-01 08:09:09.374727,SPNG,23.42,23.42,24.6,2151400.0,1030100.0
1.0,1.0,1.0,,Welcome to the RITC 2026 Alogithmic Market Making Case - practice server,,130,2026-02-01 08:09:09.374727,SMMR,23.43,23.53,23.65,1278600.0,2138000.0
,,,,,,130,2026-02-01 08:09:09.374727,ATMN,26.28,26.26,26.28,1721000.0,2132100.0
,,,,,,130,2026-02-01 08:09:09.374727,WNTR,25.97,25.87,25.97,2100400.0,1300000.0
2.0,1.0,1.0,,Aggregate Position Limit,Your CRO has set the aggregate position limit to 13000 shares for this week.,131,2026-02-01 08:09:10.409435,SPNG,24.0,24.12,24.6,2268200.0,1030100.0
1.0,1.0,1.0,,Welcome to the RITC 2026 Alogithmic Market Making Case - practice server,,131,2026-02-01 08:09:10.409435,SMMR,23.53,23.37,23.44,1236600.0,2236400.0
,,,,,,131,2026-02-01 08:09:10.409435,ATMN,26.23,26.23,26.46,1748500.0,2053800.0
,,,,,,131,2026-02-01 08:09:10.409435,WNTR,25.86,25.86,25.97,1984000.0,1589000.0
2.0,1.0,1.0,,Aggregate Position Limit,Your CRO has set the aggregate position limit to 13000 shares for this week.,132,2026-02-01 08:09:11.439252,SPNG,23.37,23.37,24.64,2042800.0,829700.0
1.0,1.0,1.0,,Welcome to the RITC 2026 Alogithmic Market Making Case - practice server,,132,2026-02-01 08:09:11.439252,SMMR,23.37,23.29,23.37,1225200.0,2259100.0
,,,,,,132,2026-02-01 08:09:11.439252,ATMN,26.46,26.46,26.57,1866500.0,2155000.0
,,,,,,132,2026-02-01 08:09:11.439252,WNTR,25.99,25.86,25.99,2011100.0,1586400.0
2.0,1.0,1.0,,Aggregate Position Limit,Your CRO has set the aggregate position limit to 13000 shares for this week.,133,2026-02-01 08:09:12.462421,SPNG,24.33,24.3,24.33,2135300.0,921900.0
1.0,1.0,1.0,,Welcome to the RITC 2026 Alogithmic Market Making Case - practice server,,133,2026-02-01 08:09:12.462421,SMMR,23.44,23.48,23.65,1438600.0,2138000.0
,,,,,,133,2026-02-01 08:09:12.462421,ATMN,26.22,26.22,26.57,1634500.0,2165700.0
,,,,,,133,2026-02-01 08:09:12.462421,WNTR,26.04,26.05,26.13,2121000.0,1283600.0
2.0,1.0,1.0,,Aggregate Position Limit,Your CRO has set the aggregate position limit to 13000 shares for this week.,134,2026-02-01 08:09:13.479102,SPNG,24.3,23.37,24.1,2042800.0,1058500.0
1.0,1.0,1.0,,Welcome to the RITC 2026 Alogithmic Market Making Case - practice server,,134,2026-02-01 08:09:13.479102,SMMR,23.29,23.29,23.65,1330200.0,2313900.0
,,,,,,134,2026-02-01 08:09:13.479102,ATMN,26.22,26.22,26.57,1637900.0,2165700.0
,,,,,,134,2026-02-01 08:09:13.479102,WNTR,25.86,25.79,25.81,2003900.0,1588100.0
2.0,1.0,1.0,,Aggregate Position Limit,Your CRO has set the aggregate position limit to 13000 shares for this week.,135,2026-02-01 08:09:14.511623,SPNG,24.1,24.3,24.59,2446100.0,926200.0
1.0,1.0,1.0,,Welcome to the RITC 2026 Alogithmic Market Making Case - practice server,,135,2026-02-01 08:09:14.511623,SMMR,23.65,23.29,23.65,1330200.0,2286000.0
,,,,,,135,2026-02-01 08:09:14.511623,ATMN,26.57,26.22,26.57,1894900.0,2165700.0
,,,,,,135,2026-02-01 08:09:14.511623,WNTR,25.66,25.66,25.81,1808400.0,1588100.0
2.0,1.0,1.0,,Aggregate Position Limit,Your CRO has set the aggregate position limit to 13000 shares for this week.,136,2026-02-01 08:09:15.536386,SPNG,24.03,24.03,24.59,2335200.0,1131600.0
1.0,1.0,1.0,,Welcome to the RITC 2026 Alogithmic Market Making Case - practice server,,136,2026-02-01 08:09:15.536386,SMMR,23.65,23.29,23.65,1460400.0,2335900.0
,,,,,,136,2026-02-01 08:09:15.536386,ATMN,26.41,26.32,26.41,2017900.0,2189600.0
,,,,,,136,2026-02-01 08:09:15.536386,WNTR,25.96,25.76,25.88,1905100.0,1567900.0
2.0,1.0,1.0,,Aggregate Position Limit,Your CRO has set the aggregate position limit to 13000 shares for this week.,137,2026-02-01 08:09:16.572605,SPNG,24.03,24.03,24.59,2440900.0,1320900.0
1.0,1.0,1.0,,Welcome to the RITC 2026 Alogithmic Market Making Case - practice server,,137,2026-02-01 08:09:16.572605,SMMR,23.27,23.27,23.65,1379000.0,2335900.0
,,,,,,137,2026-02-01 08:09:16.572605,ATMN,26.32,26.32,26.59,2106500.0,2130300.0
,,,,,,137,2026-02-01 08:09:16.572605,WNTR,26.0,25.79,26.0,1996500.0,1475800.0
2.0,1.0,1.0,,Aggregate Position Limit,Your CRO has set the aggregate position limit to 13000 shares for this week.,138,2026-02-01 08:09:17.605051,SPNG,24.03,24.3,24.47,2540500.0,1641300.0
1.0,1.0,1.0,,Welcome to the RITC 2026 Alogithmic Market Making Case - practice server,,138,2026-02-01 08:09:17.605051,SMMR,23.68,23.24,23.68,1178000.0,2307900.0
,,,,,,138,2026-02-01 08:09:17.605051,ATMN,26.35,26.32,26.35,2106500.0,2122900.0
,,,,,,138,2026-02-01 08:09:17.605051,WNTR,25.76,25.96,26.0,2004500.0,1564200.0
2.0,1.0,1.0,,Aggregate Position Limit,Your CRO has set the aggregate position limit to 13000 shares for this week.,139,2026-02-01 08:09:18.627998,SPNG,24.3,24.03,24.2,2440900.0,1556600.0
1.0,1.0,1.0,,Welcome to the RITC 2026 Alogithmic Market Making Case - practice server,,139,2026-02-01 08:09:18.627998,SMMR,23.68,23.32,23.38,1406300.0,2287600.0
,,,,,,139,2026-02-01 08:09:18.627998,ATMN,26.65,26.58,26.65,2195000.0,2106000.0
,,,,,,139,2026-02-01 08:09:18.627998,WNTR,25.66,25.58,25.64,1835100.0,1752000.0
2.0,1.0,1.0,,Aggregate Position Limit,Your CRO has set the aggregate position limit to 13000 shares for this week.,140,2026-02-01 08:09:19.641198,SPNG,24.3,24.03,24.2,2430300.0,1556600.0
1.0,1.0,1.0,,Welcome to the RITC 2026 Alogithmic Market Making Case - practice server,,140,2026-02-01 08:09:19.641198,SMMR,23.32,23.32,23.68,1406300.0,2340300.0
,,,,,,140,2026-02-01 08:09:19.641198,ATMN,26.27,26.22,26.26,1894900.0,2122900.0
,,,,,,140,2026-02-01 08:09:19.641198,WNTR,26.04,25.58,26.04,1835100.0,1478300.0
2.0,1.0,1.0,,Aggregate Position Limit,Your CRO has set the aggregate position limit to 13000 shares for this week.,141,2026-02-01 08:09:20.663016,SPNG,24.53,24.03,24.28,2404100.0,1548500.0
1.0,1.0,1.0,,Welcome to the RITC 2026 Alogithmic Market Making Case - practice server,,141,2026-02-01 08:09:20.663016,SMMR,23.32,23.32,23.56,1406300.0,2340900.0
,,,,,,141,2026-02-01 08:09:20.663016,ATMN,26.34,26.42,26.65,2319600.0,2123800.0
,,,,,,141,2026-02-01 08:09:20.663016,WNTR,26.04,25.95,25.96,2037500.0,1571900.0
2.0,1.0,1.0,,Aggregate Position Limit,Your CRO has set the aggregate position limit to 13000 shares for this week.,142,2026-02-01 08:09:21.691709,SPNG,24.28,24.48,24.5,2371800.0,1660300.0
1.0,1.0,1.0,,Welcome to the RITC 2026 Alogithmic Market Making Case - practice server,,142,2026-02-01 08:09:21.691709,SMMR,23.32,23.32,23.5,1630300.0,2357900.0
,,,,,,142,2026-02-01 08:09:21.691709,ATMN,26.34,26.42,26.55,2282900.0,2117500.0
,,,,,,142,2026-02-01 08:09:21.691709,WNTR,25.95,25.76,25.93,2026500.0,1562800.0
2.0,1.0,1.0,,Aggregate Position Limit,Your CRO has set the aggregate position limit to 13000 shares for this week.,143,2026-02-01 08:09:22.724251,SPNG,24.03,24.03,24.5,2370700.0,1660300.0
1.0,1.0,1.0,,Welcome to the RITC 2026 Alogithmic Market Making Case - practice server,,143,2026-02-01 08:09:22.724251,SMMR,23.31,23.31,23.48,1514300.0,2346100.0
,,,,,,143,2026-02-01 08:09:22.724251,ATMN,26.3,26.3,26.53,2330200.0,2115900.0
,,,,,,143,2026-02-01 08:09:22.724251,WNTR,25.76,25.58,25.68,2036700.0,1478300.0
2.0,1.0,1.0,,Aggregate Position Limit,Your CRO has set the aggregate position limit to 13000 shares for this week.,145,2026-02-01 08:09:23.784558,SPNG,24.6,24.23,24.6,2340800.0,1533200.0
1.0,1.0,1.0,,Welcome to the RITC 2026 Alogithmic Market Making Case - practice server,,145,2026-02-01 08:09:23.784558,SMMR,23.41,23.31,23.4,1514300.0,2379200.0
,,,,,,145,2026-02-01 08:09:23.784558,ATMN,26.63,26.3,26.63,2330200.0,2138400.0
,,,,,,145,2026-02-01 08:09:23.784558,WNTR,25.93,25.93,25.98,2151900.0,1648600.0
2.0,1.0,1.0,,Aggregate Position Limit,Your CRO has set the aggregate position limit to 13000 shares for this week.,146,2026-02-01 08:09:24.901129,SPNG,24.62,23.95,24.62,2359400.0,1624500.0
1.0,1.0,1.0,,Welcome to the RITC 2026 Alogithmic Market Making Case - practice server,,146,2026-02-01 08:09:24.901129,SMMR,23.14,23.36,23.4,1395300.0,2379200.0
,,,,,,146,2026-02-01 08:09:24.901129,ATMN,26.22,26.22,26.63,2200100.0,2132300.0
,,,,,,146,2026-02-01 08:09:24.901129,WNTR,25.86,25.74,25.86,2137000.0,1768600.0
2.0,1.0,1.0,,Aggregate Position Limit,Your CRO has set the aggregate position limit to 13000 shares for this week.,147,2026-02-01 08:09:25.928427,SPNG,24.62,23.95,24.62,2347600.0,1725100.0
1.0,1.0,1.0,,Welcome to the RITC 2026 Alogithmic Market Making Case - practice server,,147,2026-02-01 08:09:25.928427,SMMR,23.41,23.41,23.48,1518500.0,2358300.0
,,,,,,147,2026-02-01 08:09:25.928427,ATMN,26.38,26.29,26.38,2303000.0,2161600.0
,,,,,,147,2026-02-01 08:09:25.928427,WNTR,25.86,25.88,25.98,2135400.0,1648600.0
2.0,1.0,1.0,,Aggregate Position Limit,Your CRO has set the aggregate position limit to 13000 shares for this week.,148,2026-02-01 08:09:26.957652,SPNG,24.63,23.95,24.63,2317600.0,1607700.0
1.0,1.0,1.0,,Welcome to the RITC 2026 Alogithmic Market Making Case - practice server,,148,2026-02-01 08:09:26.957652,SMMR,23.28,23.28,23.43,1293400.0,2356000.0
,,,,,,148,2026-02-01 08:09:26.957652,ATMN,26.46,26.33,26.35,2263300.0,2142400.0
,,,,,,148,2026-02-01 08:09:26.957652,WNTR,25.98,26.01,26.04,2127300.0,1565000.0
2.0,1.0,1.0,,Aggregate Position Limit,Your CRO has set the aggregate position limit to 13000 shares for this week.,149,2026-02-01 08:09:27.989822,SPNG,24.64,24.39,24.64,2312400.0,1516800.0
1.0,1.0,1.0,,Welcome to the RITC 2026 Alogithmic Market Making Case - practice server,,149,2026-02-01 08:09:27.989822,SMMR,23.14,23.23,23.43,1581600.0,2356000.0
,,,,,,149,2026-02-01 08:09:27.989822,ATMN,26.7,26.25,26.7,2287600.0,2091900.0
,,,,,,149,2026-02-01 08:09:27.989822,WNTR,26.04,25.69,26.04,2136700.0,1656500.0
2.0,1.0,1.0,,Aggregate Position Limit,Your CRO has set the aggregate position limit to 13000 shares for this week.,150,2026-02-01 08:09:29.006623,SPNG,24.64,24.58,24.64,2318100.0,1825600.0
1.0,1.0,1.0,,Welcome to the RITC 2026 Alogithmic Market Making Case - practice server,,150,2026-02-01 08:09:29.006623,SMMR,23.24,23.3,23.43,1674800.0,2356000.0
,,,,,,150,2026-02-01 08:09:29.006623,ATMN,26.38,26.38,26.7,2248200.0,2088500.0
,,,,,,150,2026-02-01 08:09:29.006623,WNTR,26.05,25.69,25.76,2136700.0,1671700.0
2.0,1.0,1.0,,Aggregate Position Limit,Your CRO has set the aggregate position limit to 13000 shares for this week.,151,2026-02-01 08:09:30.030050,SPNG,24.58,24.39,24.4,2312400.0,2020200.0
1.0,1.0,1.0,,Welcome to the RITC 2026 Alogithmic Market Making Case - practice server,,151,2026-02-01 08:09:30.030050,SMMR,23.24,23.3,23.43,1674800.0,2354000.0
,,,,,,151,2026-02-01 08:09:30.030050,ATMN,26.38,26.25,26.28,2199300.0,2079100.0
,,,,,,151,2026-02-01 08:09:30.030050,WNTR,25.76,25.69,25.76,2130700.0,1753000.0
2.0,1.0,1.0,,Aggregate Position Limit,Your CRO has set the aggregate position limit to 13000 shares for this week.,152,2026-02-01 08:09:31.070305,SPNG,24.64,24.39,24.6,2312400.0,2064900.0
1.0,1.0,1.0,,Welcome to the RITC 2026 Alogithmic Market Making Case - practice server,,152,2026-02-01 08:09:31.070305,SMMR,23.23,23.23,23.43,1700600.0,2348700.0
,,,,,,152,2026-02-01 08:09:31.070305,ATMN,26.3,26.25,26.3,2199300.0,2100200.0
,,,,,,152,2026-02-01 08:09:31.070305,WNTR,25.76,26.02,26.05,2065200.0,1656000.0
2.0,1.0,1.0,,Aggregate Position Limit,Your CRO has set the aggregate position limit to 13000 shares for this week.,153,2026-02-01 08:09:32.123239,SPNG,24.1,24.45,24.6,2297100.0,2080100.0
1.0,1.0,1.0,,Welcome to the RITC 2026 Alogithmic Market Making Case - practice server,,153,2026-02-01 08:09:32.123239,SMMR,23.12,23.26,23.35,1558100.0,2351700.0
,,,,,,153,2026-02-01 08:09:32.123239,ATMN,26.22,26.22,26.78,2219100.0,2082800.0
,,,,,,153,2026-02-01 08:09:32.123239,WNTR,26.02,25.69,25.85,2084100.0,1887900.0
2.0,1.0,1.0,,Aggregate Position Limit,Your CRO has set the aggregate position limit to 13000 shares for this week.,154,2026-02-01 08:09:33.156532,SPNG,24.45,24.1,24.18,2294900.0,2102100.0
1.0,1.0,1.0,,Welcome to the RITC 2026 Alogithmic Market Making Case - practice server,,154,2026-02-01 08:09:33.156532,SMMR,23.35,23.12,23.35,1451300.0,2351700.0
,,,,,,154,2026-02-01 08:09:33.156532,ATMN,26.28,26.24,26.28,2210200.0,2114800.0
,,,,,,154,2026-02-01 08:09:33.156532,WNTR,25.76,25.69,25.76,2084100.0,1874100.0
2.0,1.0,1.0,,Aggregate Position Limit,Your CRO has set the aggregate position limit to 13000 shares for this week.,155,2026-02-01 08:09:34.188025,SPNG,24.6,24.19,24.44,2304800.0,2109200.0
1.0,1.0,1.0,,Welcome to the RITC 2026 Alogithmic Market Making Case - practice server,,155,2026-02-01 08:09:34.188025,SMMR,23.35,23.14,23.35,1785900.0,2351700.0
,,,,,,155,2026-02-01 08:09:34.188025,ATMN,26.53,26.24,26.43,2210200.0,2108200.0
,,,,,,155,2026-02-01 08:09:34.188025,WNTR,26.05,25.65,25.96,2065400.0,1757200.0
2.0,1.0,1.0,,Aggregate Position Limit,Your CRO has set the aggregate position limit to 13000 shares for this week.,156,2026-02-01 08:09:35.232162,SPNG,24.1,24.1,24.44,2294900.0,2109200.0
1.0,1.0,1.0,,Welcome to the RITC 2026 Alogithmic Market Making Case - practice server,,156,2026-02-01 08:09:35.232162,SMMR,23.14,23.14,23.35,1785900.0,2351700.0
,,,,,,156,2026-02-01 08:09:35.232162,ATMN,26.55,26.4,26.55,2194100.0,2073000.0
,,,,,,156,2026-02-01 08:09:35.232162,WNTR,26.05,25.91,25.96,2072300.0,1886400.0
2.0,1.0,1.0,,Aggregate Position Limit,Your CRO has set the aggregate position limit to 13000 shares for this week.,157,2026-02-01 08:09:36.270003,SPNG,24.72,24.16,24.63,2318300.0,2051700.0
1.0,1.0,1.0,,Welcome to the RITC 2026 Alogithmic Market Making Case - practice server,,157,2026-02-01 08:09:36.270003,SMMR,23.14,23.33,23.35,1887600.0,2379100.0
,,,,,,157,2026-02-01 08:09:36.270003,ATMN,26.55,26.68,26.74,2157600.0,2090100.0
,,,,,,157,2026-02-01 08:09:36.270003,WNTR,25.91,25.79,25.87,2054800.0,1922400.0
2.0,1.0,1.0,,Aggregate Position Limit,Your CRO has set the aggregate position limit to 13000 shares for this week.,158,2026-02-01 08:09:37.290161,SPNG,24.16,24.16,24.63,2327700.0,2051700.0
1.0,1.0,1.0,,Welcome to the RITC 2026 Alogithmic Market Making Case - practice server,,158,2026-02-01 08:09:37.290161,SMMR,23.35,23.14,23.35,1785900.0,2379100.0
,,,,,,158,2026-02-01 08:09:37.290161,ATMN,26.55,26.55,26.74,2181300.0,2090100.0
,,,,,,158,2026-02-01 08:09:37.290161,WNTR,25.72,25.84,25.87,2069000.0,1922400.0
2.0,1.0,1.0,,Aggregate Position Limit,Your CRO has set the aggregate position limit to 13000 shares for this week.,159,2026-02-01 08:09:38.314890,SPNG,24.63,24.12,24.63,2339500.0,2051700.0
1.0,1.0,1.0,,Welcome to the RITC 2026 Alogithmic Market Making Case - practice server,,159,2026-02-01 08:09:38.314890,SMMR,23.43,23.28,23.43,2024400.0,2375500.0
,,,,,,159,2026-02-01 08:09:38.314890,ATMN,26.4,26.4,26.59,2208800.0,2078300.0
,,,,,,159,2026-02-01 08:09:38.314890,WNTR,25.96,25.84,25.96,2069000.0,1941500.0
2.0,1.0,1.0,,Aggregate Position Limit,Your CRO has set the aggregate position limit to 13000 shares for this week.,160,2026-02-01 08:09:39.344794,SPNG,24.63,24.12,24.15,2342000.0,2061900.0
1.0,1.0,1.0,,Welcome to the RITC 2026 Alogithmic Market Making Case - practice server,,160,2026-02-01 08:09:39.344794,SMMR,23.43,23.28,23.43,2244200.0,2375500.0
,,,,,,160,2026-02-01 08:09:39.344794,ATMN,26.37,26.37,26.59,2174300.0,2078300.0
,,,,,,160,2026-02-01 08:09:39.344794,WNTR,25.96,25.9,25.96,2083800.0,1957900.0
2.0,1.0,1.0,,Aggregate Position Limit,Your CRO has set the aggregate position limit to 13000 shares for this week.,161,2026-02-01 08:09:40.373827,SPNG,24.72,24.12,24.64,2342000.0,2068100.0
1.0,1.0,1.0,,Welcome to the RITC 2026 Alogithmic Market Making Case - practice server,,161,2026-02-01 08:09:40.373827,SMMR,23.43,23.28,23.3,2338200.0,2346800.0
,,,,,,161,2026-02-01 08:09:40.373827,ATMN,26.62,26.33,26.62,2181900.0,2106000.0
,,,,,,161,2026-02-01 08:09:40.373827,WNTR,25.9,25.84,25.88,2069600.0,1964200.0
2.0,1.0,1.0,,Aggregate Position Limit,Your CRO has set the aggregate position limit to 13000 shares for this week.,162,2026-02-01 08:09:41.404936,SPNG,24.29,24.29,24.64,2358400.0,2052800.0
1.0,1.0,1.0,,Welcome to the RITC 2026 Alogithmic Market Making Case - practice server,,162,2026-02-01 08:09:41.404936,SMMR,23.3,23.22,23.3,2346000.0,2346800.0
,,,,,,162,2026-02-01 08:09:41.404936,ATMN,26.62,26.7,26.74,2193300.0,2107300.0
,,,,,,162,2026-02-01 08:09:41.404936,WNTR,25.84,25.81,25.84,2053800.0,1951600.0
2.0,1.0,1.0,,Aggregate Position Limit,Your CRO has set the aggregate position limit to 13000 shares for this week.,163,2026-02-01 08:09:42.444048,SPNG,24.12,24.53,24.57,2353800.0,2056500.0
1.0,1.0,1.0,,Welcome to the RITC 2026 Alogithmic Market Making Case - practice server,,163,2026-02-01 08:09:42.444048,SMMR,23.18,23.18,23.3,2339100.0,2346400.0
,,,,,,163,2026-02-01 08:09:42.444048,ATMN,26.55,26.56,26.64,2181900.0,2100200.0
,,,,,,163,2026-02-01 08:09:42.444048,WNTR,25.98,25.81,25.88,2061400.0,1948800.0
2.0,1.0,1.0,,Aggregate Position Limit,Your CRO has set the aggregate position limit to 13000 shares for this week.,164,2026-02-01 08:09:43.464617,SPNG,24.53,24.53,24.57,2353800.0,2076800.0
1.0,1.0,1.0,,Welcome to the RITC 2026 Alogithmic Market Making Case - practice server,,164,2026-02-01 08:09:43.464617,SMMR,23.18,23.18,23.3,2322300.0,2346400.0
,,,,,,164,2026-02-01 08:09:43.464617,ATMN,26.77,26.55,26.77,2178600.0,2138400.0
,,,,,,164,2026-02-01 08:09:43.464617,WNTR,25.91,25.81,25.91,2059800.0,1970900.0
2.0,1.0,1.0,,Aggregate Position Limit,Your CRO has set the aggregate position limit to 13000 shares for this week.,165,2026-02-01 08:09:44.484844,SPNG,24.12,24.02,24.04,2339600.0,2061300.0
1.0,1.0,1.0,,Welcome to the RITC 2026 Alogithmic Market Making Case - practice server,,165,2026-02-01 08:09:44.484844,SMMR,23.45,23.25,23.45,2319500.0,2379600.0
,,,,,,165,2026-02-01 08:09:44.484844,ATMN,26.77,26.33,26.77,2181900.0,2126900.0
,,,,,,165,2026-02-01 08:09:44.484844,WNTR,25.91,25.81,25.91,2059800.0,1970900.0
2.0,1.0,1.0,,Aggregate Position Limit,Your CRO has set the aggregate position limit to 13000 shares for this week.,166,2026-02-01 08:09:45.501574,SPNG,24.57,24.02,24.57,2338900.0,2055300.0
1.0,1.0,1.0,,Welcome to the RITC 2026 Alogithmic Market Making Case - practice server,,166,2026-02-01 08:09:45.501574,SMMR,23.45,23.32,23.45,2338200.0,2379600.0
,,,,,,166,2026-02-01 08:09:45.501574,ATMN,26.48,26.33,26.48,2190600.0,2169400.0
,,,,,,166,2026-02-01 08:09:45.501574,WNTR,25.81,25.86,25.91,2050500.0,1955300.0
2.0,1.0,1.0,,Aggregate Position Limit,Your CRO has set the aggregate position limit to 13000 shares for this week.,167,2026-02-01 08:09:46.534563,SPNG,24.57,24.2,24.41,2354500.0,2076900.0
1.0,1.0,1.0,,Welcome to the RITC 2026 Alogithmic Market Making Case - practice server,,167,2026-02-01 08:09:46.534563,SMMR,23.34,23.32,23.34,2338200.0,2363000.0
,,,,,,167,2026-02-01 08:09:46.534563,ATMN,26.59,26.59,26.77,2220700.0,2154900.0
,,,,,,167,2026-02-01 08:09:46.534563,WNTR,25.81,25.81,25.91,2046600.0,1955300.0
2.0,1.0,1.0,,Aggregate Position Limit,Your CRO has set the aggregate position limit to 13000 shares for this week.,168,2026-02-01 08:09:47.562586,SPNG,24.2,24.38,24.41,2335100.0,2076900.0
1.0,1.0,1.0,,Welcome to the RITC 2026 Alogithmic Market Making Case - practice server,,168,2026-02-01 08:09:47.562586,SMMR,23.25,23.25,23.46,2358300.0,2376900.0
,,,,,,168,2026-02-01 08:09:47.562586,ATMN,26.25,26.25,26.77,2234700.0,2141200.0
,,,,,,168,2026-02-01 08:09:47.562586,WNTR,25.95,25.75,25.95,2042100.0,1946900.0
2.0,1.0,1.0,,Aggregate Position Limit,Your CRO has set the aggregate position limit to 13000 shares for this week.,169,2026-02-01 08:09:48.589790,SPNG,24.38,24.38,24.64,2335100.0,2058400.0
1.0,1.0,1.0,,Welcome to the RITC 2026 Alogithmic Market Making Case - practice server,,169,2026-02-01 08:09:48.589790,SMMR,23.25,23.25,23.37,2359100.0,2373000.0
,,,,,,169,2026-02-01 08:09:48.589790,ATMN,26.22,26.22,26.77,2211600.0,2138700.0
,,,,,,169,2026-02-01 08:09:48.589790,WNTR,25.75,25.75,25.95,2020500.0,1946900.0
2.0,1.0,1.0,,Aggregate Position Limit,Your CRO has set the aggregate position limit to 13000 shares for this week.,170,2026-02-01 08:09:49.608717,SPNG,24.71,24.02,24.71,2345400.0,2049300.0
1.0,1.0,1.0,,Welcome to the RITC 2026 Alogithmic Market Making Case - practice server,,170,2026-02-01 08:09:49.608717,SMMR,23.27,23.35,23.37,2358500.0,2373000.0
,,,,,,170,2026-02-01 08:09:49.608717,ATMN,26.22,26.22,26.77,2211600.0,2154300.0
,,,,,,170,2026-02-01 08:09:49.608717,WNTR,25.75,25.75,25.87,2033900.0,1979300.0
2.0,1.0,1.0,,Aggregate Position Limit,Your CRO has set the aggregate position limit to 13000 shares for this week.,171,2026-02-01 08:09:50.624736,SPNG,24.02,24.02,24.71,2345400.0,2057900.0
1.0,1.0,1.0,,Welcome to the RITC 2026 Alogithmic Market Making Case - practice server,,171,2026-02-01 08:09:50.624736,SMMR,23.44,23.25,23.44,2360000.0,2384000.0
,,,,,,171,2026-02-01 08:09:50.624736,ATMN,26.22,26.22,26.68,2244800.0,2172500.0
,,,,,,171,2026-02-01 08:09:50.624736,WNTR,25.87,25.73,25.87,2030800.0,1979300.0
2.0,1.0,1.0,,Aggregate Position Limit,Your CRO has set the aggregate position limit to 13000 shares for this week.,172,2026-02-01 08:09:51.635252,SPNG,24.64,24.02,24.49,2345400.0,2103800.0
1.0,1.0,1.0,,Welcome to the RITC 2026 Alogithmic Market Making Case - practice server,,172,2026-02-01 08:09:51.635252,SMMR,23.48,23.44,23.48,2336400.0,2366700.0
,,,,,,172,2026-02-01 08:09:51.635252,ATMN,26.31,26.31,26.68,2236600.0,2172500.0
,,,,,,172,2026-02-01 08:09:51.635252,WNTR,25.98,25.73,25.98,2030800.0,1966600.0
2.0,1.0,1.0,,Aggregate Position Limit,Your CRO has set the aggregate position limit to 13000 shares for this week.,173,2026-02-01 08:09:52.659536,SPNG,24.02,24.21,24.49,2337900.0,2103800.0
1.0,1.0,1.0,,Welcome to the RITC 2026 Alogithmic Market Making Case - practice server,,173,2026-02-01 08:09:52.659536,SMMR,23.49,23.44,23.49,2336400.0,2385800.0
,,,,,,173,2026-02-01 08:09:52.659536,ATMN,26.31,26.58,26.68,2232600.0,2183700.0
,,,,,,173,2026-02-01 08:09:52.659536,WNTR,25.99,25.71,25.76,2043400.0,1980600.0
2.0,1.0,1.0,,Aggregate Position Limit,Your CRO has set the aggregate position limit to 13000 shares for this week.,174,2026-02-01 08:09:53.688441,SPNG,24.71,24.21,24.71,2337900.0,2079300.0
1.0,1.0,1.0,,Welcome to the RITC 2026 Alogithmic Market Making Case - practice server,,174,2026-02-01 08:09:53.688441,SMMR,23.51,23.44,23.51,2336400.0,2360800.0
,,,,,,174,2026-02-01 08:09:53.688441,ATMN,26.31,26.58,26.68,2232600.0,2216100.0
,,,,,,174,2026-02-01 08:09:53.688441,WNTR,26.02,25.76,26.02,2053000.0,1978800.0
2.0,1.0,1.0,,Aggregate Position Limit,Your CRO has set the aggregate position limit to 13000 shares for this week.,175,2026-02-01 08:09:54.717687,SPNG,24.71,24.21,24.68,2337900.0,2124300.0
1.0,1.0,1.0,,Welcome to the RITC 2026 Alogithmic Market Making Case - practice server,,175,2026-02-01 08:09:54.717687,SMMR,23.23,23.23,23.51,2368900.0,2360800.0
,,,,,,175,2026-02-01 08:09:54.717687,ATMN,26.21,26.21,26.56,2248000.0,2228300.0
,,,,,,175,2026-02-01 08:09:54.717687,WNTR,26.02,25.76,25.84,2053000.0,1991000.0
2.0,1.0,1.0,,Aggregate Position Limit,Your CRO has set the aggregate position limit to 13000 shares for this week.,176,2026-02-01 08:09:55.744435,SPNG,24.68,24.1,24.68,2339500.0,2124300.0
1.0,1.0,1.0,,Welcome to the RITC 2026 Alogithmic Market Making Case - practice server,,176,2026-02-01 08:09:55.744435,SMMR,23.56,23.34,23.56,2359200.0,2366600.0
,,,,,,176,2026-02-01 08:09:55.744435,ATMN,26.2,26.2,26.53,2254000.0,2243800.0
,,,,,,176,2026-02-01 08:09:55.744435,WNTR,26.02,25.76,25.8,2069200.0,1986000.0
2.0,1.0,1.0,,Aggregate Position Limit,Your CRO has set the aggregate position limit to 13000 shares for this week.,177,2026-02-01 08:09:56.774485,SPNG,24.25,24.1,24.25,2339500.0,2184200.0
1.0,1.0,1.0,,Welcome to the RITC 2026 Alogithmic Market Making Case - practice server,,177,2026-02-01 08:09:56.774485,SMMR,23.23,23.23,23.53,2368900.0,2392700.0
,,,,,,177,2026-02-01 08:09:56.774485,ATMN,26.53,26.2,26.26,2240300.0,2241100.0
,,,,,,177,2026-02-01 08:09:56.774485,WNTR,25.84,25.89,25.9,2062700.0,1997900.0
2.0,1.0,1.0,,Aggregate Position Limit,Your CRO has set the aggregate position limit to 13000 shares for this week.,178,2026-02-01 08:09:57.799605,SPNG,24.72,24.1,24.72,2349000.0,2099500.0
1.0,1.0,1.0,,Welcome to the RITC 2026 Alogithmic Market Making Case - practice server,,178,2026-02-01 08:09:57.799605,SMMR,23.45,23.41,23.45,2355900.0,2403800.0
,,,,,,178,2026-02-01 08:09:57.799605,ATMN,26.26,26.48,26.53,2217800.0,2260200.0
,,,,,,178,2026-02-01 08:09:57.799605,WNTR,25.89,25.76,25.78,2069200.0,2029900.0
2.0,1.0,1.0,,Aggregate Position Limit,Your CRO has set the aggregate position limit to 13000 shares for this week.,179,2026-02-01 08:09:58.834548,SPNG,23.97,23.97,24.72,2360600.0,2099500.0
1.0,1.0,1.0,,Welcome to the RITC 2026 Alogithmic Market Making Case - practice server,,179,2026-02-01 08:09:58.834548,SMMR,23.23,23.23,23.53,2368900.0,2395200.0
,,,,,,179,2026-02-01 08:09:58.834548,ATMN,26.56,26.38,26.56,2239400.0,2244300.0
,,,,,,179,2026-02-01 08:09:58.834548,WNTR,25.9,25.77,25.9,2077300.0,2002400.0
2.0,1.0,1.0,,Aggregate Position Limit,Your CRO has set the aggregate position limit to 13000 shares for this week.,180,2026-02-01 08:09:59.854302,SPNG,24.38,24.38,24.75,1230100.0,922500.0
1.0,1.0,1.0,,Welcome to the RITC 2026 Alogithmic Market Making Case - practice server,,180,2026-02-01 08:09:59.854302,SMMR,24.12,24.25,25.06,928000.0,900300.0
,,,,,,180,2026-02-01 08:09:59.854302,ATMN,26.56,24.87,25.49,1016200.0,1102100.0
,,,,,,180,2026-02-01 08:09:59.854302,WNTR,24.57,24.57,25.1,868400.0,798100.0
2.0,1.0,1.0,,Aggregate Position Limit,Your CRO has set the aggregate position limit to 13000 shares for this week.,181,2026-02-01 08:10:00.884487,SPNG,24.38,24.38,24.53,1230100.0,1228100.0
1.0,1.0,1.0,,Welcome to the RITC 2026 Alogithmic Market Making Case - practice server,,181,2026-02-01 08:10:00.884487,SMMR,24.12,24.59,24.77,1042300.0,1251300.0
,,,,,,181,2026-02-01 08:10:00.884487,ATMN,24.87,24.87,24.97,1048300.0,1330000.0
,,,,,,181,2026-02-01 08:10:00.884487,WNTR,24.56,24.66,25.1,1092000.0,798100.0
2.0,1.0,1.0,,Aggregate Position Limit,Your CRO has set the aggregate position limit to 13000 shares for this week.,182,2026-02-01 08:10:01.919453,SPNG,24.38,23.3,23.73,1670100.0,1363100.0
1.0,1.0,1.0,,Welcome to the RITC 2026 Alogithmic Market Making Case - practice server,,182,2026-02-01 08:10:01.919453,SMMR,24.12,24.67,24.73,1168200.0,1446900.0
,,,,,,182,2026-02-01 08:10:01.919453,ATMN,24.87,24.42,24.5,1155800.0,1433000.0
,,,,,,182,2026-02-01 08:10:01.919453,WNTR,24.56,24.66,24.91,1092000.0,1102400.0
2.0,1.0,1.0,,Aggregate Position Limit,Your CRO has set the aggregate position limit to 13000 shares for this week.,183,2026-02-01 08:10:02.946279,SPNG,23.73,24.18,24.53,2090800.0,1228100.0
1.0,1.0,1.0,,Welcome to the RITC 2026 Alogithmic Market Making Case - practice server,,183,2026-02-01 08:10:02.946279,SMMR,24.62,24.62,24.7,1135300.0,1697500.0
,,,,,,183,2026-02-01 08:10:02.946279,ATMN,24.55,24.55,25.22,1286000.0,1323100.0
,,,,,,183,2026-02-01 08:10:02.946279,WNTR,24.66,24.51,24.53,964800.0,1495000.0
2.0,1.0,1.0,,Aggregate Position Limit,Your CRO has set the aggregate position limit to 13000 shares for this week.,184,2026-02-01 08:10:03.974808,SPNG,24.53,24.42,24.53,2114700.0,1345400.0
1.0,1.0,1.0,,Welcome to the RITC 2026 Alogithmic Market Making Case - practice server,,184,2026-02-01 08:10:03.974808,SMMR,24.59,24.25,24.58,1063400.0,1806200.0
,,,,,,184,2026-02-01 08:10:03.974808,ATMN,24.55,24.8,25.22,1533000.0,1436500.0
,,,,,,184,2026-02-01 08:10:03.974808,WNTR,24.53,24.69,24.79,1201500.0,1387200.0
2.0,1.0,1.0,,Aggregate Position Limit,Your CRO has set the aggregate position limit to 13000 shares for this week.,185,2026-02-01 08:10:05.008782,SPNG,24.53,24.42,24.53,2114700.0,1626000.0
1.0,1.0,1.0,,Welcome to the RITC 2026 Alogithmic Market Making Case - practice server,,185,2026-02-01 08:10:05.008782,SMMR,24.58,24.69,24.7,1273600.0,1806500.0
,,,,,,185,2026-02-01 08:10:05.008782,ATMN,25.24,24.8,24.99,1533000.0,1557400.0
,,,,,,185,2026-02-01 08:10:05.008782,WNTR,24.69,24.57,24.63,1290900.0,1624000.0
2.0,1.0,1.0,,Aggregate Position Limit,Your CRO has set the aggregate position limit to 13000 shares for this week.,186,2026-02-01 08:10:06.027823,SPNG,23.95,24.32,24.48,2131700.0,1844600.0
1.0,1.0,1.0,,Welcome to the RITC 2026 Alogithmic Market Making Case - practice server,,186,2026-02-01 08:10:06.027823,SMMR,24.57,24.57,24.7,1181300.0,1913500.0
,,,,,,186,2026-02-01 08:10:06.027823,ATMN,25.34,24.8,25.34,1634100.0,1446800.0
,,,,,,186,2026-02-01 08:10:06.027823,WNTR,24.76,24.57,24.76,1290900.0,1701900.0
2.0,1.0,1.0,,Aggregate Position Limit,Your CRO has set the aggregate position limit to 13000 shares for this week.,187,2026-02-01 08:10:07.054810,SPNG,24.48,24.4,24.48,2250900.0,2035500.0
1.0,1.0,1.0,,Welcome to the RITC 2026 Alogithmic Market Making Case - practice server,,187,2026-02-01 08:10:07.054810,SMMR,24.25,24.26,24.7,1173900.0,1913500.0
,,,,,,187,2026-02-01 08:10:07.054810,ATMN,25.34,24.8,25.34,1634100.0,1565600.0
,,,,,,187,2026-02-01 08:10:07.054810,WNTR,24.79,24.57,24.61,1415600.0,1797400.0
2.0,1.0,1.0,,Aggregate Position Limit,Your CRO has set the aggregate position limit to 13000 shares for this week.,189,2026-02-01 08:10:08.112875,SPNG,24.48,24.49,24.53,2369600.0,2102600.0
1.0,1.0,1.0,,Welcome to the RITC 2026 Alogithmic Market Making Case - practice server,,189,2026-02-01 08:10:08.112875,SMMR,24.75,24.55,24.75,1487500.0,1687900.0
,,,,,,189,2026-02-01 08:10:08.112875,ATMN,24.8,24.8,25.34,1754000.0,1688200.0
,,,,,,189,2026-02-01 08:10:08.112875,WNTR,24.79,24.58,24.61,1853100.0,1797400.0
2.0,1.0,1.0,,Aggregate Position Limit,Your CRO has set the aggregate position limit to 13000 shares for this week.,190,2026-02-01 08:10:09.154526,SPNG,24.4,24.4,24.41,2250900.0,2128500.0
1.0,1.0,1.0,,Welcome to the RITC 2026 Alogithmic Market Making Case - practice server,,190,2026-02-01 08:10:09.154526,SMMR,24.75,24.7,24.75,1804400.0,1687900.0
,,,,,,190,2026-02-01 08:10:09.154526,ATMN,24.65,24.65,25.34,1507000.0,1781100.0
,,,,,,190,2026-02-01 08:10:09.154526,WNTR,24.91,24.58,24.91,1853100.0,1496900.0
2.0,1.0,1.0,,Aggregate Position Limit,Your CRO has set the aggregate position limit to 13000 shares for this week.,191,2026-02-01 08:10:10.187474,SPNG,24.32,24.32,24.53,2131700.0,2110400.0
1.0,1.0,1.0,,Welcome to the RITC 2026 Alogithmic Market Making Case - practice server,,191,2026-02-01 08:10:10.187474,SMMR,24.75,24.76,24.77,1900200.0,1580900.0
,,,,,,191,2026-02-01 08:10:10.187474,ATMN,24.8,24.8,25.34,1728700.0,1781100.0
,,,,,,191,2026-02-01 08:10:10.187474,WNTR,24.76,24.58,24.69,1969600.0,1705300.0
2.0,1.0,1.0,,Aggregate Position Limit,Your CRO has set the aggregate position limit to 13000 shares for this week.,192,2026-02-01 08:10:11.216653,SPNG,24.32,24.32,24.53,2274800.0,2123700.0
1.0,1.0,1.0,,Welcome to the RITC 2026 Alogithmic Market Making Case - practice server,,192,2026-02-01 08:10:11.216653,SMMR,24.63,24.63,24.77,1785300.0,1778800.0
,,,,,,192,2026-02-01 08:10:11.216653,ATMN,25.42,24.8,24.82,1854400.0,1750600.0
,,,,,,192,2026-02-01 08:10:11.216653,WNTR,24.76,24.58,24.69,2169700.0,1824800.0
2.0,1.0,1.0,,Aggregate Position Limit,Your CRO has set the aggregate position limit to 13000 shares for this week.,193,2026-02-01 08:10:12.244616,SPNG,24.55,24.32,24.55,2274800.0,2140300.0
1.0,1.0,1.0,,Welcome to the RITC 2026 Alogithmic Market Making Case - practice server,,193,2026-02-01 08:10:12.244616,SMMR,24.78,24.55,24.71,1686300.0,1773000.0
,,,,,,193,2026-02-01 08:10:12.244616,ATMN,24.87,24.97,25.42,1964900.0,1776400.0
,,,,,,193,2026-02-01 08:10:12.244616,WNTR,24.79,24.58,24.79,2157900.0,1707600.0
2.0,1.0,1.0,,Aggregate Position Limit,Your CRO has set the aggregate position limit to 13000 shares for this week.,194,2026-02-01 08:10:13.294393,SPNG,24.56,24.32,24.52,2384100.0,2132200.0
1.0,1.0,1.0,,Welcome to the RITC 2026 Alogithmic Market Making Case - practice server,,194,2026-02-01 08:10:13.294393,SMMR,24.59,24.66,24.67,1810200.0,1899000.0
,,,,,,194,2026-02-01 08:10:13.294393,ATMN,24.65,25.03,25.33,1850000.0,1887300.0
,,,,,,194,2026-02-01 08:10:13.294393,WNTR,24.58,24.58,24.7,2157900.0,1794300.0
2.0,1.0,1.0,,Aggregate Position Limit,Your CRO has set the aggregate position limit to 13000 shares for this week.,195,2026-02-01 08:10:14.311222,SPNG,23.49,23.49,24.56,2141400.0,2151400.0
1.0,1.0,1.0,,Welcome to the RITC 2026 Alogithmic Market Making Case - practice server,,195,2026-02-01 08:10:14.311222,SMMR,24.55,24.55,24.67,1810700.0,1986200.0
,,,,,,195,2026-02-01 08:10:14.311222,ATMN,24.55,24.8,25.33,1725000.0,2017500.0
,,,,,,195,2026-02-01 08:10:14.311222,WNTR,24.58,24.6,24.61,2132400.0,2002800.0
2.0,1.0,1.0,,Aggregate Position Limit,Your CRO has set the aggregate position limit to 13000 shares for this week.,196,2026-02-01 08:10:15.344780,SPNG,23.49,23.84,24.56,2494600.0,2151400.0
1.0,1.0,1.0,,Welcome to the RITC 2026 Alogithmic Market Making Case - practice server,,196,2026-02-01 08:10:15.344780,SMMR,24.67,24.68,24.71,2026300.0,1959600.0
,,,,,,196,2026-02-01 08:10:15.344780,ATMN,24.55,25.15,25.33,1737800.0,2126300.0
,,,,,,196,2026-02-01 08:10:15.344780,WNTR,24.58,24.58,24.61,2155400.0,1999300.0
2.0,1.0,1.0,,Aggregate Position Limit,Your CRO has set the aggregate position limit to 13000 shares for this week.,197,2026-02-01 08:10:16.374298,SPNG,24.57,24.37,24.57,2704400.0,2163100.0
1.0,1.0,1.0,,Welcome to the RITC 2026 Alogithmic Market Making Case - practice server,,197,2026-02-01 08:10:16.374298,SMMR,24.67,24.67,24.71,1923500.0,2168900.0
,,,,,,197,2026-02-01 08:10:16.374298,ATMN,25.33,24.76,25.33,1725900.0,2209900.0
,,,,,,197,2026-02-01 08:10:16.374298,WNTR,24.7,24.58,24.63,2155400.0,1982200.0
2.0,1.0,1.0,,Aggregate Position Limit,Your CRO has set the aggregate position limit to 13000 shares for this week.,198,2026-02-01 08:10:17.400208,SPNG,24.25,24.25,24.6,2599100.0,2194100.0
1.0,1.0,1.0,,Welcome to the RITC 2026 Alogithmic Market Making Case - practice server,,198,2026-02-01 08:10:17.400208,SMMR,24.67,24.67,24.68,2052700.0,2190800.0
,,,,,,198,2026-02-01 08:10:17.400208,ATMN,24.97,24.76,24.97,1824900.0,2213200.0
,,,,,,198,2026-02-01 08:10:17.400208,WNTR,24.6,24.57,24.6,2173000.0,1989100.0
2.0,1.0,1.0,,Aggregate Position Limit,Your CRO has set the aggregate position limit to 13000 shares for this week.,199,2026-02-01 08:10:18.438986,SPNG,24.25,24.26,24.37,2724500.0,2185200.0
1.0,1.0,1.0,,Welcome to the RITC 2026 Alogithmic Market Making Case - practice server,,199,2026-02-01 08:10:18.438986,SMMR,24.51,24.51,24.68,1822200.0,2194300.0
,,,,,,199,2026-02-01 08:10:18.438986,ATMN,24.76,24.76,25.02,1824900.0,2221900.0
,,,,,,199,2026-02-01 08:10:18.438986,WNTR,24.55,24.55,24.59,2178800.0,1988600.0
2.0,1.0,1.0,,Aggregate Position Limit,Your CRO has set the aggregate position limit to 13000 shares for this week.,200,2026-02-01 08:10:19.468080,SPNG,24.36,24.36,24.6,2579100.0,2204600.0
1.0,1.0,1.0,,Welcome to the RITC 2026 Alogithmic Market Making Case - practice server,,200,2026-02-01 08:10:19.468080,SMMR,24.57,24.46,24.57,1802800.0,2203000.0
,,,,,,200,2026-02-01 08:10:19.468080,ATMN,24.76,24.76,25.02,2340200.0,2221900.0
,,,,,,200,2026-02-01 08:10:19.468080,WNTR,24.55,24.55,24.7,2171500.0,1964200.0
2.0,1.0,1.0,,Aggregate Position Limit,Your CRO has set the aggregate position limit to 13000 shares for this week.,201,2026-02-01 08:10:20.504577,SPNG,24.26,24.26,24.6,2724500.0,2212700.0
1.0,1.0,1.0,,Welcome to the RITC 2026 Alogithmic Market Making Case - practice server,,201,2026-02-01 08:10:20.504577,SMMR,24.57,24.54,24.57,2122900.0,2203000.0
,,,,,,201,2026-02-01 08:10:20.504577,ATMN,25.37,24.95,25.19,2478500.0,2229400.0
,,,,,,201,2026-02-01 08:10:20.504577,WNTR,24.7,24.55,24.7,2171500.0,1964200.0
2.0,1.0,1.0,,Aggregate Position Limit,Your CRO has set the aggregate position limit to 13000 shares for this week.,202,2026-02-01 08:10:21.530593,SPNG,24.52,23.84,24.52,2612200.0,2222000.0
1.0,1.0,1.0,,Welcome to the RITC 2026 Alogithmic Market Making Case - practice server,,202,2026-02-01 08:10:21.530593,SMMR,24.71,24.54,24.71,2254100.0,2199500.0
,,,,,,202,2026-02-01 08:10:21.530593,ATMN,24.95,24.76,24.81,2340200.0,2238100.0
,,,,,,202,2026-02-01 08:10:21.530593,WNTR,24.64,24.55,24.64,2145100.0,2002500.0
2.0,1.0,1.0,,Aggregate Position Limit,Your CRO has set the aggregate position limit to 13000 shares for this week.,203,2026-02-01 08:10:22.558754,SPNG,23.84,24.44,24.52,2731800.0,2222000.0
1.0,1.0,1.0,,Welcome to the RITC 2026 Alogithmic Market Making Case - practice server,,203,2026-02-01 08:10:22.558754,SMMR,24.74,24.54,24.74,2254100.0,2175000.0
,,,,,,203,2026-02-01 08:10:22.558754,ATMN,24.7,24.7,24.83,2240400.0,2266200.0
,,,,,,203,2026-02-01 08:10:22.558754,WNTR,24.55,24.54,24.55,2147600.0,1998600.0
