news_id,period,tick,ticker,headline,body,tick,timestamp,ticker,last_price,bid_price,ask_price,BUY_ANON,SELL_ANON,SELL_LUIS-1,BUY_LUIS-1,BUY_CHUL-1,SELL_CHUL-1,SELL_COLA-6,BUY_COLA-6
2.0,1.0,1.0,,Aggregate Position Limit,Your CRO has set the aggregate position limit to 11000 shares for this week.,1,2026-02-01 08:49:50.973962,SPNG,25.0,25.0,25.1,2269500.0,2268900.0,0,0,0,0,0,0
1.0,1.0,1.0,,Welcome to the RITC 2026 Alogithmic Market Making Case - practice server,,1,2026-02-01 08:49:50.973962,SMMR,25.06,25.06,25.09,1883600.0,2269900.0,0,0,0,0,0,0
,,,,,,1,2026-02-01 08:49:50.973962,ATMN,25.13,25.08,25.13,1886000.0,2194800.0,0,0,0,0,0,0
,,,,,,1,2026-02-01 08:49:50.973962,WNTR,24.85,24.77,24.83,2236300.0,2288600.0,0,0,0,0,0,0
2.0,1.0,1.0,,Aggregate Position Limit,Your CRO has set the aggregate position limit to 11000 shares for this week.,2,2026-02-01 08:49:52.004165,SPNG,24.83,24.83,25.1,2257700.0,2298900.0,0,0,0,0,0,0
1.0,1.0,1.0,,Welcome to the RITC 2026 Alogithmic Market Making Case - practice server,,2,2026-02-01 08:49:52.004165,SMMR,25.06,25.06,25.09,2001900.0,2223400.0,0,0,0,0,0,0
,,,,,,2,2026-02-01 08:49:52.004165,ATMN,24.86,24.86,25.13,1780600.0,2194800.0,0,0,0,0,0,0
,,,,,,2,2026-02-01 08:49:52.004165,WNTR,24.85,24.77,24.83,2203000.0,2288600.0,0,0,0,0,0,0
2.0,1.0,1.0,,Aggregate Position Limit,Your CRO has set the aggregate position limit to 11000 shares for this week.,3,2026-02-01 08:49:53.029774,SPNG,25.1,25.08,25.1,2281100.0,2298900.0,0,0,0,0,0,0
1.0,1.0,1.0,,Welcome to the RITC 2026 Alogithmic Market Making Case - practice server,,3,2026-02-01 08:49:53.029774,SMMR,24.98,24.98,25.09,1791100.0,2213400.0,0,0,0,0,0,0
,,,,,,3,2026-02-01 08:49:53.029774,ATMN,24.86,24.61,24.84,1906400.0,2213300.0,0,0,0,0,0,0
,,,,,,3,2026-02-01 08:49:53.029774,WNTR,24.97,24.77,24.97,2185300.0,2176200.0,0,0,0,0,0,0
2.0,1.0,1.0,,Aggregate Position Limit,Your CRO has set the aggregate position limit to 11000 shares for this week.,4,2026-02-01 08:49:54.053451,SPNG,25.08,25.08,25.26,2281100.0,2321800.0,0,0,0,0,0,0
1.0,1.0,1.0,,Welcome to the RITC 2026 Alogithmic Market Making Case - practice server,,4,2026-02-01 08:49:54.053451,SMMR,24.96,24.96,25.09,1787500.0,2211800.0,0,0,0,0,0,0
,,,,,,4,2026-02-01 08:49:54.053451,ATMN,24.96,25.15,25.31,2031700.0,2225500.0,0,0,0,0,0,0
,,,,,,4,2026-02-01 08:49:54.053451,WNTR,24.97,24.84,24.97,2195700.0,2176200.0,0,0,0,0,0,0
2.0,1.0,1.0,,Aggregate Position Limit,Your CRO has set the aggregate position limit to 11000 shares for this week.,5,2026-02-01 08:49:55.075030,SPNG,25.26,25.01,25.26,2248900.0,2293600.0,0,0,0,0,0,0
1.0,1.0,1.0,,Welcome to the RITC 2026 Alogithmic Market Making Case - practice server,,5,2026-02-01 08:49:55.075030,SMMR,24.96,25.04,25.08,1912200.0,2209600.0,0,0,0,0,0,0
,,,,,,5,2026-02-01 08:49:55.075030,ATMN,24.96,25.15,25.31,2031700.0,2177100.0,0,0,0,0,0,0
,,,,,,5,2026-02-01 08:49:55.075030,WNTR,24.97,25.01,25.09,2210700.0,2157900.0,0,0,0,0,0,0
2.0,1.0,1.0,,Aggregate Position Limit,Your CRO has set the aggregate position limit to 11000 shares for this week.,6,2026-02-01 08:49:56.098281,SPNG,25.01,25.01,25.14,2283900.0,2297100.0,0,0,0,0,0,0
1.0,1.0,1.0,,Welcome to the RITC 2026 Alogithmic Market Making Case - practice server,,6,2026-02-01 08:49:56.098281,SMMR,25.04,25.04,25.08,1912200.0,2205400.0,0,0,0,0,0,0
,,,,,,6,2026-02-01 08:49:56.098281,ATMN,25.31,24.61,25.31,1906400.0,2188200.0,0,0,0,0,0,0
,,,,,,6,2026-02-01 08:49:56.098281,WNTR,24.97,25.01,25.09,2208300.0,2273800.0,0,0,0,0,0,0
2.0,1.0,1.0,,Aggregate Position Limit,Your CRO has set the aggregate position limit to 11000 shares for this week.,7,2026-02-01 08:49:57.121968,SPNG,24.73,24.73,25.26,2139800.0,2309300.0,0,0,0,0,0,0
1.0,1.0,1.0,,Welcome to the RITC 2026 Alogithmic Market Making Case - practice server,,7,2026-02-01 08:49:57.121968,SMMR,25.07,25.07,25.08,2111700.0,2205400.0,0,0,0,0,0,0
,,,,,,7,2026-02-01 08:49:57.121968,ATMN,24.61,24.61,25.31,2054900.0,2188200.0,0,0,0,0,0,0
,,,,,,7,2026-02-01 08:49:57.121968,WNTR,24.97,25.06,25.09,2223100.0,2205100.0,0,0,0,0,0,0
2.0,1.0,1.0,,Aggregate Position Limit,Your CRO has set the aggregate position limit to 11000 shares for this week.,8,2026-02-01 08:49:58.143632,SPNG,24.73,24.73,25.26,2256500.0,2289800.0,,,0,0,0,0
1.0,1.0,1.0,,Welcome to the RITC 2026 Alogithmic Market Making Case - practice server,,8,2026-02-01 08:49:58.143632,SMMR,25.09,25.08,25.09,1880100.0,2222500.0,,,0,0,0,0
,,,,,,8,2026-02-01 08:49:58.143632,ATMN,24.61,24.32,24.57,1949900.0,2208800.0,,,0,0,0,0
,,,,,,8,2026-02-01 08:49:58.143632,WNTR,25.13,25.06,25.13,2120500.0,2118000.0,5000.0,5000.0,0,0,0,0
2.0,1.0,1.0,,Aggregate Position Limit,Your CRO has set the aggregate position limit to 11000 shares for this week.,9,2026-02-01 08:49:59.163425,SPNG,25.38,24.73,24.89,2294700.0,2339100.0,,,0,0,0,0
1.0,1.0,1.0,,Welcome to the RITC 2026 Alogithmic Market Making Case - practice server,,9,2026-02-01 08:49:59.163425,SMMR,25.09,24.84,24.9,1770600.0,2201100.0,,,0,0,0,0
,,,,,,9,2026-02-01 08:49:59.163425,ATMN,24.57,24.67,25.1,2198500.0,2216700.0,,,0,0,0,0
,,,,,,9,2026-02-01 08:49:59.163425,WNTR,25.13,25.06,25.08,2142800.0,2091000.0,5000.0,5000.0,0,0,0,0
2.0,1.0,1.0,,Aggregate Position Limit,Your CRO has set the aggregate position limit to 11000 shares for this week.,10,2026-02-01 08:50:00.193628,SPNG,24.89,24.81,24.89,2305900.0,2339100.0,,,0,0,0,0
1.0,1.0,1.0,,Welcome to the RITC 2026 Alogithmic Market Making Case - practice server,,10,2026-02-01 08:50:00.193628,SMMR,24.9,25.04,25.14,1961800.0,2199100.0,,,0,0,0,0
,,,,,,10,2026-02-01 08:50:00.193628,ATMN,25.1,24.96,25.05,2271000.0,2242900.0,,,0,0,0,0
,,,,,,10,2026-02-01 08:50:00.193628,WNTR,25.13,25.06,25.13,2150400.0,2085300.0,5000.0,5000.0,0,0,0,0
2.0,1.0,1.0,,Aggregate Position Limit,Your CRO has set the aggregate position limit to 11000 shares for this week.,11,2026-02-01 08:50:01.228355,SPNG,25.43,24.81,25.43,2305900.0,2254200.0,,,0,0,0,0
1.0,1.0,1.0,,Welcome to the RITC 2026 Alogithmic Market Making Case - practice server,,11,2026-02-01 08:50:01.228355,SMMR,24.9,25.04,25.14,2079800.0,2198600.0,,,0,0,0,0
,,,,,,11,2026-02-01 08:50:01.228355,ATMN,25.1,25.02,25.05,2241400.0,2200600.0,,,0,0,0,0
,,,,,,11,2026-02-01 08:50:01.228355,WNTR,24.99,25.0,25.05,2119500.0,2104100.0,5000.0,5000.0,0,0,0,0
2.0,1.0,1.0,,Aggregate Position Limit,Your CRO has set the aggregate position limit to 11000 shares for this week.,12,2026-02-01 08:50:02.263340,SPNG,25.57,24.81,25.57,2279200.0,2252700.0,,,0,0,0,0
1.0,1.0,1.0,,Welcome to the RITC 2026 Alogithmic Market Making Case - practice server,,12,2026-02-01 08:50:02.263340,SMMR,25.04,25.04,25.14,1992200.0,2150300.0,,,0,0,0,0
,,,,,,12,2026-02-01 08:50:02.263340,ATMN,25.12,25.02,25.12,2241800.0,2191500.0,,,0,0,0,0
,,,,,,12,2026-02-01 08:50:02.263340,WNTR,25.14,24.99,25.14,2116000.0,2128900.0,5000.0,5000.0,0,0,0,0
2.0,1.0,1.0,,Aggregate Position Limit,Your CRO has set the aggregate position limit to 11000 shares for this week.,13,2026-02-01 08:50:03.296200,SPNG,25.07,24.8,25.07,2276100.0,2287900.0,,,0,0,0,0
1.0,1.0,1.0,,Welcome to the RITC 2026 Alogithmic Market Making Case - practice server,,13,2026-02-01 08:50:03.296200,SMMR,25.03,24.93,25.03,2085000.0,2154800.0,,,0,0,0,0
,,,,,,13,2026-02-01 08:50:03.296200,ATMN,24.96,24.96,25.17,2246500.0,2208800.0,,,0,0,0,0
,,,,,,13,2026-02-01 08:50:03.296200,WNTR,24.99,25.13,25.14,2129200.0,2128900.0,5000.0,5000.0,0,0,0,0
2.0,1.0,1.0,,Aggregate Position Limit,Your CRO has set the aggregate position limit to 11000 shares for this week.,14,2026-02-01 08:50:04.333382,SPNG,25.07,25.24,25.57,2259500.0,2311600.0,,,0,0,0,0
1.0,1.0,1.0,,Welcome to the RITC 2026 Alogithmic Market Making Case - practice server,,14,2026-02-01 08:50:04.333382,SMMR,25.14,24.93,25.06,2085000.0,2145000.0,,,0,0,0,0
,,,,,,14,2026-02-01 08:50:04.333382,ATMN,24.88,24.75,24.88,2276000.0,2210400.0,,,0,0,0,0
,,,,,,14,2026-02-01 08:50:04.333382,WNTR,25.14,25.2,25.33,2045400.0,2131200.0,10000.0,5000.0,0,0,0,0
2.0,1.0,1.0,,Aggregate Position Limit,Your CRO has set the aggregate position limit to 11000 shares for this week.,15,2026-02-01 08:50:05.361659,SPNG,24.8,24.82,25.3,2266700.0,2288900.0,,,0,0,0,0
1.0,1.0,1.0,,Welcome to the RITC 2026 Alogithmic Market Making Case - practice server,,15,2026-02-01 08:50:05.361659,SMMR,25.14,24.95,25.06,2108200.0,2169800.0,,,0,0,0,0
,,,,,,15,2026-02-01 08:50:05.361659,ATMN,24.88,24.94,25.17,2267300.0,2189900.0,,,0,0,0,0
,,,,,,15,2026-02-01 08:50:05.361659,WNTR,25.01,25.01,25.17,2168400.0,2043600.0,5000.0,10000.0,0,0,0,0
2.0,1.0,1.0,,Aggregate Position Limit,Your CRO has set the aggregate position limit to 11000 shares for this week.,16,2026-02-01 08:50:06.393367,SPNG,25.59,24.82,25.59,2266700.0,2293300.0,,,0,0,0,0
1.0,1.0,1.0,,Welcome to the RITC 2026 Alogithmic Market Making Case - practice server,,16,2026-02-01 08:50:06.393367,SMMR,24.95,24.95,25.06,2106400.0,2169800.0,,,0,0,0,0
,,,,,,16,2026-02-01 08:50:06.393367,ATMN,25.22,25.33,25.39,2269800.0,2189100.0,,,0,0,0,0
,,,,,,16,2026-02-01 08:50:06.393367,WNTR,25.01,25.01,25.17,2068600.0,2021300.0,10000.0,10000.0,0,0,0,0
2.0,1.0,1.0,,Aggregate Position Limit,Your CRO has set the aggregate position limit to 11000 shares for this week.,18,2026-02-01 08:50:07.423392,SPNG,24.8,24.81,25.64,2279400.0,2290800.0,,,0,0,0,0
1.0,1.0,1.0,,Welcome to the RITC 2026 Alogithmic Market Making Case - practice server,,18,2026-02-01 08:50:07.423392,SMMR,25.02,25.02,25.06,2124000.0,2169800.0,,,0,0,0,0
,,,,,,18,2026-02-01 08:50:07.423392,ATMN,24.78,24.78,25.39,2227200.0,2189100.0,,,0,0,0,0
,,,,,,18,2026-02-01 08:50:07.423392,WNTR,25.01,25.2,25.27,1980000.0,1929600.0,15000.0,15000.0,0,0,0,0
2.0,1.0,1.0,,Aggregate Position Limit,Your CRO has set the aggregate position limit to 11000 shares for this week.,19,2026-02-01 08:50:08.453404,SPNG,24.81,25.51,25.64,2256300.0,2317800.0,,,0,0,0,0
1.0,1.0,1.0,,Welcome to the RITC 2026 Alogithmic Market Making Case - practice server,,19,2026-02-01 08:50:08.453404,SMMR,25.02,25.02,25.06,2118200.0,2176600.0,,,0,0,0,0
,,,,,,19,2026-02-01 08:50:08.453404,ATMN,25.46,24.94,25.15,2269800.0,2196300.0,,,0,0,0,0
,,,,,,19,2026-02-01 08:50:08.453404,WNTR,25.01,25.01,25.26,2050500.0,2025800.0,10000.0,10000.0,0,0,0,0
2.0,1.0,1.0,,Aggregate Position Limit,Your CRO has set the aggregate position limit to 11000 shares for this week.,20,2026-02-01 08:50:09.478515,SPNG,24.99,25.12,25.64,2251700.0,2313300.0,,,0,0,0,0
1.0,1.0,1.0,,Welcome to the RITC 2026 Alogithmic Market Making Case - practice server,,20,2026-02-01 08:50:09.478515,SMMR,24.93,24.93,24.95,2103900.0,2146400.0,,,0,0,0,0
,,,,,,20,2026-02-01 08:50:09.478515,ATMN,25.15,25.16,25.32,2253900.0,2191600.0,,,0,0,0,0
,,,,,,20,2026-02-01 08:50:09.478515,WNTR,25.01,25.01,25.12,2172100.0,1782300.0,5000.0,20000.0,0,0,0,0
2.0,1.0,1.0,,Aggregate Position Limit,Your CRO has set the aggregate position limit to 11000 shares for this week.,21,2026-02-01 08:50:10.512205,SPNG,24.85,25.02,25.18,2267300.0,2285900.0,,0,0,0,0,0
1.0,1.0,1.0,,Welcome to the RITC 2026 Alogithmic Market Making Case - practice server,,21,2026-02-01 08:50:10.512205,SMMR,25.1,25.09,25.1,2135100.0,2184000.0,,0,0,0,0,0
,,,,,,21,2026-02-01 08:50:10.512205,ATMN,25.09,24.94,25.09,2269800.0,2205300.0,,0,0,0,0,0
,,,,,,21,2026-02-01 08:50:10.512205,WNTR,24.96,24.96,25.12,2271800.0,1782300.0,20000.0,0,0,0,0,0
2.0,1.0,1.0,,Aggregate Position Limit,Your CRO has set the aggregate position limit to 11000 shares for this week.,22,2026-02-01 08:50:11.543481,SPNG,25.02,24.81,24.99,2263800.0,2326500.0,,,0,0,0,0
1.0,1.0,1.0,,Welcome to the RITC 2026 Alogithmic Market Making Case - practice server,,22,2026-02-01 08:50:11.543481,SMMR,25.09,24.93,25.03,2103900.0,2192000.0,,,0,0,0,0
,,,,,,22,2026-02-01 08:50:11.543481,ATMN,24.94,24.94,25.09,2257700.0,2205300.0,,,0,0,0,0
,,,,,,22,2026-02-01 08:50:11.543481,WNTR,25.19,25.02,25.19,2207800.0,1782000.0,5000.0,20000.0,0,0,0,0
2.0,1.0,1.0,,Aggregate Position Limit,Your CRO has set the aggregate position limit to 11000 shares for this week.,23,2026-02-01 08:50:12.568553,SPNG,25.18,24.81,25.18,2263700.0,2300400.0,,,0,0,0,0
1.0,1.0,1.0,,Welcome to the RITC 2026 Alogithmic Market Making Case - practice server,,23,2026-02-01 08:50:12.568553,SMMR,25.03,25.02,25.03,2122900.0,2192000.0,,,0,0,0,0
,,,,,,23,2026-02-01 08:50:12.568553,ATMN,24.84,24.84,25.09,2254400.0,2206000.0,,,0,0,0,0
,,,,,,23,2026-02-01 08:50:12.568553,WNTR,25.03,25.03,25.1,2188100.0,1908900.0,5000.0,15000.0,0,0,0,0
2.0,1.0,1.0,,Aggregate Position Limit,Your CRO has set the aggregate position limit to 11000 shares for this week.,24,2026-02-01 08:50:13.603226,SPNG,25.18,25.06,25.18,2238700.0,2298700.0,,,0,0,0,0
1.0,1.0,1.0,,Welcome to the RITC 2026 Alogithmic Market Making Case - practice server,,24,2026-02-01 08:50:13.603226,SMMR,24.93,24.93,25.1,2103900.0,2167200.0,,,0,0,0,0
,,,,,,24,2026-02-01 08:50:13.603226,ATMN,25.2,24.84,25.2,2254400.0,2166100.0,,,0,0,0,0
,,,,,,24,2026-02-01 08:50:13.603226,WNTR,25.1,25.03,25.06,2199300.0,1901500.0,5000.0,15000.0,0,0,0,0
2.0,1.0,1.0,,Aggregate Position Limit,Your CRO has set the aggregate position limit to 11000 shares for this week.,25,2026-02-01 08:50:14.633585,SPNG,25.48,25.06,25.48,2238700.0,2306900.0,,,0,0,0,0
1.0,1.0,1.0,,Welcome to the RITC 2026 Alogithmic Market Making Case - practice server,,25,2026-02-01 08:50:14.633585,SMMR,24.93,24.93,25.08,2119800.0,2157700.0,,,0,0,0,0
,,,,,,25,2026-02-01 08:50:14.633585,ATMN,25.32,25.33,25.46,2265300.0,2214900.0,,,0,0,0,0
,,,,,,25,2026-02-01 08:50:14.633585,WNTR,25.1,25.03,25.06,2105700.0,1795600.0,10000.0,20000.0,0,0,0,0
2.0,1.0,1.0,,Aggregate Position Limit,Your CRO has set the aggregate position limit to 11000 shares for this week.,26,2026-02-01 08:50:15.658591,SPNG,24.76,24.76,25.33,2262800.0,2310100.0,,,0,0,0,0
1.0,1.0,1.0,,Welcome to the RITC 2026 Alogithmic Market Making Case - practice server,,26,2026-02-01 08:50:15.658591,SMMR,25.08,25.05,25.08,2120900.0,2157700.0,,,0,0,0,0
,,,,,,26,2026-02-01 08:50:15.658591,ATMN,25.33,24.84,25.02,2233100.0,2201200.0,,,0,0,0,0
,,,,,,26,2026-02-01 08:50:15.658591,WNTR,25.06,25.03,25.06,2033000.0,1693900.0,15000.0,25000.0,0,0,0,0
2.0,1.0,1.0,,Aggregate Position Limit,Your CRO has set the aggregate position limit to 11000 shares for this week.,27,2026-02-01 08:50:16.704873,SPNG,24.7,24.7,25.33,2257300.0,2283000.0,,,0,0,0,0
1.0,1.0,1.0,,Welcome to the RITC 2026 Alogithmic Market Making Case - practice server,,27,2026-02-01 08:50:16.704873,SMMR,25.05,24.93,25.0,2133200.0,2158100.0,,,0,0,0,0
,,,,,,27,2026-02-01 08:50:16.704873,ATMN,24.79,24.78,24.79,2245200.0,2205700.0,,,0,0,0,0
,,,,,,27,2026-02-01 08:50:16.704873,WNTR,25.07,25.03,25.07,2243800.0,1692400.0,5000.0,25000.0,0,0,0,0
2.0,1.0,1.0,,Aggregate Position Limit,Your CRO has set the aggregate position limit to 11000 shares for this week.,28,2026-02-01 08:50:17.733271,SPNG,25.49,24.7,25.49,2257300.0,2308900.0,,,0,0,0,0
1.0,1.0,1.0,,Welcome to the RITC 2026 Alogithmic Market Making Case - practice server,,28,2026-02-01 08:50:17.733271,SMMR,24.93,24.9,24.93,2148400.0,2185300.0,,,0,0,0,0
,,,,,,28,2026-02-01 08:50:17.733271,ATMN,24.79,25.03,25.32,2249500.0,2205500.0,,,0,0,0,0
,,,,,,28,2026-02-01 08:50:17.733271,WNTR,25.08,25.03,25.08,2102600.0,1692400.0,10000.0,25000.0,0,0,0,0
2.0,1.0,1.0,,Aggregate Position Limit,Your CRO has set the aggregate position limit to 11000 shares for this week.,29,2026-02-01 08:50:18.773316,SPNG,25.49,24.8,25.26,2240800.0,2278500.0,,,0,0,0,0
1.0,1.0,1.0,,Welcome to the RITC 2026 Alogithmic Market Making Case - practice server,,29,2026-02-01 08:50:18.773316,SMMR,24.93,24.9,24.93,2168400.0,2152500.0,,,0,0,0,0
,,,,,,29,2026-02-01 08:50:18.773316,ATMN,25.03,25.03,25.32,2249500.0,2241200.0,,,0,0,0,0
,,,,,,29,2026-02-01 08:50:18.773316,WNTR,25.01,25.07,25.08,2224700.0,1795600.0,5000.0,20000.0,0,0,0,0
2.0,1.0,1.0,,Aggregate Position Limit,Your CRO has set the aggregate position limit to 11000 shares for this week.,30,2026-02-01 08:50:19.809028,SPNG,25.46,25.46,25.49,2253400.0,2297000.0,,0,0,0,0,0
1.0,1.0,1.0,,Welcome to the RITC 2026 Alogithmic Market Making Case - practice server,,30,2026-02-01 08:50:19.809028,SMMR,24.93,24.9,24.93,2220400.0,2152500.0,,0,0,0,0,0
,,,,,,30,2026-02-01 08:50:19.809028,ATMN,24.76,24.98,25.32,2244800.0,2241200.0,,0,0,0,0,0
,,,,,,30,2026-02-01 08:50:19.809028,WNTR,24.99,24.99,25.08,2282700.0,1795600.0,20000.0,0,0,0,0,0
2.0,1.0,1.0,,Aggregate Position Limit,Your CRO has set the aggregate position limit to 11000 shares for this week.,31,2026-02-01 08:50:20.834737,SPNG,25.46,25.01,25.23,2244800.0,2266300.0,,,0,0,0,0
1.0,1.0,1.0,,Welcome to the RITC 2026 Alogithmic Market Making Case - practice server,,31,2026-02-01 08:50:20.834737,SMMR,24.88,24.88,25.0,2233800.0,2153600.0,,,0,0,0,0
,,,,,,31,2026-02-01 08:50:20.834737,ATMN,24.76,25.03,25.32,2264100.0,2226200.0,,,0,0,0,0
,,,,,,31,2026-02-01 08:50:20.834737,WNTR,25.1,25.1,25.19,2052900.0,1672900.0,10000.0,30000.0,0,0,0,0
2.0,1.0,1.0,,Aggregate Position Limit,Your CRO has set the aggregate position limit to 11000 shares for this week.,32,2026-02-01 08:50:21.867795,SPNG,25.49,25.01,25.49,2238700.0,2249300.0,,,0,0,0,0
1.0,1.0,1.0,,Welcome to the RITC 2026 Alogithmic Market Making Case - practice server,,32,2026-02-01 08:50:21.867795,SMMR,25.06,24.99,25.06,2271700.0,2124100.0,,,0,0,0,0
,,,,,,32,2026-02-01 08:50:21.867795,ATMN,24.85,24.85,25.32,2232500.0,2226200.0,,,0,0,0,0
,,,,,,32,2026-02-01 08:50:21.867795,WNTR,24.98,24.98,25.04,2169900.0,1883800.0,5000.0,15000.0,0,0,0,0
2.0,1.0,1.0,,Aggregate Position Limit,Your CRO has set the aggregate position limit to 11000 shares for this week.,33,2026-02-01 08:50:22.902211,SPNG,25.01,25.01,25.36,2244600.0,2263400.0,,,0,0,0,0
1.0,1.0,1.0,,Welcome to the RITC 2026 Alogithmic Market Making Case - practice server,,33,2026-02-01 08:50:22.902211,SMMR,24.99,24.99,25.06,2269900.0,2124100.0,,,0,0,0,0
,,,,,,33,2026-02-01 08:50:22.902211,ATMN,25.17,25.21,25.32,2252800.0,2226200.0,,,0,0,0,0
,,,,,,33,2026-02-01 08:50:22.902211,WNTR,25.19,25.02,25.19,2176100.0,1783300.0,5000.0,20000.0,0,0,0,0
2.0,1.0,1.0,,Aggregate Position Limit,Your CRO has set the aggregate position limit to 11000 shares for this week.,34,2026-02-01 08:50:23.936884,SPNG,25.04,25.01,25.04,2244600.0,2312600.0,,,0,0,0,0
1.0,1.0,1.0,,Welcome to the RITC 2026 Alogithmic Market Making Case - practice server,,34,2026-02-01 08:50:23.936884,SMMR,24.97,24.97,25.05,2264700.0,2142700.0,,,0,0,0,0
,,,,,,34,2026-02-01 08:50:23.936884,ATMN,25.17,25.21,25.23,2252800.0,2228000.0,,,0,0,0,0
,,,,,,34,2026-02-01 08:50:23.936884,WNTR,25.19,25.21,25.25,2066200.0,1791700.0,10000.0,20000.0,0,0,0,0
2.0,1.0,1.0,,Aggregate Position Limit,Your CRO has set the aggregate position limit to 11000 shares for this week.,35,2026-02-01 08:50:24.970613,SPNG,25.44,25.01,25.21,2278700.0,2294000.0,,,0,0,0,0
1.0,1.0,1.0,,Welcome to the RITC 2026 Alogithmic Market Making Case - practice server,,35,2026-02-01 08:50:24.970613,SMMR,24.95,25.02,25.05,2246600.0,2157000.0,,,0,0,0,0
,,,,,,35,2026-02-01 08:50:24.970613,ATMN,25.21,24.85,25.19,2269800.0,2210600.0,,,0,0,0,0
,,,,,,35,2026-02-01 08:50:24.970613,WNTR,25.02,25.12,25.25,2187500.0,1771900.0,5000.0,20000.0,0,0,0,0
2.0,1.0,1.0,,Aggregate Position Limit,Your CRO has set the aggregate position limit to 11000 shares for this week.,36,2026-02-01 08:50:26.003329,SPNG,24.82,24.82,25.21,2274900.0,2293400.0,,,0,0,0,0
1.0,1.0,1.0,,Welcome to the RITC 2026 Alogithmic Market Making Case - practice server,,36,2026-02-01 08:50:26.003329,SMMR,24.94,24.9,24.94,2252900.0,2121700.0,,,0,0,0,0
,,,,,,36,2026-02-01 08:50:26.003329,ATMN,24.99,24.99,25.19,2275300.0,2194800.0,,,0,0,0,0
,,,,,,36,2026-02-01 08:50:26.003329,WNTR,25.02,25.12,25.25,2072500.0,1755600.0,10000.0,20000.0,0,0,0,0
2.0,1.0,1.0,,Aggregate Position Limit,Your CRO has set the aggregate position limit to 11000 shares for this week.,37,2026-02-01 08:50:27.028176,SPNG,25.4,24.82,25.4,2274900.0,2279200.0,,,0,0,0,0
1.0,1.0,1.0,,Welcome to the RITC 2026 Alogithmic Market Making Case - practice server,,37,2026-02-01 08:50:27.028176,SMMR,24.94,24.95,24.98,2261300.0,2137800.0,,,0,0,0,0
,,,,,,37,2026-02-01 08:50:27.028176,ATMN,24.85,24.85,25.19,2273900.0,2194800.0,,,0,0,0,0
,,,,,,37,2026-02-01 08:50:27.028176,WNTR,24.98,24.98,25.1,2169900.0,1594500.0,5000.0,30000.0,0,0,0,0
2.0,1.0,1.0,,Aggregate Position Limit,Your CRO has set the aggregate position limit to 11000 shares for this week.,38,2026-02-01 08:50:28.063529,SPNG,25.44,24.76,24.97,2311900.0,2311400.0,,,0,0,0,0
1.0,1.0,1.0,,Welcome to the RITC 2026 Alogithmic Market Making Case - practice server,,38,2026-02-01 08:50:28.063529,SMMR,24.99,24.92,24.99,2283300.0,2125700.0,,,0,0,0,0
,,,,,,38,2026-02-01 08:50:28.063529,ATMN,25.2,25.18,25.2,2237400.0,2217000.0,,,0,0,0,0
,,,,,,38,2026-02-01 08:50:28.063529,WNTR,24.98,24.98,25.03,2196600.0,1506900.0,5000.0,40000.0,0,0,0,0
2.0,1.0,1.0,,Aggregate Position Limit,Your CRO has set the aggregate position limit to 11000 shares for this week.,39,2026-02-01 08:50:29.093439,SPNG,24.97,25.15,25.32,2309800.0,2301500.0,,,0,0,0,0
1.0,1.0,1.0,,Welcome to the RITC 2026 Alogithmic Market Making Case - practice server,,39,2026-02-01 08:50:29.093439,SMMR,24.99,24.98,24.99,2267700.0,2125700.0,,,0,0,0,0
,,,,,,39,2026-02-01 08:50:29.093439,ATMN,25.1,25.1,25.23,2239200.0,2227800.0,,,0,0,0,0
,,,,,,39,2026-02-01 08:50:29.093439,WNTR,25.03,25.07,25.1,2194800.0,1640300.0,5000.0,30000.0,0,0,0,0
2.0,1.0,1.0,,Aggregate Position Limit,Your CRO has set the aggregate position limit to 11000 shares for this week.,40,2026-02-01 08:50:30.122773,SPNG,24.76,24.7,24.72,2315600.0,2306200.0,,,0,0,0,0
1.0,1.0,1.0,,Welcome to the RITC 2026 Alogithmic Market Making Case - practice server,,40,2026-02-01 08:50:30.122773,SMMR,25.05,24.98,25.05,2263500.0,2157000.0,,,0,0,0,0
,,,,,,40,2026-02-01 08:50:30.122773,ATMN,25.32,24.94,25.32,2279800.0,2225400.0,,,0,0,0,0
,,,,,,40,2026-02-01 08:50:30.122773,WNTR,25.03,25.07,25.1,2200600.0,1640300.0,5000.0,25000.0,0,0,0,0
2.0,1.0,1.0,,Aggregate Position Limit,Your CRO has set the aggregate position limit to 11000 shares for this week.,41,2026-02-01 08:50:31.157580,SPNG,25.18,25.18,25.25,2313500.0,2298800.0,,,0,0,0,0
1.0,1.0,1.0,,Welcome to the RITC 2026 Alogithmic Market Making Case - practice server,,41,2026-02-01 08:50:31.157580,SMMR,25.05,24.98,25.05,2272400.0,2138600.0,,,0,0,0,0
,,,,,,41,2026-02-01 08:50:31.157580,ATMN,25.19,25.19,25.32,2271200.0,2229900.0,,,0,0,0,0
,,,,,,41,2026-02-01 08:50:31.157580,WNTR,25.03,25.07,25.09,2086300.0,1637400.0,10000.0,25000.0,0,0,0,0
2.0,1.0,1.0,,Aggregate Position Limit,Your CRO has set the aggregate position limit to 11000 shares for this week.,42,2026-02-01 08:50:32.201654,SPNG,24.99,24.7,24.99,2315600.0,2324500.0,,,0,0,0,0
1.0,1.0,1.0,,Welcome to the RITC 2026 Alogithmic Market Making Case - practice server,,42,2026-02-01 08:50:32.201654,SMMR,25.14,25.06,25.14,2283600.0,2144500.0,,,0,0,0,0
,,,,,,42,2026-02-01 08:50:32.201654,ATMN,25.19,25.19,25.27,2270100.0,2228400.0,,,0,0,0,0
,,,,,,42,2026-02-01 08:50:32.201654,WNTR,24.98,24.98,25.09,2078900.0,1611300.0,10000.0,25000.0,0,0,0,0
2.0,1.0,1.0,,Aggregate Position Limit,Your CRO has set the aggregate position limit to 11000 shares for this week.,43,2026-02-01 08:50:33.223657,SPNG,25.32,24.76,25.32,2285500.0,2301500.0,,,0,0,0,0
1.0,1.0,1.0,,Welcome to the RITC 2026 Alogithmic Market Making Case - practice server,,43,2026-02-01 08:50:33.223657,SMMR,25.06,25.06,25.14,2276500.0,2144500.0,,,0,0,0,0
,,,,,,43,2026-02-01 08:50:33.223657,ATMN,24.94,24.75,24.83,2263800.0,2258600.0,,,0,0,0,0
,,,,,,43,2026-02-01 08:50:33.223657,WNTR,25.09,24.97,25.09,2172800.0,1727200.0,5000.0,20000.0,0,0,0,0
2.0,1.0,1.0,,Aggregate Position Limit,Your CRO has set the aggregate position limit to 11000 shares for this week.,44,2026-02-01 08:50:34.266956,SPNG,25.32,25.16,25.32,2269000.0,2301500.0,,0,0,0,0,0
1.0,1.0,1.0,,Welcome to the RITC 2026 Alogithmic Market Making Case - practice server,,44,2026-02-01 08:50:34.266956,SMMR,25.14,25.06,25.14,2276500.0,2127300.0,,0,0,0,0,0
,,,,,,44,2026-02-01 08:50:34.266956,ATMN,24.83,25.08,25.25,2261900.0,2250700.0,,0,0,0,0,0
,,,,,,44,2026-02-01 08:50:34.266956,WNTR,24.96,24.96,25.09,2324200.0,1729600.0,20000.0,0,0,0,0,0
2.0,1.0,1.0,,Aggregate Position Limit,Your CRO has set the aggregate position limit to 11000 shares for this week.,45,2026-02-01 08:50:35.281607,SPNG,24.7,24.7,25.37,2315600.0,2310700.0,,,0,0,0,0
1.0,1.0,1.0,,Welcome to the RITC 2026 Alogithmic Market Making Case - practice server,,45,2026-02-01 08:50:35.281607,SMMR,24.98,24.98,25.01,2278400.0,2158100.0,,,0,0,0,0
,,,,,,45,2026-02-01 08:50:35.281607,ATMN,25.42,25.08,25.42,2261900.0,2264800.0,,,0,0,0,0
,,,,,,45,2026-02-01 08:50:35.281607,WNTR,24.96,24.96,25.06,2192800.0,1645800.0,5000.0,35000.0,0,0,0,0
2.0,1.0,1.0,,Aggregate Position Limit,Your CRO has set the aggregate position limit to 11000 shares for this week.,46,2026-02-01 08:50:36.344734,SPNG,24.73,25.33,25.37,2296300.0,2310700.0,,,0,0,0,0
1.0,1.0,1.0,,Welcome to the RITC 2026 Alogithmic Market Making Case - practice server,,46,2026-02-01 08:50:36.344734,SMMR,24.98,24.98,25.01,2232500.0,2158100.0,,,0,0,0,0
,,,,,,46,2026-02-01 08:50:36.344734,ATMN,24.75,24.75,25.36,2294600.0,2246300.0,,,0,0,0,0
,,,,,,46,2026-02-01 08:50:36.344734,WNTR,24.95,24.95,25.06,2198700.0,1645800.0,5000.0,40000.0,0,0,0,0
2.0,1.0,1.0,,Aggregate Position Limit,Your CRO has set the aggregate position limit to 11000 shares for this week.,47,2026-02-01 08:50:37.373391,SPNG,25.48,24.7,25.48,2315600.0,2304200.0,,,0,0,0,0
1.0,1.0,1.0,,Welcome to the RITC 2026 Alogithmic Market Making Case - practice server,,47,2026-02-01 08:50:37.373391,SMMR,25.01,24.98,25.01,2232500.0,2132000.0,,,0,0,0,0
,,,,,,47,2026-02-01 08:50:37.373391,ATMN,25.42,25.14,25.42,2277800.0,2264800.0,,,0,0,0,0
,,,,,,47,2026-02-01 08:50:37.373391,WNTR,24.92,24.92,25.06,2197100.0,1666700.0,5000.0,40000.0,0,0,0,0
2.0,1.0,1.0,,Aggregate Position Limit,Your CRO has set the aggregate position limit to 11000 shares for this week.,48,2026-02-01 08:50:38.403124,SPNG,25.48,25.01,25.27,2287900.0,2313500.0,,,0,0,0,0
1.0,1.0,1.0,,Welcome to the RITC 2026 Alogithmic Market Making Case - practice server,,48,2026-02-01 08:50:38.403124,SMMR,24.98,24.98,25.14,2234500.0,2118200.0,,,0,0,0,0
,,,,,,48,2026-02-01 08:50:38.403124,ATMN,25.47,24.93,25.47,2284000.0,2297800.0,,,0,0,0,0
,,,,,,48,2026-02-01 08:50:38.403124,WNTR,24.91,25.04,25.06,2198300.0,1694100.0,5000.0,35000.0,0,0,0,0
2.0,1.0,1.0,,Aggregate Position Limit,Your CRO has set the aggregate position limit to 11000 shares for this week.,49,2026-02-01 08:50:39.434018,SPNG,25.01,24.96,24.98,2302100.0,2307800.0,,,0,0,0,0
1.0,1.0,1.0,,Welcome to the RITC 2026 Alogithmic Market Making Case - practice server,,49,2026-02-01 08:50:39.434018,SMMR,25.14,25.14,25.15,2238900.0,2134000.0,,,0,0,0,0
,,,,,,49,2026-02-01 08:50:39.434018,ATMN,25.5,25.21,25.5,2310000.0,2265800.0,,,0,0,0,0
,,,,,,49,2026-02-01 08:50:39.434018,WNTR,25.04,24.91,24.95,2158700.0,1694900.0,5000.0,35000.0,0,0,0,0
2.0,1.0,1.0,,Aggregate Position Limit,Your CRO has set the aggregate position limit to 11000 shares for this week.,50,2026-02-01 08:50:40.461642,SPNG,25.47,24.96,25.47,2338700.0,2320100.0,,,0,0,0,0
1.0,1.0,1.0,,Welcome to the RITC 2026 Alogithmic Market Making Case - practice server,,50,2026-02-01 08:50:40.461642,SMMR,25.16,24.98,25.16,2234500.0,2114700.0,,,0,0,0,0
,,,,,,50,2026-02-01 08:50:40.461642,ATMN,25.21,25.21,25.23,2323400.0,2286200.0,,,0,0,0,0
,,,,,,50,2026-02-01 08:50:40.461642,WNTR,25.06,24.91,24.94,2161400.0,1694100.0,5000.0,40000.0,0,0,0,0
2.0,1.0,1.0,,Aggregate Position Limit,Your CRO has set the aggregate position limit to 11000 shares for this week.,51,2026-02-01 08:50:41.491190,SPNG,24.96,24.96,25.3,2338700.0,2338700.0,,0,0,0,0,0
1.0,1.0,1.0,,Welcome to the RITC 2026 Alogithmic Market Making Case - practice server,,51,2026-02-01 08:50:41.491190,SMMR,24.98,24.94,24.96,2216200.0,2142000.0,,0,0,0,0,0
,,,,,,51,2026-02-01 08:50:41.491190,ATMN,25.23,25.21,25.23,2291300.0,2286200.0,,0,0,0,0,0
,,,,,,51,2026-02-01 08:50:41.491190,WNTR,25.02,24.91,25.0,2279000.0,2023700.0,15000.0,0,0,0,0,0
2.0,1.0,1.0,,Aggregate Position Limit,Your CRO has set the aggregate position limit to 11000 shares for this week.,52,2026-02-01 08:50:42.519798,SPNG,25.3,24.96,25.3,2338700.0,2332800.0,,0,0,0,0,0
1.0,1.0,1.0,,Welcome to the RITC 2026 Alogithmic Market Making Case - practice server,,52,2026-02-01 08:50:42.519798,SMMR,24.96,25.07,25.16,2208800.0,2114700.0,,0,0,0,0,0
,,,,,,52,2026-02-01 08:50:42.519798,ATMN,25.23,25.28,25.5,2238700.0,2265800.0,,0,0,0,0,0
,,,,,,52,2026-02-01 08:50:42.519798,WNTR,25.03,24.91,24.99,2279000.0,2152900.0,7100.0,0,0,0,0,0
2.0,1.0,1.0,,Aggregate Position Limit,Your CRO has set the aggregate position limit to 11000 shares for this week.,53,2026-02-01 08:50:43.553323,SPNG,25.4,24.96,25.19,2338700.0,2300300.0,0,0,0,0,0,0
1.0,1.0,1.0,,Welcome to the RITC 2026 Alogithmic Market Making Case - practice server,,53,2026-02-01 08:50:43.553323,SMMR,24.96,25.07,25.15,2208800.0,2111000.0,0,0,0,0,0,0
,,,,,,53,2026-02-01 08:50:43.553323,ATMN,25.5,25.1,25.5,2249400.0,2265800.0,0,0,0,0,0,0
,,,,,,53,2026-02-01 08:50:43.553323,WNTR,24.91,24.91,25.05,2265300.0,2278900.0,0,0,0,0,0,0
2.0,1.0,1.0,,Aggregate Position Limit,Your CRO has set the aggregate position limit to 11000 shares for this week.,54,2026-02-01 08:50:44.581265,SPNG,24.68,24.68,25.05,2332900.0,2346000.0,0,0,0,0,0,0
1.0,1.0,1.0,,Welcome to the RITC 2026 Alogithmic Market Making Case - practice server,,54,2026-02-01 08:50:44.581265,SMMR,25.16,24.94,25.16,2189200.0,2108400.0,0,0,0,0,0,0
,,,,,,54,2026-02-01 08:50:44.581265,ATMN,25.52,25.1,25.52,2280600.0,2264200.0,0,0,0,0,0,0
,,,,,,54,2026-02-01 08:50:44.581265,WNTR,24.9,24.9,25.05,2294900.0,2278900.0,0,0,0,0,0,0
2.0,1.0,1.0,,Aggregate Position Limit,Your CRO has set the aggregate position limit to 11000 shares for this week.,55,2026-02-01 08:50:45.613568,SPNG,25.05,25.21,25.43,2324800.0,2330800.0,0,0,0,0,0,0
1.0,1.0,1.0,,Welcome to the RITC 2026 Alogithmic Market Making Case - practice server,,55,2026-02-01 08:50:45.613568,SMMR,25.16,25.07,25.16,2196100.0,2094200.0,0,0,0,0,0,0
,,,,,,55,2026-02-01 08:50:45.613568,ATMN,25.53,25.1,25.34,2280600.0,2240400.0,0,0,0,0,0,0
,,,,,,55,2026-02-01 08:50:45.613568,WNTR,25.0,25.0,25.05,2282300.0,2287300.0,0,0,0,0,0,0
2.0,1.0,1.0,,Aggregate Position Limit,Your CRO has set the aggregate position limit to 11000 shares for this week.,57,2026-02-01 08:50:46.635355,SPNG,24.86,25.28,25.43,2337000.0,2330800.0,0,0,0,0,0,0
1.0,1.0,1.0,,Welcome to the RITC 2026 Alogithmic Market Making Case - practice server,,57,2026-02-01 08:50:46.635355,SMMR,25.07,25.07,25.16,2196100.0,2121100.0,0,0,0,0,0,0
,,,,,,57,2026-02-01 08:50:46.635355,ATMN,25.53,25.1,25.34,2276400.0,2259300.0,0,0,0,0,0,0
,,,,,,57,2026-02-01 08:50:46.635355,WNTR,24.88,24.88,25.05,2327100.0,2267800.0,0,0,0,0,0,0
2.0,1.0,1.0,,Aggregate Position Limit,Your CRO has set the aggregate position limit to 11000 shares for this week.,58,2026-02-01 08:50:47.695539,SPNG,25.43,24.68,25.43,2334600.0,2330800.0,0,0,0,0,0,0
1.0,1.0,1.0,,Welcome to the RITC 2026 Alogithmic Market Making Case - practice server,,58,2026-02-01 08:50:47.695539,SMMR,24.93,24.93,25.0,2181600.0,2102600.0,0,0,0,0,0,0
,,,,,,58,2026-02-01 08:50:47.695539,ATMN,25.1,25.33,25.34,2280800.0,2246200.0,0,0,0,0,0,0
,,,,,,58,2026-02-01 08:50:47.695539,WNTR,24.88,24.88,24.96,2327100.0,2295500.0,0,0,0,0,0,0
2.0,1.0,1.0,,Aggregate Position Limit,Your CRO has set the aggregate position limit to 11000 shares for this week.,59,2026-02-01 08:50:48.733498,SPNG,25.47,24.71,25.47,2318400.0,2316200.0,0,0,0,0,0,0
1.0,1.0,1.0,,Welcome to the RITC 2026 Alogithmic Market Making Case - practice server,,59,2026-02-01 08:50:48.733498,SMMR,25.0,25.08,25.16,2215500.0,2121100.0,0,0,0,0,0,0
,,,,,,59,2026-02-01 08:50:48.733498,ATMN,25.1,25.1,25.31,2276400.0,2217500.0,0,0,0,0,0,0
,,,,,,59,2026-02-01 08:50:48.733498,WNTR,24.88,24.88,24.92,2321500.0,2310400.0,0,0,0,0,0,0
2.0,1.0,1.0,,Aggregate Position Limit,Your CRO has set the aggregate position limit to 11000 shares for this week.,60,2026-02-01 08:50:49.753486,SPNG,24.92,25.36,0.0,200000.0,0,0,0,0,0,0,0
1.0,1.0,1.0,,Welcome to the RITC 2026 Alogithmic Market Making Case - practice server,,60,2026-02-01 08:50:49.753486,SMMR,25.08,25.55,0.0,200000.0,0,0,0,0,0,0,0
,,,,,,60,2026-02-01 08:50:49.753486,ATMN,24.95,24.44,0.0,200000.0,0,0,0,0,0,0,0
,,,,,,60,2026-02-01 08:50:49.753486,WNTR,24.89,25.16,0.0,200000.0,0,0,0,0,0,0,0
2.0,1.0,1.0,,Aggregate Position Limit,Your CRO has set the aggregate position limit to 11000 shares for this week.,61,2026-02-01 08:50:50.771486,SPNG,25.36,25.36,25.95,998500.0,951300.0,,0,0,0,0,0
1.0,1.0,1.0,,Welcome to the RITC 2026 Alogithmic Market Making Case - practice server,,61,2026-02-01 08:50:50.771486,SMMR,25.73,25.59,25.73,901600.0,806500.0,,0,0,0,0,0
,,,,,,61,2026-02-01 08:50:50.771486,ATMN,23.83,24.29,24.77,1315800.0,836500.0,,0,0,0,0,0
,,,,,,61,2026-02-01 08:50:50.771486,WNTR,25.16,25.16,25.52,904700.0,912900.0,5000.0,0,0,0,0,0
2.0,1.0,1.0,,Aggregate Position Limit,Your CRO has set the aggregate position limit to 11000 shares for this week.,62,2026-02-01 08:50:51.797798,SPNG,25.7,24.61,25.7,1161300.0,1075000.0,,,0,0,0,0
1.0,1.0,1.0,,Welcome to the RITC 2026 Alogithmic Market Making Case - practice server,,62,2026-02-01 08:50:51.797798,SMMR,25.59,25.45,25.58,1072300.0,919600.0,,,0,0,0,0
,,,,,,62,2026-02-01 08:50:51.797798,ATMN,24.29,23.83,24.28,1322700.0,1071700.0,,,0,0,0,0
,,,,,,62,2026-02-01 08:50:51.797798,WNTR,25.16,25.16,25.52,904700.0,1363700.0,10000.0,10000.0,0,0,0,0
2.0,1.0,1.0,,Aggregate Position Limit,Your CRO has set the aggregate position limit to 11000 shares for this week.,63,2026-02-01 08:50:52.824356,SPNG,25.12,25.12,25.7,1297100.0,1179900.0,,,0,0,0,0
1.0,1.0,1.0,,Welcome to the RITC 2026 Alogithmic Market Making Case - practice server,,63,2026-02-01 08:50:52.824356,SMMR,25.9,25.46,25.86,1307600.0,911500.0,,,0,0,0,0
,,,,,,63,2026-02-01 08:50:52.824356,ATMN,24.41,23.95,24.41,1526200.0,943800.0,,,0,0,0,0
,,,,,,63,2026-02-01 08:50:52.824356,WNTR,25.14,25.16,25.39,1043600.0,1494900.0,5000.0,20000.0,0,0,0,0
2.0,1.0,1.0,,Aggregate Position Limit,Your CRO has set the aggregate position limit to 11000 shares for this week.,64,2026-02-01 08:50:53.857477,SPNG,25.12,25.12,25.54,1297100.0,1630100.0,,,0,0,0,0
1.0,1.0,1.0,,Welcome to the RITC 2026 Alogithmic Market Making Case - practice server,,64,2026-02-01 08:50:53.857477,SMMR,25.9,25.47,25.61,1419600.0,1148100.0,,,0,0,0,0
,,,,,,64,2026-02-01 08:50:53.857477,ATMN,24.41,24.22,24.41,1770200.0,1068900.0,,,0,0,0,0
,,,,,,64,2026-02-01 08:50:53.857477,WNTR,24.89,24.89,25.31,911400.0,1576100.0,5000.0,25000.0,0,0,0,0
2.0,1.0,1.0,,Aggregate Position Limit,Your CRO has set the aggregate position limit to 11000 shares for this week.,65,2026-02-01 08:50:54.887068,SPNG,25.54,25.12,25.54,1569300.0,1630100.0,,,0,0,0,0
1.0,1.0,1.0,,Welcome to the RITC 2026 Alogithmic Market Making Case - practice server,,65,2026-02-01 08:50:54.887068,SMMR,25.9,25.56,25.61,1508700.0,1390000.0,,,0,0,0,0
,,,,,,65,2026-02-01 08:50:54.887068,ATMN,24.22,24.22,24.77,1770200.0,836500.0,,,0,0,0,0
,,,,,,65,2026-02-01 08:50:54.887068,WNTR,25.04,25.09,25.31,1102100.0,1576100.0,5000.0,25000.0,0,0,0,0
2.0,1.0,1.0,,Aggregate Position Limit,Your CRO has set the aggregate position limit to 11000 shares for this week.,66,2026-02-01 08:50:55.908607,SPNG,25.7,25.82,25.95,1858500.0,1280700.0,,,0,0,0,0
1.0,1.0,1.0,,Welcome to the RITC 2026 Alogithmic Market Making Case - practice server,,66,2026-02-01 08:50:55.908607,SMMR,25.47,25.47,25.56,1419600.0,1513000.0,,,0,0,0,0
,,,,,,66,2026-02-01 08:50:55.908607,ATMN,23.95,24.23,24.76,1791400.0,936700.0,,,0,0,0,0
,,,,,,66,2026-02-01 08:50:55.908607,WNTR,24.75,24.91,25.05,1066300.0,1618400.0,5000.0,25000.0,0,0,0,0
2.0,1.0,1.0,,Aggregate Position Limit,Your CRO has set the aggregate position limit to 11000 shares for this week.,67,2026-02-01 08:50:56.931746,SPNG,25.95,25.12,25.95,1726900.0,1375500.0,,,0,0,0,0
1.0,1.0,1.0,,Welcome to the RITC 2026 Alogithmic Market Making Case - practice server,,67,2026-02-01 08:50:56.931746,SMMR,25.56,25.46,25.56,1307600.0,1625400.0,,,0,0,0,0
,,,,,,67,2026-02-01 08:50:56.931746,ATMN,24.76,23.92,24.76,1568500.0,936700.0,,,0,0,0,0
,,,,,,67,2026-02-01 08:50:56.931746,WNTR,24.91,25.24,25.31,1194500.0,1576100.0,10000.0,25000.0,0,0,0,0
2.0,1.0,1.0,,Aggregate Position Limit,Your CRO has set the aggregate position limit to 11000 shares for this week.,68,2026-02-01 08:50:57.956655,SPNG,24.99,24.91,24.99,1804300.0,1493500.0,,,0,0,0,0
1.0,1.0,1.0,,Welcome to the RITC 2026 Alogithmic Market Making Case - practice server,,68,2026-02-01 08:50:57.956655,SMMR,25.77,25.45,25.77,1292600.0,1265800.0,,,0,0,0,0
,,,,,,68,2026-02-01 08:50:57.956655,ATMN,24.29,24.29,24.6,1689800.0,1045700.0,,,0,0,0,0
,,,,,,68,2026-02-01 08:50:57.956655,WNTR,24.91,25.24,25.31,1288100.0,1625000.0,10000.0,25000.0,0,0,0,0
2.0,1.0,1.0,,Aggregate Position Limit,Your CRO has set the aggregate position limit to 11000 shares for this week.,69,2026-02-01 08:50:58.988247,SPNG,24.91,25.26,25.95,2018300.0,1375500.0,,,0,0,0,0
1.0,1.0,1.0,,Welcome to the RITC 2026 Alogithmic Market Making Case - practice server,,69,2026-02-01 08:50:58.988247,SMMR,25.77,25.45,25.58,1292600.0,1603800.0,,,0,0,0,0
,,,,,,69,2026-02-01 08:50:58.988247,ATMN,24.46,23.92,23.97,1568500.0,1148600.0,,,0,0,0,0
,,,,,,69,2026-02-01 08:50:58.988247,WNTR,25.24,25.24,25.31,1288100.0,1615500.0,15000.0,25000.0,0,0,0,0
2.0,1.0,1.0,,Aggregate Position Limit,Your CRO has set the aggregate position limit to 11000 shares for this week.,70,2026-02-01 08:51:00.012850,SPNG,25.95,25.26,25.95,2018300.0,1496100.0,,,0,0,0,0
1.0,1.0,1.0,,Welcome to the RITC 2026 Alogithmic Market Making Case - practice server,,70,2026-02-01 08:51:00.012850,SMMR,25.77,25.49,25.58,1497800.0,1693100.0,,,0,0,0,0
,,,,,,70,2026-02-01 08:51:00.012850,ATMN,24.08,24.23,24.6,1819600.0,1045700.0,,,0,0,0,0
,,,,,,70,2026-02-01 08:51:00.012850,WNTR,25.24,25.12,25.16,1258500.0,1554200.0,10000.0,30000.0,0,0,0,0
2.0,1.0,1.0,,Aggregate Position Limit,Your CRO has set the aggregate position limit to 11000 shares for this week.,71,2026-02-01 08:51:01.033432,SPNG,25.26,24.91,25.02,1903900.0,1802900.0,,,0,0,0,0
1.0,1.0,1.0,,Welcome to the RITC 2026 Alogithmic Market Making Case - practice server,,71,2026-02-01 08:51:01.033432,SMMR,25.49,25.45,25.48,1381000.0,2016900.0,,,0,0,0,0
,,,,,,71,2026-02-01 08:51:01.033432,ATMN,24.76,24.23,24.71,1914800.0,1186200.0,,,0,0,0,0
,,,,,,71,2026-02-01 08:51:01.033432,WNTR,25.16,25.29,25.31,1382600.0,1660700.0,10000.0,25000.0,0,0,0,0
2.0,1.0,1.0,,Aggregate Position Limit,Your CRO has set the aggregate position limit to 11000 shares for this week.,72,2026-02-01 08:51:02.062412,SPNG,25.02,25.65,25.95,2232400.0,1688100.0,,,0,0,0,0
1.0,1.0,1.0,,Welcome to the RITC 2026 Alogithmic Market Making Case - practice server,,72,2026-02-01 08:51:02.062412,SMMR,25.45,25.45,25.48,1289700.0,2171400.0,,,0,0,0,0
,,,,,,72,2026-02-01 08:51:02.062412,ATMN,24.23,24.23,24.69,1914800.0,1400500.0,,,0,0,0,0
,,,,,,72,2026-02-01 08:51:02.062412,WNTR,25.12,25.12,25.31,1258500.0,1647700.0,15000.0,25000.0,0,0,0,0
2.0,1.0,1.0,,Aggregate Position Limit,Your CRO has set the aggregate position limit to 11000 shares for this week.,73,2026-02-01 08:51:03.086474,SPNG,24.9,25.41,25.52,2134900.0,1906200.0,,,0,0,0,0
1.0,1.0,1.0,,Welcome to the RITC 2026 Alogithmic Market Making Case - practice server,,73,2026-02-01 08:51:03.086474,SMMR,25.48,25.49,25.5,1610900.0,2141600.0,,,0,0,0,0
,,,,,,73,2026-02-01 08:51:03.086474,ATMN,24.23,24.23,24.35,1914800.0,1906300.0,,,0,0,0,0
,,,,,,73,2026-02-01 08:51:03.086474,WNTR,25.35,25.22,25.35,1386200.0,1769400.0,15000.0,20000.0,0,0,0,0
2.0,1.0,1.0,,Aggregate Position Limit,Your CRO has set the aggregate position limit to 11000 shares for this week.,74,2026-02-01 08:51:04.108264,SPNG,24.9,25.41,25.52,2134900.0,2121300.0,,,0,0,0,0
1.0,1.0,1.0,,Welcome to the RITC 2026 Alogithmic Market Making Case - practice server,,74,2026-02-01 08:51:04.108264,SMMR,25.58,25.49,25.58,1610900.0,1933400.0,,,0,0,0,0
,,,,,,74,2026-02-01 08:51:04.108264,ATMN,24.08,24.08,24.35,1687100.0,2009700.0,,,0,0,0,0
,,,,,,74,2026-02-01 08:51:04.108264,WNTR,25.22,25.12,25.19,1258500.0,1755200.0,10000.0,20000.0,0,0,0,0
2.0,1.0,1.0,,Aggregate Position Limit,Your CRO has set the aggregate position limit to 11000 shares for this week.,75,2026-02-01 08:51:05.133625,SPNG,25.41,24.9,25.24,2150900.0,2170000.0,,,0,0,0,0
1.0,1.0,1.0,,Welcome to the RITC 2026 Alogithmic Market Making Case - practice server,,75,2026-02-01 08:51:05.133625,SMMR,25.58,25.49,25.54,1724200.0,2043800.0,,,0,0,0,0
,,,,,,75,2026-02-01 08:51:05.133625,ATMN,24.69,24.08,24.69,1687100.0,1655600.0,,,0,0,0,0
,,,,,,75,2026-02-01 08:51:05.133625,WNTR,24.91,25.02,25.19,1284600.0,1646100.0,10000.0,25000.0,0,0,0,0
2.0,1.0,1.0,,Aggregate Position Limit,Your CRO has set the aggregate position limit to 11000 shares for this week.,76,2026-02-01 08:51:06.165944,SPNG,25.52,24.9,25.52,2397500.0,2121300.0,,,0,0,0,0
1.0,1.0,1.0,,Welcome to the RITC 2026 Alogithmic Market Making Case - practice server,,76,2026-02-01 08:51:06.165944,SMMR,25.54,25.49,25.54,1839600.0,2130200.0,,,0,0,0,0
,,,,,,76,2026-02-01 08:51:06.165944,ATMN,23.92,24.53,24.69,1676100.0,1770700.0,,,0,0,0,0
,,,,,,76,2026-02-01 08:51:06.165944,WNTR,25.2,25.02,25.2,1284600.0,1657500.0,10000.0,25000.0,0,0,0,0
2.0,1.0,1.0,,Aggregate Position Limit,Your CRO has set the aggregate position limit to 11000 shares for this week.,77,2026-02-01 08:51:07.201810,SPNG,25.57,25.29,25.35,2496800.0,2139000.0,,,0,0,0,0
1.0,1.0,1.0,,Welcome to the RITC 2026 Alogithmic Market Making Case - practice server,,77,2026-02-01 08:51:07.201810,SMMR,25.58,25.59,25.6,2078600.0,1928300.0,,,0,0,0,0
,,,,,,77,2026-02-01 08:51:07.201810,ATMN,24.53,23.92,24.36,1568500.0,2120300.0,,,0,0,0,0
,,,,,,77,2026-02-01 08:51:07.201810,WNTR,25.2,25.02,25.2,1381200.0,1681300.0,10000.0,25000.0,0,0,0,0
2.0,1.0,1.0,,Aggregate Position Limit,Your CRO has set the aggregate position limit to 11000 shares for this week.,78,2026-02-01 08:51:08.223442,SPNG,24.9,24.9,25.35,2626500.0,2174500.0,,,0,0,0,0
1.0,1.0,1.0,,Welcome to the RITC 2026 Alogithmic Market Making Case - practice server,,78,2026-02-01 08:51:08.223442,SMMR,25.48,25.48,25.6,1974800.0,1928300.0,,,0,0,0,0
,,,,,,78,2026-02-01 08:51:08.223442,ATMN,24.56,24.18,24.56,1797300.0,2007600.0,,,0,0,0,0
,,,,,,78,2026-02-01 08:51:08.223442,WNTR,25.26,25.02,25.19,1381200.0,1566700.0,15000.0,30000.0,0,0,0,0
2.0,1.0,1.0,,Aggregate Position Limit,Your CRO has set the aggregate position limit to 11000 shares for this week.,79,2026-02-01 08:51:09.256621,SPNG,24.9,25.15,25.35,2387700.0,2174500.0,,,0,0,0,0
1.0,1.0,1.0,,Welcome to the RITC 2026 Alogithmic Market Making Case - practice server,,79,2026-02-01 08:51:09.256621,SMMR,25.6,25.48,25.6,2103400.0,2042700.0,,,0,0,0,0
,,,,,,79,2026-02-01 08:51:09.256621,ATMN,24.27,24.38,24.56,2141400.0,2007600.0,,,0,0,0,0
,,,,,,79,2026-02-01 08:51:09.256621,WNTR,24.91,24.91,25.26,1285400.0,1676300.0,10000.0,25000.0,0,0,0,0
2.0,1.0,1.0,,Aggregate Position Limit,Your CRO has set the aggregate position limit to 11000 shares for this week.,80,2026-02-01 08:51:10.283510,SPNG,25.35,25.29,25.35,2352800.0,2174500.0,,,0,0,0,0
1.0,1.0,1.0,,Welcome to the RITC 2026 Alogithmic Market Making Case - practice server,,80,2026-02-01 08:51:10.283510,SMMR,25.62,25.45,25.62,1988000.0,1802400.0,,,0,0,0,0
,,,,,,80,2026-02-01 08:51:10.283510,ATMN,24.18,24.18,24.29,2020700.0,2234000.0,,,0,0,0,0
,,,,,,80,2026-02-01 08:51:10.283510,WNTR,24.91,25.01,25.02,1496300.0,1682300.0,15000.0,25000.0,0,0,0,0
2.0,1.0,1.0,,Aggregate Position Limit,Your CRO has set the aggregate position limit to 11000 shares for this week.,81,2026-02-01 08:51:11.311340,SPNG,25.35,25.3,25.35,2349200.0,2174500.0,,,0,0,0,0
1.0,1.0,1.0,,Welcome to the RITC 2026 Alogithmic Market Making Case - practice server,,81,2026-02-01 08:51:11.311340,SMMR,25.44,25.44,25.62,1985000.0,1912800.0,,,0,0,0,0
,,,,,,81,2026-02-01 08:51:11.311340,ATMN,24.18,23.98,24.16,1894300.0,2263200.0,,,0,0,0,0
,,,,,,81,2026-02-01 08:51:11.311340,WNTR,25.02,25.16,25.26,1827800.0,1676300.0,15000.0,25000.0,0,0,0,0
2.0,1.0,1.0,,Aggregate Position Limit,Your CRO has set the aggregate position limit to 11000 shares for this week.,82,2026-02-01 08:51:12.350985,SPNG,25.3,25.3,25.57,2361500.0,2135500.0,,,0,0,0,0
1.0,1.0,1.0,,Welcome to the RITC 2026 Alogithmic Market Making Case - practice server,,82,2026-02-01 08:51:12.350985,SMMR,25.4,25.4,25.63,1983400.0,1818900.0,,,0,0,0,0
,,,,,,82,2026-02-01 08:51:12.350985,ATMN,24.16,24.35,24.56,2134200.0,2260300.0,,,0,0,0,0
,,,,,,82,2026-02-01 08:51:12.350985,WNTR,25.05,25.05,25.25,1815800.0,1716900.0,15000.0,25000.0,0,0,0,0
2.0,1.0,1.0,,Aggregate Position Limit,Your CRO has set the aggregate position limit to 11000 shares for this week.,83,2026-02-01 08:51:13.391703,SPNG,25.29,25.29,25.57,2362600.0,2192600.0,,,0,0,0,0
1.0,1.0,1.0,,Welcome to the RITC 2026 Alogithmic Market Making Case - practice server,,83,2026-02-01 08:51:13.391703,SMMR,25.63,25.63,25.71,2092400.0,1695700.0,,,0,0,0,0
,,,,,,83,2026-02-01 08:51:13.391703,ATMN,24.35,24.35,24.56,2134200.0,2343500.0,,,0,0,0,0
,,,,,,83,2026-02-01 08:51:13.391703,WNTR,25.05,25.05,25.23,1815800.0,1581500.0,15000.0,30000.0,0,0,0,0
2.0,1.0,1.0,,Aggregate Position Limit,Your CRO has set the aggregate position limit to 11000 shares for this week.,84,2026-02-01 08:51:14.426171,SPNG,25.29,25.29,25.57,2362600.0,2234800.0,,,0,0,0,0
1.0,1.0,1.0,,Welcome to the RITC 2026 Alogithmic Market Making Case - practice server,,84,2026-02-01 08:51:14.426171,SMMR,25.52,25.4,25.52,1983400.0,1902300.0,,,0,0,0,0
,,,,,,84,2026-02-01 08:51:14.426171,ATMN,24.41,24.35,24.41,2258300.0,2307100.0,,,0,0,0,0
,,,,,,84,2026-02-01 08:51:14.426171,WNTR,25.25,25.24,25.25,1921300.0,1791700.0,15000.0,20000.0,0,0,0,0
2.0,1.0,1.0,,Aggregate Position Limit,Your CRO has set the aggregate position limit to 11000 shares for this week.,85,2026-02-01 08:51:15.455122,SPNG,25.61,25.27,25.61,2345500.0,2249600.0,,,0,0,0,0
1.0,1.0,1.0,,Welcome to the RITC 2026 Alogithmic Market Making Case - practice server,,85,2026-02-01 08:51:15.455122,SMMR,25.61,25.4,25.61,1983400.0,2005000.0,,,0,0,0,0
,,,,,,85,2026-02-01 08:51:15.455122,ATMN,24.41,24.47,24.56,2368300.0,2307000.0,,,0,0,0,0
,,,,,,85,2026-02-01 08:51:15.455122,WNTR,25.24,25.24,25.25,1921300.0,1760000.0,10000.0,20000.0,0,0,0,0
2.0,1.0,1.0,,Aggregate Position Limit,Your CRO has set the aggregate position limit to 11000 shares for this week.,86,2026-02-01 08:51:16.479203,SPNG,25.53,25.56,25.61,2345700.0,2267700.0,,,0,0,0,0
1.0,1.0,1.0,,Welcome to the RITC 2026 Alogithmic Market Making Case - practice server,,86,2026-02-01 08:51:16.479203,SMMR,25.61,25.4,25.48,2204700.0,2127200.0,,,0,0,0,0
,,,,,,86,2026-02-01 08:51:16.479203,ATMN,24.21,24.21,24.49,2018400.0,2330800.0,,,0,0,0,0
,,,,,,86,2026-02-01 08:51:16.479203,WNTR,25.24,25.24,25.25,1921300.0,1766400.0,10000.0,20000.0,0,0,0,0
2.0,1.0,1.0,,Aggregate Position Limit,Your CRO has set the aggregate position limit to 11000 shares for this week.,87,2026-02-01 08:51:17.512875,SPNG,25.16,25.56,25.61,2377200.0,2282200.0,,,0,0,0,0
1.0,1.0,1.0,,Welcome to the RITC 2026 Alogithmic Market Making Case - practice server,,87,2026-02-01 08:51:17.512875,SMMR,25.61,25.45,25.48,2178600.0,2127200.0,,,0,0,0,0
,,,,,,87,2026-02-01 08:51:17.512875,ATMN,24.21,24.38,24.49,2358700.0,2330800.0,,,0,0,0,0
,,,,,,87,2026-02-01 08:51:17.512875,WNTR,24.97,25.0,25.25,1707100.0,1766400.0,5000.0,20000.0,0,0,0,0
2.0,1.0,1.0,,Aggregate Position Limit,Your CRO has set the aggregate position limit to 11000 shares for this week.,88,2026-02-01 08:51:18.545496,SPNG,25.56,25.56,25.61,2377200.0,2239300.0,,,0,0,0,0
1.0,1.0,1.0,,Welcome to the RITC 2026 Alogithmic Market Making Case - practice server,,88,2026-02-01 08:51:18.545496,SMMR,25.48,25.45,25.48,2170300.0,2127200.0,,,0,0,0,0
,,,,,,88,2026-02-01 08:51:18.545496,ATMN,24.21,24.45,24.49,2557800.0,2325800.0,,,0,0,0,0
,,,,,,88,2026-02-01 08:51:18.545496,WNTR,24.97,25.14,25.27,1717700.0,1740100.0,5000.0,20000.0,0,0,0,0
2.0,1.0,1.0,,Aggregate Position Limit,Your CRO has set the aggregate position limit to 11000 shares for this week.,89,2026-02-01 08:51:19.582042,SPNG,25.56,25.26,25.46,2348900.0,2252300.0,,,0,0,0,0
1.0,1.0,1.0,,Welcome to the RITC 2026 Alogithmic Market Making Case - practice server,,89,2026-02-01 08:51:19.582042,SMMR,25.48,25.45,25.48,2189800.0,2133600.0,,,0,0,0,0
,,,,,,89,2026-02-01 08:51:19.582042,ATMN,24.49,24.5,24.56,2494200.0,2325100.0,,,0,0,0,0
,,,,,,89,2026-02-01 08:51:19.582042,WNTR,25.14,24.97,25.05,1748400.0,1733400.0,5000.0,20000.0,0,0,0,0
2.0,1.0,1.0,,Aggregate Position Limit,Your CRO has set the aggregate position limit to 11000 shares for this week.,90,2026-02-01 08:51:20.616386,SPNG,25.61,25.64,25.69,2354000.0,2298600.0,,,0,0,0,0
1.0,1.0,1.0,,Welcome to the RITC 2026 Alogithmic Market Making Case - practice server,,90,2026-02-01 08:51:20.616386,SMMR,25.45,25.45,25.55,2189800.0,2101900.0,,,0,0,0,0
,,,,,,90,2026-02-01 08:51:20.616386,ATMN,24.49,24.5,24.56,2494200.0,2321400.0,,,0,0,0,0
,,,,,,90,2026-02-01 08:51:20.616386,WNTR,25.27,24.97,25.27,2057900.0,1740100.0,5000.0,20000.0,0,0,0,0
2.0,1.0,1.0,,Aggregate Position Limit,Your CRO has set the aggregate position limit to 11000 shares for this week.,91,2026-02-01 08:51:21.665584,SPNG,25.15,25.15,25.78,2359500.0,2281400.0,,,0,0,0,0
1.0,1.0,1.0,,Welcome to the RITC 2026 Alogithmic Market Making Case - practice server,,91,2026-02-01 08:51:21.665584,SMMR,25.68,25.45,25.67,2189800.0,2116500.0,,,0,0,0,0
,,,,,,91,2026-02-01 08:51:21.665584,ATMN,24.49,24.5,24.56,2494200.0,2354600.0,,,0,0,0,0
,,,,,,91,2026-02-01 08:51:21.665584,WNTR,25.32,24.97,25.32,2057900.0,1872600.0,10000.0,15000.0,0,0,0,0
2.0,1.0,1.0,,Aggregate Position Limit,Your CRO has set the aggregate position limit to 11000 shares for this week.,92,2026-02-01 08:51:22.703830,SPNG,25.15,25.44,25.78,2372200.0,2311600.0,,,0,0,0,0
1.0,1.0,1.0,,Welcome to the RITC 2026 Alogithmic Market Making Case - practice server,,92,2026-02-01 08:51:22.703830,SMMR,25.44,25.64,25.67,2204200.0,2094700.0,,,0,0,0,0
,,,,,,92,2026-02-01 08:51:22.703830,ATMN,24.38,24.38,24.44,2580200.0,2350100.0,,,0,0,0,0
,,,,,,92,2026-02-01 08:51:22.703830,WNTR,25.32,24.97,25.04,2057900.0,1970400.0,10000.0,10000.0,0,0,0,0
2.0,1.0,1.0,,Aggregate Position Limit,Your CRO has set the aggregate position limit to 11000 shares for this week.,93,2026-02-01 08:51:23.733208,SPNG,25.15,25.15,25.62,2359500.0,2309300.0,,,0,0,0,0
1.0,1.0,1.0,,Welcome to the RITC 2026 Alogithmic Market Making Case - practice server,,93,2026-02-01 08:51:23.733208,SMMR,25.64,25.64,25.66,2204200.0,2153900.0,,,0,0,0,0
,,,,,,93,2026-02-01 08:51:23.733208,ATMN,24.23,24.23,24.44,2370500.0,2342000.0,,,0,0,0,0
,,,,,,93,2026-02-01 08:51:23.733208,WNTR,25.04,25.17,25.2,2042400.0,1966300.0,10000.0,10000.0,0,0,0,0
2.0,1.0,1.0,,Aggregate Position Limit,Your CRO has set the aggregate position limit to 11000 shares for this week.,94,2026-02-01 08:51:24.757090,SPNG,25.62,25.23,25.57,2353300.0,2324200.0,,,0,0,0,0
1.0,1.0,1.0,,Welcome to the RITC 2026 Alogithmic Market Making Case - practice server,,94,2026-02-01 08:51:24.757090,SMMR,25.6,25.6,25.66,2173100.0,2153900.0,,,0,0,0,0
,,,,,,94,2026-02-01 08:51:24.757090,ATMN,24.57,24.23,24.57,2370500.0,2337000.0,,,0,0,0,0
,,,,,,94,2026-02-01 08:51:24.757090,WNTR,25.23,25.17,25.23,1889400.0,1849600.0,15000.0,15000.0,0,0,0,0
2.0,1.0,1.0,,Aggregate Position Limit,Your CRO has set the aggregate position limit to 11000 shares for this week.,95,2026-02-01 08:51:25.788434,SPNG,25.62,25.23,25.62,2339700.0,2337300.0,,,0,0,0,0
1.0,1.0,1.0,,Welcome to the RITC 2026 Alogithmic Market Making Case - practice server,,95,2026-02-01 08:51:25.788434,SMMR,25.44,25.44,25.6,2183000.0,2144100.0,,,0,0,0,0
,,,,,,95,2026-02-01 08:51:25.788434,ATMN,24.08,24.26,24.48,2246400.0,2332100.0,,,0,0,0,0
,,,,,,95,2026-02-01 08:51:25.788434,WNTR,25.15,25.2,25.23,2035800.0,1840600.0,10000.0,15000.0,0,0,0,0
2.0,1.0,1.0,,Aggregate Position Limit,Your CRO has set the aggregate position limit to 11000 shares for this week.,96,2026-02-01 08:51:26.840937,SPNG,25.23,25.23,25.62,2356100.0,2318700.0,,,0,0,0,0
1.0,1.0,1.0,,Welcome to the RITC 2026 Alogithmic Market Making Case - practice server,,96,2026-02-01 08:51:26.840937,SMMR,25.44,25.44,25.6,2183000.0,2126400.0,,,0,0,0,0
,,,,,,96,2026-02-01 08:51:26.840937,ATMN,24.08,24.26,24.48,2588600.0,2332100.0,,,0,0,0,0
,,,,,,96,2026-02-01 08:51:26.840937,WNTR,25.15,24.97,25.15,2057900.0,1841100.0,10000.0,15000.0,0,0,0,0
2.0,1.0,1.0,,Aggregate Position Limit,Your CRO has set the aggregate position limit to 11000 shares for this week.,98,2026-02-01 08:51:27.883595,SPNG,25.23,25.15,25.23,2365400.0,2302700.0,,,0,0,0,0
1.0,1.0,1.0,,Welcome to the RITC 2026 Alogithmic Market Making Case - practice server,,98,2026-02-01 08:51:27.883595,SMMR,25.44,25.58,25.6,2158800.0,2126400.0,,,0,0,0,0
,,,,,,98,2026-02-01 08:51:27.883595,ATMN,24.26,24.26,24.48,2501600.0,2294300.0,,,0,0,0,0
,,,,,,98,2026-02-01 08:51:27.883595,WNTR,25.05,25.1,25.15,1923000.0,1662400.0,15000.0,25000.0,0,0,0,0
2.0,1.0,1.0,,Aggregate Position Limit,Your CRO has set the aggregate position limit to 11000 shares for this week.,99,2026-02-01 08:51:28.937528,SPNG,25.78,25.15,25.78,2365400.0,2299900.0,,,0,0,0,0
1.0,1.0,1.0,,Welcome to the RITC 2026 Alogithmic Market Making Case - practice server,,99,2026-02-01 08:51:28.937528,SMMR,25.62,25.65,25.66,2157800.0,2138600.0,,,0,0,0,0
,,,,,,99,2026-02-01 08:51:28.937528,ATMN,24.48,24.36,24.48,2381000.0,2294300.0,,,0,0,0,0
,,,,,,99,2026-02-01 08:51:28.937528,WNTR,25.05,25.1,25.14,1928900.0,1575000.0,15000.0,30000.0,0,0,0,0
2.0,1.0,1.0,,Aggregate Position Limit,Your CRO has set the aggregate position limit to 11000 shares for this week.,100,2026-02-01 08:51:29.965408,SPNG,25.78,25.25,25.28,2388300.0,2302200.0,,,0,0,0,0
1.0,1.0,1.0,,Welcome to the RITC 2026 Alogithmic Market Making Case - practice server,,100,2026-02-01 08:51:29.965408,SMMR,25.62,25.65,25.66,2157800.0,2110900.0,,,0,0,0,0
,,,,,,100,2026-02-01 08:51:29.965408,ATMN,24.36,24.36,24.62,2381000.0,2357600.0,,,0,0,0,0
,,,,,,100,2026-02-01 08:51:29.965408,WNTR,25.1,25.0,25.05,1896100.0,1784500.0,15000.0,20000.0,0,0,0,0
2.0,1.0,1.0,,Aggregate Position Limit,Your CRO has set the aggregate position limit to 11000 shares for this week.,101,2026-02-01 08:51:31.013476,SPNG,25.28,25.63,25.78,2415000.0,2279400.0,,,0,0,0,0
1.0,1.0,1.0,,Welcome to the RITC 2026 Alogithmic Market Making Case - practice server,,101,2026-02-01 08:51:31.013476,SMMR,25.58,25.58,25.66,2158800.0,2110900.0,,,0,0,0,0
,,,,,,101,2026-02-01 08:51:31.013476,ATMN,24.14,24.14,24.62,2366200.0,2357600.0,,,0,0,0,0
,,,,,,101,2026-02-01 08:51:31.013476,WNTR,25.05,25.13,25.14,1870500.0,1764000.0,15000.0,20000.0,0,0,0,0
2.0,1.0,1.0,,Aggregate Position Limit,Your CRO has set the aggregate position limit to 11000 shares for this week.,102,2026-02-01 08:51:32.027562,SPNG,25.63,25.63,25.78,2415000.0,2318500.0,,,0,0,0,0
1.0,1.0,1.0,,Welcome to the RITC 2026 Alogithmic Market Making Case - practice server,,102,2026-02-01 08:51:32.027562,SMMR,25.68,25.58,25.68,2158800.0,2114500.0,,,0,0,0,0
,,,,,,102,2026-02-01 08:51:32.027562,ATMN,24.58,24.58,24.65,2292800.0,2373300.0,,,0,0,0,0
,,,,,,102,2026-02-01 08:51:32.027562,WNTR,25.14,25.13,25.14,1734100.0,1883300.0,20000.0,15000.0,0,0,0,0
2.0,1.0,1.0,,Aggregate Position Limit,Your CRO has set the aggregate position limit to 11000 shares for this week.,103,2026-02-01 08:51:33.053306,SPNG,25.63,25.63,25.72,2415000.0,2320200.0,,,0,0,0,0
1.0,1.0,1.0,,Welcome to the RITC 2026 Alogithmic Market Making Case - practice server,,103,2026-02-01 08:51:33.053306,SMMR,25.67,25.67,25.68,2145400.0,2114500.0,,,0,0,0,0
,,,,,,103,2026-02-01 08:51:33.053306,ATMN,24.08,24.08,24.6,2344700.0,2377500.0,,,0,0,0,0
,,,,,,103,2026-02-01 08:51:33.053306,WNTR,25.14,25.13,25.14,1623600.0,1876800.0,25000.0,15000.0,0,0,0,0
2.0,1.0,1.0,,Aggregate Position Limit,Your CRO has set the aggregate position limit to 11000 shares for this week.,104,2026-02-01 08:51:34.076288,SPNG,25.25,25.25,25.61,2416300.0,2298900.0,,,0,0,0,0
1.0,1.0,1.0,,Welcome to the RITC 2026 Alogithmic Market Making Case - practice server,,104,2026-02-01 08:51:34.076288,SMMR,25.58,25.58,25.6,2163500.0,2101300.0,,,0,0,0,0
,,,,,,104,2026-02-01 08:51:34.076288,ATMN,24.08,24.14,24.6,2236600.0,2377500.0,,,0,0,0,0
,,,,,,104,2026-02-01 08:51:34.076288,WNTR,25.14,25.13,25.14,1534000.0,1876800.0,30000.0,15000.0,0,0,0,0
2.0,1.0,1.0,,Aggregate Position Limit,Your CRO has set the aggregate position limit to 11000 shares for this week.,105,2026-02-01 08:51:35.108605,SPNG,25.72,25.25,25.72,2437600.0,2320200.0,,,0,0,0,0
1.0,1.0,1.0,,Welcome to the RITC 2026 Alogithmic Market Making Case - practice server,,105,2026-02-01 08:51:35.108605,SMMR,25.68,25.58,25.68,2163500.0,2104800.0,,,0,0,0,0
,,,,,,105,2026-02-01 08:51:35.108605,ATMN,24.67,24.14,24.67,2180400.0,2349600.0,,,0,0,0,0
,,,,,,105,2026-02-01 08:51:35.108605,WNTR,25.18,25.13,25.18,1503500.0,1950400.0,30000.0,10000.0,0,0,0,0
2.0,1.0,1.0,,Aggregate Position Limit,Your CRO has set the aggregate position limit to 11000 shares for this week.,106,2026-02-01 08:51:36.131589,SPNG,25.15,25.15,25.72,2417800.0,2324900.0,,,0,0,0,0
1.0,1.0,1.0,,Welcome to the RITC 2026 Alogithmic Market Making Case - practice server,,106,2026-02-01 08:51:36.131589,SMMR,25.69,25.58,25.69,2127400.0,2100900.0,,,0,0,0,0
,,,,,,106,2026-02-01 08:51:36.131589,ATMN,24.67,24.32,24.67,2177200.0,2349600.0,,,0,0,0,0
,,,,,,106,2026-02-01 08:51:36.131589,WNTR,25.1,25.1,25.18,1545000.0,1937000.0,30000.0,10000.0,0,0,0,0
2.0,1.0,1.0,,Aggregate Position Limit,Your CRO has set the aggregate position limit to 11000 shares for this week.,107,2026-02-01 08:51:37.167391,SPNG,25.55,25.15,25.55,2417800.0,2284900.0,,,0,0,0,0
1.0,1.0,1.0,,Welcome to the RITC 2026 Alogithmic Market Making Case - practice server,,107,2026-02-01 08:51:37.167391,SMMR,25.69,25.68,25.69,2114100.0,2100900.0,,,0,0,0,0
,,,,,,107,2026-02-01 08:51:37.167391,ATMN,24.67,24.64,24.67,2229400.0,2349600.0,,,0,0,0,0
,,,,,,107,2026-02-01 08:51:37.167391,WNTR,25.24,25.1,25.24,1508700.0,2080200.0,30000.0,5000.0,0,0,0,0
2.0,1.0,1.0,,Aggregate Position Limit,Your CRO has set the aggregate position limit to 11000 shares for this week.,108,2026-02-01 08:51:38.200258,SPNG,25.15,25.15,25.48,2417800.0,2326400.0,,,0,0,0,0
1.0,1.0,1.0,,Welcome to the RITC 2026 Alogithmic Market Making Case - practice server,,108,2026-02-01 08:51:38.200258,SMMR,25.54,25.57,25.69,2125800.0,2100900.0,,,0,0,0,0
,,,,,,108,2026-02-01 08:51:38.200258,ATMN,24.67,24.64,24.67,2229400.0,2347400.0,,,0,0,0,0
,,,,,,108,2026-02-01 08:51:38.200258,WNTR,25.24,25.1,25.24,1412100.0,2080200.0,40000.0,5000.0,0,0,0,0
2.0,1.0,1.0,,Aggregate Position Limit,Your CRO has set the aggregate position limit to 11000 shares for this week.,109,2026-02-01 08:51:39.223908,SPNG,25.15,25.34,25.48,2389800.0,2326400.0,,0,0,0,0,0
1.0,1.0,1.0,,Welcome to the RITC 2026 Alogithmic Market Making Case - practice server,,109,2026-02-01 08:51:39.223908,SMMR,25.54,25.62,25.69,2118700.0,2103600.0,,0,0,0,0,0
,,,,,,109,2026-02-01 08:51:39.223908,ATMN,24.64,24.46,24.54,2243100.0,2326800.0,,0,0,0,0,0
,,,,,,109,2026-02-01 08:51:39.223908,WNTR,25.07,25.17,25.26,1430300.0,2188300.0,40000.0,0,0,0,0,0
2.0,1.0,1.0,,Aggregate Position Limit,Your CRO has set the aggregate position limit to 11000 shares for this week.,110,2026-02-01 08:51:40.247899,SPNG,25.48,25.15,25.48,2413200.0,2326400.0,,,0,0,0,0
1.0,1.0,1.0,,Welcome to the RITC 2026 Alogithmic Market Making Case - practice server,,110,2026-02-01 08:51:40.247899,SMMR,25.44,25.44,25.71,2116700.0,2113300.0,,,0,0,0,0
,,,,,,110,2026-02-01 08:51:40.247899,ATMN,24.57,24.46,24.57,2229500.0,2330600.0,,,0,0,0,0
,,,,,,110,2026-02-01 08:51:40.247899,WNTR,25.07,25.17,25.26,1430300.0,2076400.0,35000.0,5000.0,0,0,0,0
2.0,1.0,1.0,,Aggregate Position Limit,Your CRO has set the aggregate position limit to 11000 shares for this week.,111,2026-02-01 08:51:41.273639,SPNG,25.15,25.69,25.8,2371100.0,2303200.0,,0,0,0,0,0
1.0,1.0,1.0,,Welcome to the RITC 2026 Alogithmic Market Making Case - practice server,,111,2026-02-01 08:51:41.273639,SMMR,25.64,25.51,25.63,2129000.0,2110700.0,,0,0,0,0,0
,,,,,,111,2026-02-01 08:51:41.273639,ATMN,24.46,24.46,24.68,2229500.0,2356000.0,,0,0,0,0,0
,,,,,,111,2026-02-01 08:51:41.273639,WNTR,25.17,25.17,25.26,1641800.0,2196900.0,25000.0,0,0,0,0,0
2.0,1.0,1.0,,Aggregate Position Limit,Your CRO has set the aggregate position limit to 11000 shares for this week.,112,2026-02-01 08:51:42.303388,SPNG,25.15,25.68,25.73,2387100.0,2293200.0,0,0,0,0,0,0
1.0,1.0,1.0,,Welcome to the RITC 2026 Alogithmic Market Making Case - practice server,,112,2026-02-01 08:51:42.303388,SMMR,25.64,25.59,25.63,2150200.0,2092100.0,0,0,0,0,0,0
,,,,,,112,2026-02-01 08:51:42.303388,ATMN,24.45,24.45,24.7,2191200.0,2343100.0,0,0,0,0,0,0
,,,,,,112,2026-02-01 08:51:42.303388,WNTR,25.18,25.15,25.17,2267000.0,2171900.0,0,0,0,0,0,0
2.0,1.0,1.0,,Aggregate Position Limit,Your CRO has set the aggregate position limit to 11000 shares for this week.,113,2026-02-01 08:51:43.346441,SPNG,25.15,25.64,25.71,2345100.0,2278300.0,,0,0,0,0,0
1.0,1.0,1.0,,Welcome to the RITC 2026 Alogithmic Market Making Case - practice server,,113,2026-02-01 08:51:43.346441,SMMR,25.51,25.51,25.55,2128200.0,2081200.0,,0,0,0,0,0
,,,,,,113,2026-02-01 08:51:43.346441,ATMN,24.4,24.4,24.7,2204800.0,2343100.0,,0,0,0,0,0
,,,,,,113,2026-02-01 08:51:43.346441,WNTR,25.17,25.22,25.26,2166400.0,2174600.0,10000.0,0,0,0,0,0
2.0,1.0,1.0,,Aggregate Position Limit,Your CRO has set the aggregate position limit to 11000 shares for this week.,114,2026-02-01 08:51:44.403370,SPNG,25.73,25.52,25.73,2380800.0,2293200.0,0,0,0,0,0,0
1.0,1.0,1.0,,Welcome to the RITC 2026 Alogithmic Market Making Case - practice server,,114,2026-02-01 08:51:44.403370,SMMR,25.58,25.51,25.56,2128200.0,2073000.0,0,0,0,0,0,0
,,,,,,114,2026-02-01 08:51:44.403370,ATMN,24.71,24.4,24.71,2177800.0,2340000.0,0,0,0,0,0,0
,,,,,,114,2026-02-01 08:51:44.403370,WNTR,25.21,25.15,25.2,2306000.0,2152100.0,0,0,0,0,0,0
2.0,1.0,1.0,,Aggregate Position Limit,Your CRO has set the aggregate position limit to 11000 shares for this week.,115,2026-02-01 08:51:45.483127,SPNG,25.62,25.15,25.3,2390100.0,2312000.0,0,0,0,0,0,0
1.0,1.0,1.0,,Welcome to the RITC 2026 Alogithmic Market Making Case - practice server,,115,2026-02-01 08:51:45.483127,SMMR,25.44,25.51,25.56,2123300.0,2087000.0,0,0,0,0,0,0
,,,,,,115,2026-02-01 08:51:45.483127,ATMN,24.71,24.6,24.71,2157500.0,2355000.0,0,0,0,0,0,0
,,,,,,115,2026-02-01 08:51:45.483127,WNTR,25.21,25.15,25.18,2276600.0,2152300.0,0,0,0,0,0,0
2.0,1.0,1.0,,Aggregate Position Limit,Your CRO has set the aggregate position limit to 11000 shares for this week.,116,2026-02-01 08:51:46.516504,SPNG,25.62,25.24,25.3,2377400.0,2312000.0,0,0,0,0,0,0
1.0,1.0,1.0,,Welcome to the RITC 2026 Alogithmic Market Making Case - practice server,,116,2026-02-01 08:51:46.516504,SMMR,25.44,25.46,25.56,2119200.0,2087000.0,0,0,0,0,0,0
,,,,,,116,2026-02-01 08:51:46.516504,ATMN,24.57,24.57,24.66,2184000.0,2355500.0,0,0,0,0,0,0
,,,,,,116,2026-02-01 08:51:46.516504,WNTR,25.15,25.15,25.18,2259100.0,2113600.0,0,0,0,0,0,0
2.0,1.0,1.0,,Aggregate Position Limit,Your CRO has set the aggregate position limit to 11000 shares for this week.,117,2026-02-01 08:51:47.542534,SPNG,25.3,25.71,25.73,2399500.0,2298800.0,0,0,0,0,0,0
1.0,1.0,1.0,,Welcome to the RITC 2026 Alogithmic Market Making Case - practice server,,117,2026-02-01 08:51:47.542534,SMMR,25.46,25.46,25.56,2116100.0,2087000.0,0,0,0,0,0,0
,,,,,,117,2026-02-01 08:51:47.542534,ATMN,24.52,24.52,24.66,2163100.0,2355500.0,0,0,0,0,0,0
,,,,,,117,2026-02-01 08:51:47.542534,WNTR,25.2,25.15,25.2,2249100.0,2125900.0,0,0,0,0,0,0
2.0,1.0,1.0,,Aggregate Position Limit,Your CRO has set the aggregate position limit to 11000 shares for this week.,118,2026-02-01 08:51:48.567177,SPNG,25.73,25.24,25.73,2394700.0,2298800.0,0,0,0,0,0,0
1.0,1.0,1.0,,Welcome to the RITC 2026 Alogithmic Market Making Case - practice server,,118,2026-02-01 08:51:48.567177,SMMR,25.53,25.46,25.49,2116100.0,2112300.0,0,0,0,0,0,0
,,,,,,118,2026-02-01 08:51:48.567177,ATMN,24.66,24.58,24.66,2167000.0,2355500.0,0,0,0,0,0,0
,,,,,,118,2026-02-01 08:51:48.567177,WNTR,25.11,25.11,25.32,2239000.0,2166000.0,0,0,0,0,0,0
2.0,1.0,1.0,,Aggregate Position Limit,Your CRO has set the aggregate position limit to 11000 shares for this week.,119,2026-02-01 08:51:49.597695,SPNG,25.13,25.13,25.8,2357600.0,2293800.0,0,0,0,0,0,0
1.0,1.0,1.0,,Welcome to the RITC 2026 Alogithmic Market Making Case - practice server,,119,2026-02-01 08:51:49.597695,SMMR,25.59,25.59,25.6,2133000.0,2070100.0,0,0,0,0,0,0
,,,,,,119,2026-02-01 08:51:49.597695,ATMN,24.71,24.4,24.71,2168100.0,2355000.0,0,0,0,0,0,0
,,,,,,119,2026-02-01 08:51:49.597695,WNTR,25.11,25.11,25.32,2248800.0,2190500.0,0,0,0,0,0,0
2.0,1.0,1.0,,Aggregate Position Limit,Your CRO has set the aggregate position limit to 11000 shares for this week.,120,2026-02-01 08:51:50.623091,SPNG,25.81,23.85,24.03,1270300.0,909400.0,0,0,0,0,0,0
1.0,1.0,1.0,,Welcome to the RITC 2026 Alogithmic Market Making Case - practice server,,120,2026-02-01 08:51:50.623091,SMMR,25.59,24.8,24.88,899400.0,800900.0,0,0,0,0,0,0
,,,,,,120,2026-02-01 08:51:50.623091,ATMN,24.71,24.0,24.59,918200.0,795200.0,0,0,0,0,0,0
,,,,,,120,2026-02-01 08:51:50.623091,WNTR,26.16,26.16,26.18,908300.0,850600.0,0,0,0,0,0,0
2.0,1.0,1.0,,Aggregate Position Limit,Your CRO has set the aggregate position limit to 11000 shares for this week.,121,2026-02-01 08:51:51.651822,SPNG,23.85,23.85,24.03,1319700.0,1292400.0,,,0,0,0,0
1.0,1.0,1.0,,Welcome to the RITC 2026 Alogithmic Market Making Case - practice server,,121,2026-02-01 08:51:51.651822,SMMR,24.8,24.8,24.88,920500.0,992300.0,,,0,0,0,0
,,,,,,121,2026-02-01 08:51:51.651822,ATMN,24.71,24.0,24.1,918200.0,1249300.0,,,0,0,0,0
,,,,,,121,2026-02-01 08:51:51.651822,WNTR,26.18,25.89,26.18,1031600.0,850600.0,5000.0,5000.0,0,0,0,0
2.0,1.0,1.0,,Aggregate Position Limit,Your CRO has set the aggregate position limit to 11000 shares for this week.,122,2026-02-01 08:51:52.683222,SPNG,23.85,23.1,23.49,1465400.0,1642200.0,,,0,0,0,0
1.0,1.0,1.0,,Welcome to the RITC 2026 Alogithmic Market Making Case - practice server,,122,2026-02-01 08:51:52.683222,SMMR,24.69,24.73,24.88,1049300.0,1092500.0,,,0,0,0,0
,,,,,,122,2026-02-01 08:51:52.683222,ATMN,24.05,24.05,24.08,1047900.0,1382900.0,,,0,0,0,0
,,,,,,122,2026-02-01 08:51:52.683222,WNTR,26.21,25.89,26.21,1031600.0,793900.0,10000.0,5000.0,0,0,0,0
2.0,1.0,1.0,,Aggregate Position Limit,Your CRO has set the aggregate position limit to 11000 shares for this week.,123,2026-02-01 08:51:53.701692,SPNG,23.86,23.53,23.86,1855500.0,1541200.0,,,0,0,0,0
1.0,1.0,1.0,,Welcome to the RITC 2026 Alogithmic Market Making Case - practice server,,123,2026-02-01 08:51:53.701692,SMMR,24.89,24.81,24.89,1251400.0,1003800.0,,,0,0,0,0
,,,,,,123,2026-02-01 08:51:53.701692,ATMN,23.94,23.94,24.08,1057200.0,1506100.0,,,0,0,0,0
,,,,,,123,2026-02-01 08:51:53.701692,WNTR,26.21,26.26,26.33,1223500.0,915000.0,15000.0,5000.0,0,0,0,0
2.0,1.0,1.0,,Aggregate Position Limit,Your CRO has set the aggregate position limit to 11000 shares for this week.,124,2026-02-01 08:51:54.722086,SPNG,23.86,23.53,23.62,2244200.0,1680400.0,,,0,0,0,0
1.0,1.0,1.0,,Welcome to the RITC 2026 Alogithmic Market Making Case - practice server,,124,2026-02-01 08:51:54.722086,SMMR,24.92,24.88,24.92,1345000.0,1019700.0,,,0,0,0,0
,,,,,,124,2026-02-01 08:51:54.722086,ATMN,24.23,23.9,24.23,968200.0,1166800.0,,,0,0,0,0
,,,,,,124,2026-02-01 08:51:54.722086,WNTR,26.26,26.1,26.23,1329900.0,1025100.0,15000.0,15000.0,0,0,0,0
2.0,1.0,1.0,,Aggregate Position Limit,Your CRO has set the aggregate position limit to 11000 shares for this week.,125,2026-02-01 08:51:55.755030,SPNG,23.86,23.53,23.62,2639000.0,1680400.0,,,0,0,0,0
1.0,1.0,1.0,,Welcome to the RITC 2026 Alogithmic Market Making Case - practice server,,125,2026-02-01 08:51:55.755030,SMMR,24.73,24.73,24.82,1049300.0,1147400.0,,,0,0,0,0
,,,,,,125,2026-02-01 08:51:55.755030,ATMN,23.9,23.84,23.85,1233400.0,1263400.0,,,0,0,0,0
,,,,,,125,2026-02-01 08:51:55.755030,WNTR,26.33,26.11,26.12,1450400.0,1148200.0,20000.0,15000.0,0,0,0,0
2.0,1.0,1.0,,Aggregate Position Limit,Your CRO has set the aggregate position limit to 11000 shares for this week.,126,2026-02-01 08:51:56.790131,SPNG,23.62,23.53,23.62,2874400.0,1680400.0,,,0,0,0,0
1.0,1.0,1.0,,Welcome to the RITC 2026 Alogithmic Market Making Case - practice server,,126,2026-02-01 08:51:56.790131,SMMR,24.84,24.69,24.81,949600.0,1108300.0,,,0,0,0,0
,,,,,,126,2026-02-01 08:51:56.790131,ATMN,23.85,24.0,24.03,1485000.0,1302000.0,,,0,0,0,0
,,,,,,126,2026-02-01 08:51:56.790131,WNTR,26.33,26.11,26.12,1679100.0,1148200.0,25000.0,20000.0,0,0,0,0
2.0,1.0,1.0,,Aggregate Position Limit,Your CRO has set the aggregate position limit to 11000 shares for this week.,127,2026-02-01 08:51:57.809942,SPNG,23.53,23.53,24.03,2736600.0,1398900.0,,,0,0,0,0
1.0,1.0,1.0,,Welcome to the RITC 2026 Alogithmic Market Making Case - practice server,,127,2026-02-01 08:51:57.809942,SMMR,24.92,24.78,24.92,1151400.0,1019700.0,,,0,0,0,0
,,,,,,127,2026-02-01 08:51:57.809942,ATMN,23.84,23.84,24.23,1364900.0,1293100.0,,,0,0,0,0
,,,,,,127,2026-02-01 08:51:57.809942,WNTR,26.12,26.12,26.25,1704900.0,1027800.0,25000.0,20000.0,0,0,0,0
2.0,1.0,1.0,,Aggregate Position Limit,Your CRO has set the aggregate position limit to 11000 shares for this week.,128,2026-02-01 08:51:58.833383,SPNG,23.53,23.53,23.62,2744100.0,1620600.0,,,0,0,0,0
1.0,1.0,1.0,,Welcome to the RITC 2026 Alogithmic Market Making Case - practice server,,128,2026-02-01 08:51:58.833383,SMMR,24.92,24.78,24.8,1241300.0,1108900.0,,,0,0,0,0
,,,,,,128,2026-02-01 08:51:58.833383,ATMN,23.97,24.19,24.23,1608000.0,1293100.0,,,0,0,0,0
,,,,,,128,2026-02-01 08:51:58.833383,WNTR,26.12,26.12,26.23,1583500.0,1237800.0,30000.0,15000.0,0,0,0,0
2.0,1.0,1.0,,Aggregate Position Limit,Your CRO has set the aggregate position limit to 11000 shares for this week.,129,2026-02-01 08:51:59.867419,SPNG,24.05,23.53,23.7,2686200.0,1487400.0,,,0,0,0,0
1.0,1.0,1.0,,Welcome to the RITC 2026 Alogithmic Market Making Case - practice server,,129,2026-02-01 08:51:59.867419,SMMR,24.92,24.78,24.8,1573000.0,1108900.0,,,0,0,0,0
,,,,,,129,2026-02-01 08:51:59.867419,ATMN,23.58,23.58,24.08,1369700.0,1537700.0,,,0,0,0,0
,,,,,,129,2026-02-01 08:51:59.867419,WNTR,26.26,26.13,26.26,1706100.0,1132500.0,25000.0,5000.0,0,0,0,0
2.0,1.0,1.0,,Aggregate Position Limit,Your CRO has set the aggregate position limit to 11000 shares for this week.,130,2026-02-01 08:52:00.891221,SPNG,23.7,23.72,24.05,2557200.0,1481000.0,,,0,0,0,0
1.0,1.0,1.0,,Welcome to the RITC 2026 Alogithmic Market Making Case - practice server,,130,2026-02-01 08:52:00.891221,SMMR,24.8,24.85,24.92,1779500.0,1108700.0,,,0,0,0,0
,,,,,,130,2026-02-01 08:52:00.891221,ATMN,24.25,23.97,24.25,1715800.0,1299000.0,,,0,0,0,0
,,,,,,130,2026-02-01 08:52:00.891221,WNTR,26.33,26.13,26.33,1706100.0,996000.0,25000.0,5000.0,0,0,0,0
2.0,1.0,1.0,,Aggregate Position Limit,Your CRO has set the aggregate position limit to 11000 shares for this week.,131,2026-02-01 08:52:01.926616,SPNG,23.47,23.47,24.05,2593600.0,1582400.0,,,0,0,0,0
1.0,1.0,1.0,,Welcome to the RITC 2026 Alogithmic Market Making Case - practice server,,131,2026-02-01 08:52:01.926616,SMMR,24.97,24.97,24.98,1891900.0,1126500.0,,,0,0,0,0
,,,,,,131,2026-02-01 08:52:01.926616,ATMN,24.25,23.97,24.0,1715800.0,1637500.0,,,0,0,0,0
,,,,,,131,2026-02-01 08:52:01.926616,WNTR,26.13,26.14,26.33,1446300.0,996000.0,35000.0,5000.0,0,0,0,0
2.0,1.0,1.0,,Aggregate Position Limit,Your CRO has set the aggregate position limit to 11000 shares for this week.,132,2026-02-01 08:52:02.956613,SPNG,23.8,23.8,24.05,2590300.0,1686600.0,,,0,0,0,0
1.0,1.0,1.0,,Welcome to the RITC 2026 Alogithmic Market Making Case - practice server,,132,2026-02-01 08:52:02.956613,SMMR,24.78,24.78,24.98,1661100.0,1335200.0,,,0,0,0,0
,,,,,,132,2026-02-01 08:52:02.956613,ATMN,23.97,23.97,24.0,1715800.0,1839500.0,,,0,0,0,0
,,,,,,132,2026-02-01 08:52:02.956613,WNTR,26.13,26.13,26.15,1708300.0,1177500.0,25000.0,10000.0,0,0,0,0
2.0,1.0,1.0,,Aggregate Position Limit,Your CRO has set the aggregate position limit to 11000 shares for this week.,133,2026-02-01 08:52:03.980028,SPNG,24.05,23.45,24.05,2558300.0,1686600.0,,,0,0,0,0
1.0,1.0,1.0,,Welcome to the RITC 2026 Alogithmic Market Making Case - practice server,,133,2026-02-01 08:52:03.980028,SMMR,24.77,24.77,24.98,1446400.0,1432400.0,,,0,0,0,0
,,,,,,133,2026-02-01 08:52:03.980028,ATMN,24.04,23.97,24.04,2086200.0,1730300.0,,,0,0,0,0
,,,,,,133,2026-02-01 08:52:03.980028,WNTR,26.13,26.13,26.15,1585600.0,1405900.0,30000.0,10000.0,0,0,0,0
2.0,1.0,1.0,,Aggregate Position Limit,Your CRO has set the aggregate position limit to 11000 shares for this week.,134,2026-02-01 08:52:05.015217,SPNG,24.06,23.89,24.06,2547700.0,1708300.0,,,0,0,0,0
1.0,1.0,1.0,,Welcome to the RITC 2026 Alogithmic Market Making Case - practice server,,134,2026-02-01 08:52:05.015217,SMMR,24.95,24.83,24.92,1543100.0,1531300.0,,,0,0,0,0
,,,,,,134,2026-02-01 08:52:05.015217,ATMN,24.19,23.81,24.19,1952600.0,1625300.0,,,0,0,0,0
,,,,,,134,2026-02-01 08:52:05.015217,WNTR,26.13,26.13,26.15,1563700.0,1505200.0,30000.0,5000.0,0,0,0,0
2.0,1.0,1.0,,Aggregate Position Limit,Your CRO has set the aggregate position limit to 11000 shares for this week.,135,2026-02-01 08:52:06.035348,SPNG,24.06,23.89,23.95,2547700.0,2076900.0,,,0,0,0,0
1.0,1.0,1.0,,Welcome to the RITC 2026 Alogithmic Market Making Case - practice server,,135,2026-02-01 08:52:06.035348,SMMR,24.95,24.83,24.86,1647000.0,1727700.0,,,0,0,0,0
,,,,,,135,2026-02-01 08:52:06.035348,ATMN,23.65,23.77,24.19,1927600.0,1625300.0,,,0,0,0,0
,,,,,,135,2026-02-01 08:52:06.035348,WNTR,26.15,26.2,26.23,1672300.0,1407300.0,25000.0,5000.0,0,0,0,0
2.0,1.0,1.0,,Aggregate Position Limit,Your CRO has set the aggregate position limit to 11000 shares for this week.,136,2026-02-01 08:52:07.071184,SPNG,23.89,23.44,23.86,2600900.0,2324700.0,,,0,0,0,0
1.0,1.0,1.0,,Welcome to the RITC 2026 Alogithmic Market Making Case - practice server,,136,2026-02-01 08:52:07.071184,SMMR,24.95,24.83,24.86,1745000.0,1948100.0,,,0,0,0,0
,,,,,,136,2026-02-01 08:52:07.071184,ATMN,23.93,24.07,24.19,2135600.0,1625300.0,,,0,0,0,0
,,,,,,136,2026-02-01 08:52:07.071184,WNTR,26.2,26.2,26.23,1563900.0,1407300.0,30000.0,5000.0,0,0,0,0
2.0,1.0,1.0,,Aggregate Position Limit,Your CRO has set the aggregate position limit to 11000 shares for this week.,137,2026-02-01 08:52:08.087213,SPNG,23.86,23.44,23.86,2535800.0,2324700.0,,,0,0,0,0
1.0,1.0,1.0,,Welcome to the RITC 2026 Alogithmic Market Making Case - practice server,,137,2026-02-01 08:52:08.087213,SMMR,24.75,24.75,24.78,1537100.0,2090700.0,,,0,0,0,0
,,,,,,137,2026-02-01 08:52:08.087213,ATMN,23.77,23.58,23.59,1834800.0,1857200.0,,,0,0,0,0
,,,,,,137,2026-02-01 08:52:08.087213,WNTR,26.2,26.2,26.23,1669300.0,1695500.0,25000.0,5000.0,0,0,0,0
2.0,1.0,1.0,,Aggregate Position Limit,Your CRO has set the aggregate position limit to 11000 shares for this week.,138,2026-02-01 08:52:09.119569,SPNG,23.82,23.44,23.82,2501900.0,2326600.0,,0,0,0,0,0
1.0,1.0,1.0,,Welcome to the RITC 2026 Alogithmic Market Making Case - practice server,,138,2026-02-01 08:52:09.119569,SMMR,24.78,24.85,24.86,1826200.0,2067500.0,,0,0,0,0,0
,,,,,,138,2026-02-01 08:52:09.119569,ATMN,23.59,23.65,23.72,2172600.0,1868400.0,,0,0,0,0,0
,,,,,,138,2026-02-01 08:52:09.119569,WNTR,26.15,26.15,26.24,1582900.0,1598400.0,30000.0,0,0,0,0,0
2.0,1.0,1.0,,Aggregate Position Limit,Your CRO has set the aggregate position limit to 11000 shares for this week.,140,2026-02-01 08:52:10.153519,SPNG,23.41,23.41,23.79,2532300.0,2356900.0,,,0,0,0,0
1.0,1.0,1.0,,Welcome to the RITC 2026 Alogithmic Market Making Case - practice server,,140,2026-02-01 08:52:10.153519,SMMR,24.75,24.75,24.81,1625000.0,2084200.0,,,0,0,0,0
,,,,,,140,2026-02-01 08:52:10.153519,ATMN,24.19,23.79,23.99,2294000.0,1849100.0,,,0,0,0,0
,,,,,,140,2026-02-01 08:52:10.153519,WNTR,26.24,26.13,26.24,1657400.0,1476100.0,25000.0,5000.0,0,0,0,0
2.0,1.0,1.0,,Aggregate Position Limit,Your CRO has set the aggregate position limit to 11000 shares for this week.,141,2026-02-01 08:52:11.178803,SPNG,23.79,23.35,23.79,2593500.0,2356900.0,,,0,0,0,0
1.0,1.0,1.0,,Welcome to the RITC 2026 Alogithmic Market Making Case - practice server,,141,2026-02-01 08:52:11.178803,SMMR,24.73,24.73,24.81,1551600.0,2095600.0,,,0,0,0,0
,,,,,,141,2026-02-01 08:52:11.178803,ATMN,23.75,23.86,23.99,2305400.0,1941100.0,,,0,0,0,0
,,,,,,141,2026-02-01 08:52:11.178803,WNTR,26.24,26.13,26.15,1666900.0,1692000.0,25000.0,5000.0,0,0,0,0
2.0,1.0,1.0,,Aggregate Position Limit,Your CRO has set the aggregate position limit to 11000 shares for this week.,142,2026-02-01 08:52:12.207814,SPNG,23.79,23.36,23.61,2520800.0,2377400.0,,,0,0,0,0
1.0,1.0,1.0,,Welcome to the RITC 2026 Alogithmic Market Making Case - practice server,,142,2026-02-01 08:52:12.207814,SMMR,24.7,24.7,24.81,1578600.0,2095600.0,,,0,0,0,0
,,,,,,142,2026-02-01 08:52:12.207814,ATMN,23.84,23.65,23.72,2302400.0,2189200.0,,,0,0,0,0
,,,,,,142,2026-02-01 08:52:12.207814,WNTR,26.24,26.13,26.15,1658700.0,1692000.0,25000.0,10000.0,0,0,0,0
2.0,1.0,1.0,,Aggregate Position Limit,Your CRO has set the aggregate position limit to 11000 shares for this week.,143,2026-02-01 08:52:13.237143,SPNG,23.36,23.36,23.61,2531900.0,2377400.0,,,0,0,0,0
1.0,1.0,1.0,,Welcome to the RITC 2026 Alogithmic Market Making Case - practice server,,143,2026-02-01 08:52:13.237143,SMMR,24.7,24.73,24.81,1775100.0,2106500.0,,,0,0,0,0
,,,,,,143,2026-02-01 08:52:13.237143,ATMN,23.72,23.65,23.72,2401200.0,2189200.0,,,0,0,0,0
,,,,,,143,2026-02-01 08:52:13.237143,WNTR,26.2,26.17,26.2,1645400.0,1566800.0,25000.0,10000.0,0,0,0,0
2.0,1.0,1.0,,Aggregate Position Limit,Your CRO has set the aggregate position limit to 11000 shares for this week.,144,2026-02-01 08:52:14.263558,SPNG,23.36,23.41,23.61,2533500.0,2393500.0,,,0,0,0,0
1.0,1.0,1.0,,Welcome to the RITC 2026 Alogithmic Market Making Case - practice server,,144,2026-02-01 08:52:14.263558,SMMR,24.7,24.78,24.81,2024000.0,2129600.0,,,0,0,0,0
,,,,,,144,2026-02-01 08:52:14.263558,ATMN,23.99,23.69,23.78,2359400.0,2079200.0,,,0,0,0,0
,,,,,,144,2026-02-01 08:52:14.263558,WNTR,26.13,26.13,26.2,1550200.0,1680300.0,30000.0,5000.0,0,0,0,0
2.0,1.0,1.0,,Aggregate Position Limit,Your CRO has set the aggregate position limit to 11000 shares for this week.,145,2026-02-01 08:52:15.293378,SPNG,23.95,23.41,23.95,2533500.0,2185300.0,,,0,0,0,0
1.0,1.0,1.0,,Welcome to the RITC 2026 Alogithmic Market Making Case - practice server,,145,2026-02-01 08:52:15.293378,SMMR,24.81,24.83,24.85,2238900.0,2117700.0,,,0,0,0,0
,,,,,,145,2026-02-01 08:52:15.293378,ATMN,23.99,23.69,23.73,2337700.0,2200500.0,,,0,0,0,0
,,,,,,145,2026-02-01 08:52:15.293378,WNTR,26.35,26.2,26.35,1667000.0,1385600.0,25000.0,5000.0,0,0,0,0
2.0,1.0,1.0,,Aggregate Position Limit,Your CRO has set the aggregate position limit to 11000 shares for this week.,146,2026-02-01 08:52:16.317385,SPNG,23.44,23.57,23.73,2551700.0,2288000.0,,,0,0,0,0
1.0,1.0,1.0,,Welcome to the RITC 2026 Alogithmic Market Making Case - practice server,,146,2026-02-01 08:52:16.317385,SMMR,24.73,24.73,24.81,2016100.0,2114500.0,,,0,0,0,0
,,,,,,146,2026-02-01 08:52:16.317385,ATMN,23.73,23.69,23.73,2339500.0,2211100.0,,,0,0,0,0
,,,,,,146,2026-02-01 08:52:16.317385,WNTR,26.13,26.13,26.35,1673100.0,1610000.0,25000.0,5000.0,0,0,0,0
2.0,1.0,1.0,,Aggregate Position Limit,Your CRO has set the aggregate position limit to 11000 shares for this week.,147,2026-02-01 08:52:17.343188,SPNG,23.95,23.33,23.75,2530500.0,2311200.0,,,0,0,0,0
1.0,1.0,1.0,,Welcome to the RITC 2026 Alogithmic Market Making Case - practice server,,147,2026-02-01 08:52:17.343188,SMMR,24.7,24.7,24.81,2134000.0,2114500.0,,,0,0,0,0
,,,,,,147,2026-02-01 08:52:17.343188,ATMN,23.66,23.66,23.78,2349800.0,2180100.0,,,0,0,0,0
,,,,,,147,2026-02-01 08:52:17.343188,WNTR,26.13,26.1,26.11,1732500.0,1704500.0,20000.0,5000.0,0,0,0,0
2.0,1.0,1.0,,Aggregate Position Limit,Your CRO has set the aggregate position limit to 11000 shares for this week.,148,2026-02-01 08:52:18.372609,SPNG,23.95,23.71,23.75,2509500.0,2388600.0,,0,0,0,0,0
1.0,1.0,1.0,,Welcome to the RITC 2026 Alogithmic Market Making Case - practice server,,148,2026-02-01 08:52:18.372609,SMMR,24.7,24.7,24.81,2246700.0,2114500.0,,0,0,0,0,0
,,,,,,148,2026-02-01 08:52:18.372609,ATMN,23.78,23.81,23.94,2355400.0,2151700.0,,0,0,0,0,0
,,,,,,148,2026-02-01 08:52:18.372609,WNTR,26.36,26.16,26.36,1800200.0,1496500.0,20000.0,0,0,0,0,0
2.0,1.0,1.0,,Aggregate Position Limit,Your CRO has set the aggregate position limit to 11000 shares for this week.,149,2026-02-01 08:52:19.402511,SPNG,23.33,23.33,23.67,2530500.0,2448600.0,,,0,0,0,0
1.0,1.0,1.0,,Welcome to the RITC 2026 Alogithmic Market Making Case - practice server,,149,2026-02-01 08:52:19.402511,SMMR,24.73,24.73,24.81,2243900.0,2114500.0,,,0,0,0,0
,,,,,,149,2026-02-01 08:52:19.402511,ATMN,24.18,23.66,24.18,2349800.0,2044800.0,,,0,0,0,0
,,,,,,149,2026-02-01 08:52:19.402511,WNTR,26.36,26.16,26.23,1800200.0,1719000.0,20000.0,5000.0,0,0,0,0
2.0,1.0,1.0,,Aggregate Position Limit,Your CRO has set the aggregate position limit to 11000 shares for this week.,150,2026-02-01 08:52:20.434540,SPNG,23.54,23.33,23.54,2530500.0,2459000.0,,,0,0,0,0
1.0,1.0,1.0,,Welcome to the RITC 2026 Alogithmic Market Making Case - practice server,,150,2026-02-01 08:52:20.434540,SMMR,24.7,24.69,24.7,2138100.0,2121900.0,,,0,0,0,0
,,,,,,150,2026-02-01 08:52:20.434540,ATMN,24.19,23.58,24.05,2354300.0,2169000.0,,,0,0,0,0
,,,,,,150,2026-02-01 08:52:20.434540,WNTR,26.3,26.09,26.3,1875500.0,1611700.0,15000.0,5000.0,0,0,0,0
2.0,1.0,1.0,,Aggregate Position Limit,Your CRO has set the aggregate position limit to 11000 shares for this week.,151,2026-02-01 08:52:21.463283,SPNG,23.67,23.33,23.67,2521500.0,2453600.0,,,0,0,0,0
1.0,1.0,1.0,,Welcome to the RITC 2026 Alogithmic Market Making Case - practice server,,151,2026-02-01 08:52:21.463283,SMMR,24.69,24.69,24.86,2138100.0,2126900.0,,,0,0,0,0
,,,,,,151,2026-02-01 08:52:21.463283,ATMN,24.19,24.0,24.02,2374500.0,2149500.0,,,0,0,0,0
,,,,,,151,2026-02-01 08:52:21.463283,WNTR,26.09,26.09,26.23,1803900.0,1705900.0,20000.0,10000.0,0,0,0,0
2.0,1.0,1.0,,Aggregate Position Limit,Your CRO has set the aggregate position limit to 11000 shares for this week.,152,2026-02-01 08:52:22.513341,SPNG,23.32,23.63,23.67,2539600.0,2451000.0,,,0,0,0,0
1.0,1.0,1.0,,Welcome to the RITC 2026 Alogithmic Market Making Case - practice server,,152,2026-02-01 08:52:22.513341,SMMR,24.69,24.69,24.71,2112200.0,2140100.0,,,0,0,0,0
,,,,,,152,2026-02-01 08:52:22.513341,ATMN,24.0,24.0,24.02,2374500.0,2222100.0,,,0,0,0,0
,,,,,,152,2026-02-01 08:52:22.513341,WNTR,26.09,26.17,26.23,1804800.0,1796800.0,20000.0,10000.0,0,0,0,0
2.0,1.0,1.0,,Aggregate Position Limit,Your CRO has set the aggregate position limit to 11000 shares for this week.,153,2026-02-01 08:52:23.561351,SPNG,23.31,23.31,23.67,2624400.0,2489100.0,,,0,0,0,0
1.0,1.0,1.0,,Welcome to the RITC 2026 Alogithmic Market Making Case - practice server,,153,2026-02-01 08:52:23.561351,SMMR,24.69,24.69,24.71,2243000.0,2134400.0,,,0,0,0,0
,,,,,,153,2026-02-01 08:52:23.561351,ATMN,24.0,23.58,23.96,2354300.0,2227200.0,,,0,0,0,0
,,,,,,153,2026-02-01 08:52:23.561351,WNTR,26.3,26.17,26.3,1677900.0,1818100.0,25000.0,10000.0,0,0,0,0
2.0,1.0,1.0,,Aggregate Position Limit,Your CRO has set the aggregate position limit to 11000 shares for this week.,154,2026-02-01 08:52:24.623058,SPNG,23.52,23.52,23.67,2600300.0,2502500.0,,,0,0,0,0
1.0,1.0,1.0,,Welcome to the RITC 2026 Alogithmic Market Making Case - practice server,,154,2026-02-01 08:52:24.623058,SMMR,24.69,24.69,24.71,1986600.0,2134400.0,,,0,0,0,0
,,,,,,154,2026-02-01 08:52:24.623058,ATMN,24.0,23.58,23.74,2320100.0,2243500.0,,,0,0,0,0
,,,,,,154,2026-02-01 08:52:24.623058,WNTR,26.3,26.17,26.31,1803100.0,1908100.0,20000.0,5000.0,0,0,0,0
2.0,1.0,1.0,,Aggregate Position Limit,Your CRO has set the aggregate position limit to 11000 shares for this week.,155,2026-02-01 08:52:25.668902,SPNG,23.52,23.31,23.49,2581100.0,2483100.0,,,0,0,0,0
1.0,1.0,1.0,,Welcome to the RITC 2026 Alogithmic Market Making Case - practice server,,155,2026-02-01 08:52:25.668902,SMMR,24.71,24.74,24.76,2108100.0,2113500.0,,,0,0,0,0
,,,,,,155,2026-02-01 08:52:25.668902,ATMN,23.74,23.58,23.74,2334700.0,2243500.0,,,0,0,0,0
,,,,,,155,2026-02-01 08:52:25.668902,WNTR,26.31,26.17,26.3,1661500.0,1827400.0,25000.0,10000.0,0,0,0,0
2.0,1.0,1.0,,Aggregate Position Limit,Your CRO has set the aggregate position limit to 11000 shares for this week.,156,2026-02-01 08:52:26.693480,SPNG,23.68,23.31,23.68,2591500.0,2488500.0,,,0,0,0,0
1.0,1.0,1.0,,Welcome to the RITC 2026 Alogithmic Market Making Case - practice server,,156,2026-02-01 08:52:26.693480,SMMR,24.74,24.68,24.7,2111800.0,2134700.0,,,0,0,0,0
,,,,,,156,2026-02-01 08:52:26.693480,ATMN,24.02,23.71,23.84,2315600.0,2249000.0,,,0,0,0,0
,,,,,,156,2026-02-01 08:52:26.693480,WNTR,26.17,26.17,26.18,1643600.0,1944800.0,25000.0,5000.0,0,0,0,0
2.0,1.0,1.0,,Aggregate Position Limit,Your CRO has set the aggregate position limit to 11000 shares for this week.,157,2026-02-01 08:52:27.735877,SPNG,23.68,23.48,23.67,2559100.0,2467500.0,,,0,0,0,0
1.0,1.0,1.0,,Welcome to the RITC 2026 Alogithmic Market Making Case - practice server,,157,2026-02-01 08:52:27.735877,SMMR,24.68,24.68,24.76,1999100.0,2098800.0,,,0,0,0,0
,,,,,,157,2026-02-01 08:52:27.735877,ATMN,23.53,23.53,23.84,2296900.0,2249000.0,,,0,0,0,0
,,,,,,157,2026-02-01 08:52:27.735877,WNTR,26.18,26.17,26.18,1658900.0,1944800.0,25000.0,5000.0,0,0,0,0
2.0,1.0,1.0,,Aggregate Position Limit,Your CRO has set the aggregate position limit to 11000 shares for this week.,158,2026-02-01 08:52:28.771603,SPNG,23.4,23.54,23.67,2559600.0,2491000.0,,,0,0,0,0
1.0,1.0,1.0,,Welcome to the RITC 2026 Alogithmic Market Making Case - practice server,,158,2026-02-01 08:52:28.771603,SMMR,24.86,24.68,24.86,2220100.0,2125100.0,,,0,0,0,0
,,,,,,158,2026-02-01 08:52:28.771603,ATMN,23.52,23.82,23.84,2302900.0,2249000.0,,,0,0,0,0
,,,,,,158,2026-02-01 08:52:28.771603,WNTR,26.18,26.17,26.18,1726600.0,1944800.0,20000.0,5000.0,0,0,0,0
2.0,1.0,1.0,,Aggregate Position Limit,Your CRO has set the aggregate position limit to 11000 shares for this week.,159,2026-02-01 08:52:29.801825,SPNG,23.75,23.54,23.75,2531700.0,2512500.0,,,0,0,0,0
1.0,1.0,1.0,,Welcome to the RITC 2026 Alogithmic Market Making Case - practice server,,159,2026-02-01 08:52:29.801825,SMMR,24.86,24.68,24.7,2212400.0,2097200.0,,,0,0,0,0
,,,,,,159,2026-02-01 08:52:29.801825,ATMN,23.82,23.82,23.84,2302900.0,2279300.0,,,0,0,0,0
,,,,,,159,2026-02-01 08:52:29.801825,WNTR,26.33,26.17,26.26,1726600.0,1825000.0,20000.0,10000.0,0,0,0,0
2.0,1.0,1.0,,Aggregate Position Limit,Your CRO has set the aggregate position limit to 11000 shares for this week.,160,2026-02-01 08:52:30.859255,SPNG,23.61,23.61,23.75,2530600.0,2512500.0,,,0,0,0,0
1.0,1.0,1.0,,Welcome to the RITC 2026 Alogithmic Market Making Case - practice server,,160,2026-02-01 08:52:30.859255,SMMR,24.72,24.68,24.72,2212400.0,2113900.0,,,0,0,0,0
,,,,,,160,2026-02-01 08:52:30.859255,ATMN,23.52,23.52,23.84,2292800.0,2332700.0,,,0,0,0,0
,,,,,,160,2026-02-01 08:52:30.859255,WNTR,26.16,26.16,26.18,1699800.0,1853600.0,20000.0,10000.0,0,0,0,0
2.0,1.0,1.0,,Aggregate Position Limit,Your CRO has set the aggregate position limit to 11000 shares for this week.,161,2026-02-01 08:52:31.910465,SPNG,23.54,23.54,23.69,2507100.0,2506300.0,,,0,0,0,0
1.0,1.0,1.0,,Welcome to the RITC 2026 Alogithmic Market Making Case - practice server,,161,2026-02-01 08:52:31.910465,SMMR,24.68,24.68,24.82,2212400.0,2113800.0,,,0,0,0,0
,,,,,,161,2026-02-01 08:52:31.910465,ATMN,23.84,23.6,23.84,2306900.0,2332000.0,,,0,0,0,0
,,,,,,161,2026-02-01 08:52:31.910465,WNTR,26.18,26.17,26.18,1682200.0,1853600.0,20000.0,10000.0,0,0,0,0
2.0,1.0,1.0,,Aggregate Position Limit,Your CRO has set the aggregate position limit to 11000 shares for this week.,162,2026-02-01 08:52:32.946271,SPNG,23.83,23.54,23.83,2507100.0,2515100.0,,0,0,0,0,0
1.0,1.0,1.0,,Welcome to the RITC 2026 Alogithmic Market Making Case - practice server,,162,2026-02-01 08:52:32.946271,SMMR,24.68,24.68,24.82,2212400.0,2089200.0,,0,0,0,0,0
,,,,,,162,2026-02-01 08:52:32.946271,ATMN,23.84,23.84,23.97,2305900.0,2329300.0,,0,0,0,0,0
,,,,,,162,2026-02-01 08:52:32.946271,WNTR,26.36,26.17,26.36,1596000.0,1817900.0,25000.0,0,0,0,0,0
2.0,1.0,1.0,,Aggregate Position Limit,Your CRO has set the aggregate position limit to 11000 shares for this week.,163,2026-02-01 08:52:34.003484,SPNG,23.43,23.43,23.83,2516900.0,2502200.0,,,0,0,0,0
1.0,1.0,1.0,,Welcome to the RITC 2026 Alogithmic Market Making Case - practice server,,163,2026-02-01 08:52:34.003484,SMMR,24.68,24.68,24.7,2212400.0,2110500.0,,,0,0,0,0
,,,,,,163,2026-02-01 08:52:34.003484,ATMN,23.97,23.52,23.97,2292800.0,2369300.0,,,0,0,0,0
,,,,,,163,2026-02-01 08:52:34.003484,WNTR,26.33,26.34,26.38,1817700.0,1705300.0,15000.0,5000.0,0,0,0,0
2.0,1.0,1.0,,Aggregate Position Limit,Your CRO has set the aggregate position limit to 11000 shares for this week.,164,2026-02-01 08:52:35.065655,SPNG,23.86,23.31,23.86,2539300.0,2464400.0,,,0,0,0,0
1.0,1.0,1.0,,Welcome to the RITC 2026 Alogithmic Market Making Case - practice server,,164,2026-02-01 08:52:35.065655,SMMR,24.68,24.68,24.7,2206500.0,2096700.0,,,0,0,0,0
,,,,,,164,2026-02-01 08:52:35.065655,ATMN,23.52,23.49,23.52,2304200.0,2388000.0,,,0,0,0,0
,,,,,,164,2026-02-01 08:52:35.065655,WNTR,26.16,26.16,26.38,1591000.0,1810900.0,25000.0,5000.0,0,0,0,0
2.0,1.0,1.0,,Aggregate Position Limit,Your CRO has set the aggregate position limit to 11000 shares for this week.,165,2026-02-01 08:52:36.099389,SPNG,23.3,23.77,23.86,2545500.0,2460000.0,,,0,0,0,0
1.0,1.0,1.0,,Welcome to the RITC 2026 Alogithmic Market Making Case - practice server,,165,2026-02-01 08:52:36.099389,SMMR,24.74,24.68,24.74,2207600.0,2066600.0,,,0,0,0,0
,,,,,,165,2026-02-01 08:52:36.099389,ATMN,23.48,23.62,24.0,2285800.0,2370700.0,,,0,0,0,0
,,,,,,165,2026-02-01 08:52:36.099389,WNTR,26.24,26.16,26.18,1591000.0,1837300.0,25000.0,10000.0,0,0,0,0
2.0,1.0,1.0,,Aggregate Position Limit,Your CRO has set the aggregate position limit to 11000 shares for this week.,166,2026-02-01 08:52:37.137848,SPNG,23.95,23.27,23.95,2556500.0,2440300.0,,,0,0,0,0
1.0,1.0,1.0,,Welcome to the RITC 2026 Alogithmic Market Making Case - practice server,,166,2026-02-01 08:52:37.137848,SMMR,24.68,24.66,24.67,2205900.0,2043800.0,,,0,0,0,0
,,,,,,166,2026-02-01 08:52:37.137848,ATMN,23.48,23.71,23.94,2301900.0,2376100.0,,,0,0,0,0
,,,,,,166,2026-02-01 08:52:37.137848,WNTR,26.1,26.1,26.2,1725300.0,1817000.0,20000.0,10000.0,0,0,0,0
2.0,1.0,1.0,,Aggregate Position Limit,Your CRO has set the aggregate position limit to 11000 shares for this week.,167,2026-02-01 08:52:38.167917,SPNG,23.95,23.85,23.95,2529800.0,2462600.0,,,0,0,0,0
1.0,1.0,1.0,,Welcome to the RITC 2026 Alogithmic Market Making Case - practice server,,167,2026-02-01 08:52:38.167917,SMMR,24.74,24.71,24.74,2194700.0,2066600.0,,,0,0,0,0
,,,,,,167,2026-02-01 08:52:38.167917,ATMN,24.0,23.71,24.0,2302600.0,2390000.0,,,0,0,0,0
,,,,,,167,2026-02-01 08:52:38.167917,WNTR,26.3,26.1,26.25,1725300.0,1928600.0,20000.0,5000.0,0,0,0,0
2.0,1.0,1.0,,Aggregate Position Limit,Your CRO has set the aggregate position limit to 11000 shares for this week.,168,2026-02-01 08:52:39.203551,SPNG,23.85,23.38,23.5,2515500.0,2428100.0,,,0,0,0,0
1.0,1.0,1.0,,Welcome to the RITC 2026 Alogithmic Market Making Case - practice server,,168,2026-02-01 08:52:39.203551,SMMR,24.65,24.65,24.74,2230400.0,2035600.0,,,0,0,0,0
,,,,,,168,2026-02-01 08:52:39.203551,ATMN,24.0,23.71,24.0,2295400.0,2390000.0,,,0,0,0,0
,,,,,,168,2026-02-01 08:52:39.203551,WNTR,26.3,26.1,26.25,1744100.0,1839900.0,20000.0,10000.0,0,0,0,0
2.0,1.0,1.0,,Aggregate Position Limit,Your CRO has set the aggregate position limit to 11000 shares for this week.,169,2026-02-01 08:52:40.227070,SPNG,23.27,23.27,23.86,2556500.0,2445900.0,,,0,0,0,0
1.0,1.0,1.0,,Welcome to the RITC 2026 Alogithmic Market Making Case - practice server,,169,2026-02-01 08:52:40.227070,SMMR,24.86,24.65,24.86,2232500.0,2079000.0,,,0,0,0,0
,,,,,,169,2026-02-01 08:52:40.227070,ATMN,23.62,23.74,24.0,2269500.0,2392300.0,,,0,0,0,0
,,,,,,169,2026-02-01 08:52:40.227070,WNTR,26.38,26.1,26.37,1744100.0,1810900.0,20000.0,10000.0,0,0,0,0
2.0,1.0,1.0,,Aggregate Position Limit,Your CRO has set the aggregate position limit to 11000 shares for this week.,170,2026-02-01 08:52:41.256972,SPNG,23.83,23.83,23.86,2522400.0,2441500.0,,,0,0,0,0
1.0,1.0,1.0,,Welcome to the RITC 2026 Alogithmic Market Making Case - practice server,,170,2026-02-01 08:52:41.256972,SMMR,24.64,24.68,24.71,2253600.0,2080100.0,,,0,0,0,0
,,,,,,170,2026-02-01 08:52:41.256972,ATMN,23.64,23.64,23.95,2280800.0,2382200.0,,,0,0,0,0
,,,,,,170,2026-02-01 08:52:41.256972,WNTR,26.3,26.31,26.38,1650500.0,1921600.0,30000.0,5000.0,0,0,0,0
2.0,1.0,1.0,,Aggregate Position Limit,Your CRO has set the aggregate position limit to 11000 shares for this week.,171,2026-02-01 08:52:42.285234,SPNG,23.3,23.85,23.86,2516900.0,2441500.0,,,0,0,0,0
1.0,1.0,1.0,,Welcome to the RITC 2026 Alogithmic Market Making Case - practice server,,171,2026-02-01 08:52:42.285234,SMMR,24.68,24.68,24.72,2253600.0,2108100.0,,,0,0,0,0
,,,,,,171,2026-02-01 08:52:42.285234,ATMN,23.64,23.64,23.78,2313900.0,2358300.0,,,0,0,0,0
,,,,,,171,2026-02-01 08:52:42.285234,WNTR,26.38,26.1,26.29,1835600.0,1911300.0,15000.0,7500.0,0,0,0,0
2.0,1.0,1.0,,Aggregate Position Limit,Your CRO has set the aggregate position limit to 11000 shares for this week.,172,2026-02-01 08:52:43.321613,SPNG,23.27,23.55,23.63,2521400.0,2399300.0,,0,0,0,0,0
1.0,1.0,1.0,,Welcome to the RITC 2026 Alogithmic Market Making Case - practice server,,172,2026-02-01 08:52:43.321613,SMMR,24.68,24.68,24.72,2274600.0,2108100.0,,0,0,0,0,0
,,,,,,172,2026-02-01 08:52:43.321613,ATMN,24.0,23.91,24.0,2332300.0,2392300.0,,0,0,0,0,0
,,,,,,172,2026-02-01 08:52:43.321613,WNTR,26.1,26.1,26.27,2205900.0,1943700.0,7500.0,0,0,0,0,0
2.0,1.0,1.0,,Aggregate Position Limit,Your CRO has set the aggregate position limit to 11000 shares for this week.,174,2026-02-01 08:52:44.374536,SPNG,23.86,23.39,23.86,2487200.0,2441500.0,,0,0,0,0,0
1.0,1.0,1.0,,Welcome to the RITC 2026 Alogithmic Market Making Case - practice server,,174,2026-02-01 08:52:44.374536,SMMR,24.86,24.6,24.86,2263700.0,2094000.0,,0,0,0,0,0
,,,,,,174,2026-02-01 08:52:44.374536,ATMN,23.63,23.87,24.0,2347800.0,2359500.0,,0,0,0,0,0
,,,,,,174,2026-02-01 08:52:44.374536,WNTR,26.1,26.21,26.26,2156300.0,1855000.0,15000.0,0,0,0,0,0
2.0,1.0,1.0,,Aggregate Position Limit,Your CRO has set the aggregate position limit to 11000 shares for this week.,175,2026-02-01 08:52:45.423192,SPNG,23.95,23.46,23.95,2473300.0,2456900.0,0,0,0,0,0,0
1.0,1.0,1.0,,Welcome to the RITC 2026 Alogithmic Market Making Case - practice server,,175,2026-02-01 08:52:45.423192,SMMR,24.6,24.6,24.68,2277900.0,2092400.0,0,0,0,0,0,0
,,,,,,175,2026-02-01 08:52:45.423192,ATMN,24.04,23.87,23.88,2355700.0,2373500.0,0,0,0,0,0,0
,,,,,,175,2026-02-01 08:52:45.423192,WNTR,26.21,26.1,26.21,2166000.0,2036600.0,0,0,0,0,0,0
2.0,1.0,1.0,,Aggregate Position Limit,Your CRO has set the aggregate position limit to 11000 shares for this week.,176,2026-02-01 08:52:46.458942,SPNG,23.39,23.39,23.76,2495100.0,2463700.0,0,0,0,0,0,0
1.0,1.0,1.0,,Welcome to the RITC 2026 Alogithmic Market Making Case - practice server,,176,2026-02-01 08:52:46.458942,SMMR,24.68,24.76,24.86,2255600.0,2094000.0,0,0,0,0,0,0
,,,,,,176,2026-02-01 08:52:46.458942,ATMN,24.04,23.95,24.04,2336300.0,2400800.0,0,0,0,0,0,0
,,,,,,176,2026-02-01 08:52:46.458942,WNTR,26.09,26.09,26.21,2176200.0,2036600.0,0,0,0,0,0,0
2.0,1.0,1.0,,Aggregate Position Limit,Your CRO has set the aggregate position limit to 11000 shares for this week.,177,2026-02-01 08:52:47.493549,SPNG,23.39,23.43,23.76,2470600.0,2463700.0,0,0,0,0,0,0
1.0,1.0,1.0,,Welcome to the RITC 2026 Alogithmic Market Making Case - practice server,,177,2026-02-01 08:52:47.493549,SMMR,24.59,24.72,24.82,2257000.0,2097500.0,0,0,0,0,0,0
,,,,,,177,2026-02-01 08:52:47.493549,ATMN,23.69,23.69,24.04,2327300.0,2370400.0,0,0,0,0,0,0
,,,,,,177,2026-02-01 08:52:47.493549,WNTR,26.22,26.22,26.38,2176500.0,2026800.0,0,0,0,0,0,0
2.0,1.0,1.0,,Aggregate Position Limit,Your CRO has set the aggregate position limit to 11000 shares for this week.,178,2026-02-01 08:52:48.529188,SPNG,23.76,23.6,23.76,2473000.0,2463700.0,0,0,0,0,0,0
1.0,1.0,1.0,,Welcome to the RITC 2026 Alogithmic Market Making Case - practice server,,178,2026-02-01 08:52:48.529188,SMMR,24.59,24.72,24.76,2257000.0,2085300.0,0,0,0,0,0,0
,,,,,,178,2026-02-01 08:52:48.529188,ATMN,24.05,23.69,23.87,2327300.0,2355600.0,0,0,0,0,0,0
,,,,,,178,2026-02-01 08:52:48.529188,WNTR,26.08,26.08,26.38,2209300.0,2006300.0,0,0,0,0,0,0
2.0,1.0,1.0,,Aggregate Position Limit,Your CRO has set the aggregate position limit to 11000 shares for this week.,179,2026-02-01 08:52:49.563972,SPNG,23.76,23.6,23.76,2473000.0,2457500.0,0,0,0,0,0,0
1.0,1.0,1.0,,Welcome to the RITC 2026 Alogithmic Market Making Case - practice server,,179,2026-02-01 08:52:49.563972,SMMR,24.59,24.72,24.76,2249400.0,2086400.0,0,0,0,0,0,0
,,,,,,179,2026-02-01 08:52:49.563972,ATMN,23.87,23.63,23.87,2332200.0,2355600.0,0,0,0,0,0,0
,,,,,,179,2026-02-01 08:52:49.563972,WNTR,26.08,26.16,26.19,2205400.0,2029800.0,0,0,0,0,0,0
2.0,1.0,1.0,,Aggregate Position Limit,Your CRO has set the aggregate position limit to 11000 shares for this week.,180,2026-02-01 08:52:50.598064,SPNG,23.43,25.86,0.0,200000.0,0,0,0,0,0,0,0
1.0,1.0,1.0,,Welcome to the RITC 2026 Alogithmic Market Making Case - practice server,,180,2026-02-01 08:52:50.598064,SMMR,24.59,24.55,0.0,200000.0,0,0,0,0,0,0,0
,,,,,,180,2026-02-01 08:52:50.598064,ATMN,24.05,25.7,0.0,200000.0,0,0,0,0,0,0,0
,,,,,,180,2026-02-01 08:52:50.598064,WNTR,26.19,25.66,0.0,200000.0,0,0,0,0,0,0,0
2.0,1.0,1.0,,Aggregate Position Limit,Your CRO has set the aggregate position limit to 11000 shares for this week.,181,2026-02-01 08:52:51.618412,SPNG,25.86,25.05,25.13,1288800.0,813900.0,,0,0,0,0,0
1.0,1.0,1.0,,Welcome to the RITC 2026 Alogithmic Market Making Case - practice server,,181,2026-02-01 08:52:51.618412,SMMR,24.55,24.55,24.79,795700.0,868400.0,,0,0,0,0,0
,,,,,,181,2026-02-01 08:52:51.618412,ATMN,25.7,25.7,25.86,899800.0,813500.0,,0,0,0,0,0
,,,,,,181,2026-02-01 08:52:51.618412,WNTR,25.72,25.66,25.72,922600.0,804600.0,5000.0,0,0,0,0,0
2.0,1.0,1.0,,Aggregate Position Limit,Your CRO has set the aggregate position limit to 11000 shares for this week.,182,2026-02-01 08:52:52.653331,SPNG,26.2,25.27,25.72,1592700.0,956100.0,,,0,0,0,0
1.0,1.0,1.0,,Welcome to the RITC 2026 Alogithmic Market Making Case - practice server,,182,2026-02-01 08:52:52.653331,SMMR,24.79,24.55,24.76,795700.0,992000.0,,,0,0,0,0
,,,,,,182,2026-02-01 08:52:52.653331,ATMN,25.7,25.57,25.6,936500.0,1131000.0,,,0,0,0,0
,,,,,,182,2026-02-01 08:52:52.653331,WNTR,25.66,25.66,25.71,935100.0,1012700.0,5000.0,15000.0,0,0,0,0
2.0,1.0,1.0,,Aggregate Position Limit,Your CRO has set the aggregate position limit to 11000 shares for this week.,183,2026-02-01 08:52:53.729419,SPNG,25.72,25.73,26.4,1907600.0,934100.0,,,0,0,0,0
1.0,1.0,1.0,,Welcome to the RITC 2026 Alogithmic Market Making Case - practice server,,183,2026-02-01 08:52:53.729419,SMMR,24.51,24.51,24.76,800200.0,1204700.0,,,0,0,0,0
,,,,,,183,2026-02-01 08:52:53.729419,ATMN,25.86,25.57,25.86,1269200.0,930700.0,,,0,0,0,0
,,,,,,183,2026-02-01 08:52:53.729419,WNTR,25.44,24.71,25.37,931400.0,1270500.0,5000.0,15000.0,0,0,0,0
2.0,1.0,1.0,,Aggregate Position Limit,Your CRO has set the aggregate position limit to 11000 shares for this week.,184,2026-02-01 08:52:54.763245,SPNG,25.81,25.82,26.4,2150900.0,1027000.0,,,0,0,0,0
1.0,1.0,1.0,,Welcome to the RITC 2026 Alogithmic Market Making Case - practice server,,184,2026-02-01 08:52:54.763245,SMMR,24.45,24.53,24.64,927900.0,1437900.0,,,0,0,0,0
,,,,,,184,2026-02-01 08:52:54.763245,ATMN,25.97,25.34,25.86,1175100.0,942900.0,,,0,0,0,0
