tick,timestamp,ticker,last_price,bid_price,ask_price,BUY_ANON,SELL_ANON,SELL_LUIS-3,BUY_LUIS-3,SELL_CALG-1,BUY_CALG-1
0,2026-02-01 03:59:09.856642,SPNG,0.0,0.0,25.15,2390900.0,2057300.0,0,0,0,0
0,2026-02-01 03:59:09.856642,SMMR,24.95,24.95,0.0,2307800.0,1932800.0,0,0,0,0
0,2026-02-01 03:59:09.856642,ATMN,0.0,0.0,0.0,2097300.0,1968300.0,0,0,0,0
0,2026-02-01 03:59:09.856642,WNTR,24.96,24.96,0.0,2409100.0,1777600.0,0,0,0,0
2.0,1.0,1.0,,Aggregate Position Limit,Your CRO has set the aggregate position limit to 8000 shares for this week.,2,2026-02-01 03:59:10.898942,SPNG,24.89,24.51,24.87,2391800.0,2327600.0,0,0,0,0
1.0,1.0,1.0,,Welcome to the RITC 2026 Alogithmic Market Making Case - practice server,,2,2026-02-01 03:59:10.898942,SMMR,25.0,25.0,25.07,2336000.0,1935100.0,0,0,0,0
,,,,,,2,2026-02-01 03:59:10.898942,ATMN,25.13,24.97,25.13,2086100.0,1968300.0,0,0,0,0
,,,,,,2,2026-02-01 03:59:10.898942,WNTR,24.94,24.94,24.97,2402500.0,1912700.0,0,0,0,0
2.0,1.0,1.0,,Aggregate Position Limit,Your CRO has set the aggregate position limit to 8000 shares for this week.,3,2026-02-01 03:59:11.959367,SPNG,25.15,24.51,25.15,2383000.0,2196200.0,0,0,0,0
1.0,1.0,1.0,,Welcome to the RITC 2026 Alogithmic Market Making Case - practice server,,3,2026-02-01 03:59:11.959367,SMMR,25.0,25.0,25.07,2318300.0,1935100.0,0,0,0,0
,,,,,,3,2026-02-01 03:59:11.959367,ATMN,24.89,24.89,25.14,2106200.0,1859800.0,0,0,0,0
,,,,,,3,2026-02-01 03:59:11.959367,WNTR,24.97,24.94,24.97,2402000.0,1912700.0,0,0,0,0
2.0,1.0,1.0,,Aggregate Position Limit,Your CRO has set the aggregate position limit to 8000 shares for this week.,4,2026-02-01 03:59:12.994388,SPNG,25.15,25.05,25.15,2400800.0,2328900.0,0,0,0,0
1.0,1.0,1.0,,Welcome to the RITC 2026 Alogithmic Market Making Case - practice server,,4,2026-02-01 03:59:12.994388,SMMR,25.0,25.0,25.07,2345200.0,2181400.0,0,0,0,0
,,,,,,4,2026-02-01 03:59:12.994388,ATMN,25.05,24.89,25.0,2106200.0,1980100.0,0,0,0,0
,,,,,,4,2026-02-01 03:59:12.994388,WNTR,25.02,24.94,25.02,2402000.0,2103900.0,0,0,0,0
2.0,1.0,1.0,,Aggregate Position Limit,Your CRO has set the aggregate position limit to 8000 shares for this week.,5,2026-02-01 03:59:14.033550,SPNG,25.15,25.05,25.15,2400800.0,2469300.0,0,0,0,0
1.0,1.0,1.0,,Welcome to the RITC 2026 Alogithmic Market Making Case - practice server,,5,2026-02-01 03:59:14.033550,SMMR,25.0,25.0,25.06,2345200.0,2317400.0,0,0,0,0
,,,,,,5,2026-02-01 03:59:14.033550,ATMN,25.16,24.89,25.16,2097300.0,1761100.0,0,0,0,0
,,,,,,5,2026-02-01 03:59:14.033550,WNTR,25.02,24.94,24.99,2424000.0,2371100.0,0,0,0,0
2.0,1.0,1.0,,Aggregate Position Limit,Your CRO has set the aggregate position limit to 8000 shares for this week.,6,2026-02-01 03:59:15.065992,SPNG,25.05,25.05,25.15,2400800.0,2454100.0,0,0,0,0
1.0,1.0,1.0,,Welcome to the RITC 2026 Alogithmic Market Making Case - practice server,,6,2026-02-01 03:59:15.065992,SMMR,24.95,24.95,25.06,2317100.0,2317400.0,0,0,0,0
,,,,,,6,2026-02-01 03:59:15.065992,ATMN,25.2,25.09,25.2,2112400.0,1777200.0,0,0,0,0
,,,,,,6,2026-02-01 03:59:15.065992,WNTR,24.99,24.94,24.99,2424000.0,2375900.0,0,0,0,0
2.0,1.0,1.0,,Aggregate Position Limit,Your CRO has set the aggregate position limit to 8000 shares for this week.,7,2026-02-01 03:59:16.082369,SPNG,25.05,25.05,25.12,2400800.0,2457100.0,0,0,0,0
1.0,1.0,1.0,,Welcome to the RITC 2026 Alogithmic Market Making Case - practice server,,7,2026-02-01 03:59:16.082369,SMMR,24.95,24.95,24.98,2355000.0,2340800.0,0,0,0,0
,,,,,,7,2026-02-01 03:59:16.082369,ATMN,25.09,24.89,25.07,2097300.0,1999100.0,0,0,0,0
,,,,,,7,2026-02-01 03:59:16.082369,WNTR,24.86,24.86,25.02,2379600.0,2315400.0,0,0,0,0
2.0,1.0,1.0,,Aggregate Position Limit,Your CRO has set the aggregate position limit to 8000 shares for this week.,8,2026-02-01 03:59:17.099895,SPNG,25.12,24.69,25.12,2406800.0,2457100.0,0,0,0,0
1.0,1.0,1.0,,Welcome to the RITC 2026 Alogithmic Market Making Case - practice server,,8,2026-02-01 03:59:17.099895,SMMR,25.06,24.94,25.06,2336700.0,2304000.0,0,0,0,0
,,,,,,8,2026-02-01 03:59:17.099895,ATMN,24.89,24.89,25.2,2097300.0,2009900.0,0,0,0,0
,,,,,,8,2026-02-01 03:59:17.099895,WNTR,25.06,24.86,25.06,2379600.0,2349700.0,0,0,0,0
2.0,1.0,1.0,,Aggregate Position Limit,Your CRO has set the aggregate position limit to 8000 shares for this week.,9,2026-02-01 03:59:18.134645,SPNG,25.25,24.7,25.25,2384500.0,2453800.0,0,0,0,0
1.0,1.0,1.0,,Welcome to the RITC 2026 Alogithmic Market Making Case - practice server,,9,2026-02-01 03:59:18.134645,SMMR,24.92,24.92,25.06,2309800.0,2304000.0,0,0,0,0
,,,,,,9,2026-02-01 03:59:18.134645,ATMN,24.81,25.19,25.2,2085900.0,2009900.0,0,0,0,0
,,,,,,9,2026-02-01 03:59:18.134645,WNTR,25.07,24.87,25.0,2399000.0,2324800.0,0,0,0,0
2.0,1.0,1.0,,Aggregate Position Limit,Your CRO has set the aggregate position limit to 8000 shares for this week.,10,2026-02-01 03:59:19.168293,SPNG,25.25,24.82,24.9,2393700.0,2474700.0,0,0,0,0
1.0,1.0,1.0,,Welcome to the RITC 2026 Alogithmic Market Making Case - practice server,,10,2026-02-01 03:59:19.168293,SMMR,24.91,24.91,25.03,2303300.0,2303300.0,0,0,0,0
,,,,,,10,2026-02-01 03:59:19.168293,ATMN,24.81,24.74,24.78,2112400.0,2009900.0,0,0,0,0
,,,,,,10,2026-02-01 03:59:19.168293,WNTR,25.08,24.87,25.08,2394100.0,2318100.0,0,0,0,0
2.0,1.0,1.0,,Aggregate Position Limit,Your CRO has set the aggregate position limit to 8000 shares for this week.,11,2026-02-01 03:59:20.204134,SPNG,24.82,24.82,25.28,2393700.0,2442100.0,0,0,0,0
1.0,1.0,1.0,,Welcome to the RITC 2026 Alogithmic Market Making Case - practice server,,11,2026-02-01 03:59:20.204134,SMMR,24.89,24.89,25.03,2362200.0,2303300.0,0,0,0,0
,,,,,,11,2026-02-01 03:59:20.204134,ATMN,24.74,24.74,25.02,2100500.0,2114900.0,0,0,0,0
,,,,,,11,2026-02-01 03:59:20.204134,WNTR,25.08,24.87,25.08,2357300.0,2318100.0,0,0,0,0
2.0,1.0,1.0,,Aggregate Position Limit,Your CRO has set the aggregate position limit to 8000 shares for this week.,12,2026-02-01 03:59:21.233540,SPNG,25.08,24.82,24.97,2349200.0,2435700.0,0,0,0,0
1.0,1.0,1.0,,Welcome to the RITC 2026 Alogithmic Market Making Case - practice server,,12,2026-02-01 03:59:21.233540,SMMR,24.87,24.87,25.03,2338600.0,2289400.0,0,0,0,0
,,,,,,12,2026-02-01 03:59:21.233540,ATMN,25.15,24.74,24.8,2100500.0,2101200.0,0,0,0,0
,,,,,,12,2026-02-01 03:59:21.233540,WNTR,24.87,24.87,25.08,2357300.0,2310300.0,0,0,0,0
2.0,1.0,1.0,,Aggregate Position Limit,Your CRO has set the aggregate position limit to 8000 shares for this week.,13,2026-02-01 03:59:22.270992,SPNG,25.27,24.82,25.01,2349200.0,2436300.0,0,0,0,0
1.0,1.0,1.0,,Welcome to the RITC 2026 Alogithmic Market Making Case - practice server,,13,2026-02-01 03:59:22.270992,SMMR,25.07,24.92,25.07,2302800.0,2314200.0,0,0,0,0
,,,,,,13,2026-02-01 03:59:22.270992,ATMN,25.22,24.71,25.22,2061100.0,1976500.0,0,0,0,0
,,,,,,13,2026-02-01 03:59:22.270992,WNTR,25.08,25.08,25.09,2387000.0,2286100.0,0,0,0,0
2.0,1.0,1.0,,Aggregate Position Limit,Your CRO has set the aggregate position limit to 8000 shares for this week.,14,2026-02-01 03:59:23.306904,SPNG,25.11,24.83,24.9,2340900.0,2438400.0,0,0,0,0
1.0,1.0,1.0,,Welcome to the RITC 2026 Alogithmic Market Making Case - practice server,,14,2026-02-01 03:59:23.306904,SMMR,25.07,24.96,25.01,2306400.0,2290400.0,0,0,0,0
,,,,,,14,2026-02-01 03:59:23.306904,ATMN,24.69,24.69,25.22,2093400.0,1976500.0,0,0,0,0
,,,,,,14,2026-02-01 03:59:23.306904,WNTR,25.15,25.08,25.15,2391800.0,2316000.0,0,0,0,0
2.0,1.0,1.0,,Aggregate Position Limit,Your CRO has set the aggregate position limit to 8000 shares for this week.,15,2026-02-01 03:59:24.333174,SPNG,25.28,24.83,25.28,2356200.0,2448500.0,0,0,0,0
1.0,1.0,1.0,,Welcome to the RITC 2026 Alogithmic Market Making Case - practice server,,15,2026-02-01 03:59:24.333174,SMMR,25.07,24.96,25.07,2319400.0,2308100.0,0,0,0,0
,,,,,,15,2026-02-01 03:59:24.333174,ATMN,24.63,24.63,24.97,2075200.0,2086200.0,0,0,0,0
,,,,,,15,2026-02-01 03:59:24.333174,WNTR,25.16,24.87,25.16,2372400.0,2213800.0,0,0,0,0
2.0,1.0,1.0,,Aggregate Position Limit,Your CRO has set the aggregate position limit to 8000 shares for this week.,16,2026-02-01 03:59:25.362657,SPNG,24.82,24.82,25.28,2340500.0,2448500.0,0,0,0,0
1.0,1.0,1.0,,Welcome to the RITC 2026 Alogithmic Market Making Case - practice server,,16,2026-02-01 03:59:25.362657,SMMR,25.07,24.96,25.07,2338600.0,2308100.0,0,0,0,0
,,,,,,16,2026-02-01 03:59:25.362657,ATMN,25.22,24.79,25.22,2060500.0,2060000.0,0,0,0,0
,,,,,,16,2026-02-01 03:59:25.362657,WNTR,25.14,25.14,25.16,2365200.0,2330400.0,0,0,0,0
2.0,1.0,1.0,,Aggregate Position Limit,Your CRO has set the aggregate position limit to 8000 shares for this week.,17,2026-02-01 03:59:26.425222,SPNG,25.36,25.02,25.36,2330800.0,2424900.0,0,0,0,0
1.0,1.0,1.0,,Welcome to the RITC 2026 Alogithmic Market Making Case - practice server,,17,2026-02-01 03:59:26.425222,SMMR,25.07,25.07,25.08,2362800.0,2322900.0,0,0,0,0
,,,,,,17,2026-02-01 03:59:26.425222,ATMN,25.22,24.79,25.22,2060500.0,2072200.0,0,0,0,0
,,,,,,17,2026-02-01 03:59:26.425222,WNTR,25.17,24.95,25.17,2379500.0,2202800.0,0,0,0,0
2.0,1.0,1.0,,Aggregate Position Limit,Your CRO has set the aggregate position limit to 8000 shares for this week.,18,2026-02-01 03:59:27.462403,SPNG,24.73,24.73,25.36,2306500.0,2424900.0,0,0,0,0
1.0,1.0,1.0,,Welcome to the RITC 2026 Alogithmic Market Making Case - practice server,,18,2026-02-01 03:59:27.462403,SMMR,25.08,24.96,25.08,2338600.0,2350000.0,0,0,0,0
,,,,,,18,2026-02-01 03:59:27.462403,ATMN,24.79,24.63,24.66,2075200.0,2092200.0,0,0,0,0
,,,,,,18,2026-02-01 03:59:27.462403,WNTR,25.19,24.95,25.19,2394400.0,2192200.0,0,0,0,0
2.0,1.0,1.0,,Aggregate Position Limit,Your CRO has set the aggregate position limit to 8000 shares for this week.,19,2026-02-01 03:59:28.505377,SPNG,24.73,25.35,25.36,2294600.0,2450800.0,0,0,0,0
1.0,1.0,1.0,,Welcome to the RITC 2026 Alogithmic Market Making Case - practice server,,19,2026-02-01 03:59:28.505377,SMMR,24.93,24.93,25.09,2321700.0,2343900.0,0,0,0,0
,,,,,,19,2026-02-01 03:59:28.505377,ATMN,25.3,24.78,24.93,2103900.0,2058900.0,0,0,0,0
,,,,,,19,2026-02-01 03:59:28.505377,WNTR,25.19,25.12,25.19,2368600.0,2302200.0,0,0,0,0
2.0,1.0,1.0,,Aggregate Position Limit,Your CRO has set the aggregate position limit to 8000 shares for this week.,20,2026-02-01 03:59:29.546135,SPNG,24.73,24.73,25.36,2307200.0,2450800.0,0,0,0,0
1.0,1.0,1.0,,Welcome to the RITC 2026 Alogithmic Market Making Case - practice server,,20,2026-02-01 03:59:29.546135,SMMR,24.92,24.92,24.94,2316900.0,2351800.0,0,0,0,0
,,,,,,20,2026-02-01 03:59:29.546135,ATMN,25.3,24.78,24.83,2103900.0,2067800.0,0,0,0,0
,,,,,,20,2026-02-01 03:59:29.546135,WNTR,25.21,25.18,25.21,2342500.0,2260700.0,0,0,0,0
2.0,1.0,1.0,,Aggregate Position Limit,Your CRO has set the aggregate position limit to 8000 shares for this week.,21,2026-02-01 03:59:30.613281,SPNG,24.72,24.72,25.51,2319100.0,2462200.0,0,0,0,0
1.0,1.0,1.0,,Welcome to the RITC 2026 Alogithmic Market Making Case - practice server,,21,2026-02-01 03:59:30.613281,SMMR,24.99,25.0,25.09,2314500.0,2343900.0,0,0,0,0
,,,,,,21,2026-02-01 03:59:30.613281,ATMN,24.83,24.78,24.83,2094200.0,2067800.0,0,0,0,0
,,,,,,21,2026-02-01 03:59:30.613281,WNTR,25.18,25.18,25.21,2342500.0,2274400.0,0,0,0,0
2.0,1.0,1.0,,Aggregate Position Limit,Your CRO has set the aggregate position limit to 8000 shares for this week.,22,2026-02-01 03:59:31.648334,SPNG,24.9,24.72,24.9,2359600.0,2450400.0,0,0,0,0
1.0,1.0,1.0,,Welcome to the RITC 2026 Alogithmic Market Making Case - practice server,,22,2026-02-01 03:59:31.648334,SMMR,24.97,24.97,25.09,2318800.0,2345700.0,0,0,0,0
,,,,,,22,2026-02-01 03:59:31.648334,ATMN,24.83,25.01,25.3,2085700.0,2083100.0,0,0,0,0
,,,,,,22,2026-02-01 03:59:31.648334,WNTR,25.23,25.18,25.23,2342500.0,2296400.0,0,0,0,0
2.0,1.0,1.0,,Aggregate Position Limit,Your CRO has set the aggregate position limit to 8000 shares for this week.,23,2026-02-01 03:59:32.683386,SPNG,24.71,25.36,25.51,2344000.0,2418500.0,0,0,0,0
1.0,1.0,1.0,,Welcome to the RITC 2026 Alogithmic Market Making Case - practice server,,23,2026-02-01 03:59:32.683386,SMMR,24.97,24.97,25.01,2302700.0,2343200.0,0,0,0,0
,,,,,,23,2026-02-01 03:59:32.683386,ATMN,24.78,24.78,25.3,2094200.0,2094100.0,0,0,0,0
,,,,,,23,2026-02-01 03:59:32.683386,WNTR,25.17,25.21,25.23,2385400.0,2296400.0,0,0,0,0
2.0,1.0,1.0,,Aggregate Position Limit,Your CRO has set the aggregate position limit to 8000 shares for this week.,24,2026-02-01 03:59:33.742180,SPNG,25.33,25.33,25.35,2347900.0,2415900.0,0,0,0,0
1.0,1.0,1.0,,Welcome to the RITC 2026 Alogithmic Market Making Case - practice server,,24,2026-02-01 03:59:33.742180,SMMR,24.87,24.87,25.01,2328000.0,2331200.0,0,0,0,0
,,,,,,24,2026-02-01 03:59:33.742180,ATMN,24.8,25.01,25.21,2094000.0,2040800.0,0,0,0,0
,,,,,,24,2026-02-01 03:59:33.742180,WNTR,25.17,25.21,25.23,2353300.0,2350300.0,0,0,0,0
2.0,1.0,1.0,,Aggregate Position Limit,Your CRO has set the aggregate position limit to 8000 shares for this week.,25,2026-02-01 03:59:34.817690,SPNG,24.69,24.69,25.35,2395700.0,2452400.0,0,0,0,0
1.0,1.0,1.0,,Welcome to the RITC 2026 Alogithmic Market Making Case - practice server,,25,2026-02-01 03:59:34.817690,SMMR,25.01,24.98,25.01,2324100.0,2331200.0,0,0,0,0
,,,,,,25,2026-02-01 03:59:34.817690,ATMN,25.02,24.78,25.02,2088200.0,2034700.0,0,0,0,0
,,,,,,25,2026-02-01 03:59:34.817690,WNTR,25.15,25.12,25.15,2367000.0,2350300.0,0,0,0,0
2.0,1.0,1.0,,Aggregate Position Limit,Your CRO has set the aggregate position limit to 8000 shares for this week.,26,2026-02-01 03:59:35.852573,SPNG,25.35,24.97,25.35,2342600.0,2452400.0,0,0,0,0
1.0,1.0,1.0,,Welcome to the RITC 2026 Alogithmic Market Making Case - practice server,,26,2026-02-01 03:59:35.852573,SMMR,24.98,24.98,25.06,2324100.0,2339200.0,0,0,0,0
,,,,,,26,2026-02-01 03:59:35.852573,ATMN,25.02,24.78,25.02,2088200.0,2034700.0,0,0,0,0
,,,,,,26,2026-02-01 03:59:35.852573,WNTR,25.24,25.12,25.24,2338400.0,2319200.0,0,0,0,0
2.0,1.0,1.0,,Aggregate Position Limit,Your CRO has set the aggregate position limit to 8000 shares for this week.,27,2026-02-01 03:59:36.877847,SPNG,25.35,24.66,25.35,2404700.0,2428000.0,0,0,0,0
1.0,1.0,1.0,,Welcome to the RITC 2026 Alogithmic Market Making Case - practice server,,27,2026-02-01 03:59:36.877847,SMMR,24.98,24.98,25.06,2324100.0,2314600.0,0,0,0,0
,,,,,,27,2026-02-01 03:59:36.877847,ATMN,25.02,24.78,25.02,2114100.0,2018100.0,0,0,0,0
,,,,,,27,2026-02-01 03:59:36.877847,WNTR,25.12,25.12,25.18,2340500.0,2301800.0,0,0,0,0
2.0,1.0,1.0,,Aggregate Position Limit,Your CRO has set the aggregate position limit to 8000 shares for this week.,28,2026-02-01 03:59:37.917855,SPNG,25.35,24.69,25.35,2342700.0,2428000.0,0,0,0,0
1.0,1.0,1.0,,Welcome to the RITC 2026 Alogithmic Market Making Case - practice server,,28,2026-02-01 03:59:37.917855,SMMR,25.09,25.03,25.09,2302400.0,2316300.0,0,0,0,0
,,,,,,28,2026-02-01 03:59:37.917855,ATMN,25.02,24.93,25.02,2100000.0,2018100.0,0,0,0,0
,,,,,,28,2026-02-01 03:59:37.917855,WNTR,25.12,25.08,25.09,2312900.0,2279000.0,0,0,0,0
2.0,1.0,1.0,,Aggregate Position Limit,Your CRO has set the aggregate position limit to 8000 shares for this week.,29,2026-02-01 03:59:38.948022,SPNG,25.35,25.15,25.35,2374600.0,2422500.0,0,0,0,0
1.0,1.0,1.0,,Welcome to the RITC 2026 Alogithmic Market Making Case - practice server,,29,2026-02-01 03:59:38.948022,SMMR,24.98,24.98,25.09,2325400.0,2307700.0,0,0,0,0
,,,,,,29,2026-02-01 03:59:38.948022,ATMN,24.78,24.78,25.02,2111900.0,2020100.0,0,0,0,0
,,,,,,29,2026-02-01 03:59:38.948022,WNTR,25.23,25.2,25.23,2325800.0,2310500.0,0,0,0,0
2.0,1.0,1.0,,Aggregate Position Limit,Your CRO has set the aggregate position limit to 8000 shares for this week.,30,2026-02-01 03:59:39.977751,SPNG,25.15,24.69,25.11,2342700.0,2453600.0,0,0,0,0
1.0,1.0,1.0,,Welcome to the RITC 2026 Alogithmic Market Making Case - practice server,,30,2026-02-01 03:59:39.977751,SMMR,24.98,24.98,24.99,2332500.0,2288500.0,0,0,0,0
,,,,,,30,2026-02-01 03:59:39.977751,ATMN,24.87,24.87,25.02,2121700.0,2020100.0,0,0,0,0
,,,,,,30,2026-02-01 03:59:39.977751,WNTR,25.2,25.12,25.15,2301800.0,2324300.0,0,0,0,0
2.0,1.0,1.0,,Aggregate Position Limit,Your CRO has set the aggregate position limit to 8000 shares for this week.,31,2026-02-01 03:59:41.020653,SPNG,25.2,24.69,24.76,2377700.0,2460100.0,0,0,0,0
1.0,1.0,1.0,,Welcome to the RITC 2026 Alogithmic Market Making Case - practice server,,31,2026-02-01 03:59:41.020653,SMMR,24.87,24.87,25.02,2332600.0,2317600.0,0,0,0,0
,,,,,,31,2026-02-01 03:59:41.020653,ATMN,24.87,24.87,25.02,2140200.0,2004600.0,0,0,0,0
,,,,,,31,2026-02-01 03:59:41.020653,WNTR,25.24,25.08,25.24,2320100.0,2328100.0,0,0,0,0
2.0,1.0,1.0,,Aggregate Position Limit,Your CRO has set the aggregate position limit to 8000 shares for this week.,32,2026-02-01 03:59:42.066869,SPNG,25.28,24.96,25.28,2381200.0,2449500.0,0,0,0,0
1.0,1.0,1.0,,Welcome to the RITC 2026 Alogithmic Market Making Case - practice server,,32,2026-02-01 03:59:42.066869,SMMR,24.87,24.87,24.9,2361600.0,2276800.0,0,0,0,0
,,,,,,32,2026-02-01 03:59:42.066869,ATMN,24.78,24.78,25.18,2147400.0,2037800.0,0,0,0,0
,,,,,,32,2026-02-01 03:59:42.066869,WNTR,25.08,25.08,25.19,2320000.0,2317700.0,0,0,0,0
2.0,1.0,1.0,,Aggregate Position Limit,Your CRO has set the aggregate position limit to 8000 shares for this week.,34,2026-02-01 03:59:43.102570,SPNG,25.5,24.96,25.5,2370900.0,2418700.0,0,0,0,0
1.0,1.0,1.0,,Welcome to the RITC 2026 Alogithmic Market Making Case - practice server,,34,2026-02-01 03:59:43.102570,SMMR,25.02,24.96,25.02,2374500.0,2300200.0,0,0,0,0
,,,,,,34,2026-02-01 03:59:43.102570,ATMN,24.86,24.86,25.18,2147400.0,2028200.0,0,0,0,0
,,,,,,34,2026-02-01 03:59:43.102570,WNTR,25.08,25.15,25.19,2307400.0,2298700.0,0,0,0,0
2.0,1.0,1.0,,Aggregate Position Limit,Your CRO has set the aggregate position limit to 8000 shares for this week.,35,2026-02-01 03:59:44.132219,SPNG,25.5,24.96,25.5,2382500.0,2387200.0,0,0,0,0
1.0,1.0,1.0,,Welcome to the RITC 2026 Alogithmic Market Making Case - practice server,,35,2026-02-01 03:59:44.132219,SMMR,24.87,24.94,25.02,2377300.0,2292800.0,0,0,0,0
,,,,,,35,2026-02-01 03:59:44.132219,ATMN,24.86,24.91,25.13,2145400.0,2037000.0,0,0,0,0
,,,,,,35,2026-02-01 03:59:44.132219,WNTR,25.19,25.2,25.24,2308900.0,2308900.0,0,0,0,0
2.0,1.0,1.0,,Aggregate Position Limit,Your CRO has set the aggregate position limit to 8000 shares for this week.,36,2026-02-01 03:59:45.170466,SPNG,24.93,24.93,25.5,2379000.0,2380900.0,0,0,0,0
1.0,1.0,1.0,,Welcome to the RITC 2026 Alogithmic Market Making Case - practice server,,36,2026-02-01 03:59:45.170466,SMMR,25.06,24.87,25.06,2361600.0,2304700.0,0,0,0,0
,,,,,,36,2026-02-01 03:59:45.170466,ATMN,25.21,24.78,25.21,2121000.0,2030700.0,0,0,0,0
,,,,,,36,2026-02-01 03:59:45.170466,WNTR,25.08,25.08,25.24,2320000.0,2299400.0,0,0,0,0
2.0,1.0,1.0,,Aggregate Position Limit,Your CRO has set the aggregate position limit to 8000 shares for this week.,37,2026-02-01 03:59:46.185846,SPNG,24.93,24.93,25.07,2379000.0,2387000.0,0,0,0,0
1.0,1.0,1.0,,Welcome to the RITC 2026 Alogithmic Market Making Case - practice server,,37,2026-02-01 03:59:46.185846,SMMR,24.87,24.9,24.96,2364500.0,2294700.0,0,0,0,0
,,,,,,37,2026-02-01 03:59:46.185846,ATMN,24.78,24.7,24.73,2107900.0,2039500.0,0,0,0,0
,,,,,,37,2026-02-01 03:59:46.185846,WNTR,25.16,25.08,25.16,2320000.0,2336000.0,0,0,0,0
2.0,1.0,1.0,,Aggregate Position Limit,Your CRO has set the aggregate position limit to 8000 shares for this week.,38,2026-02-01 03:59:47.215559,SPNG,25.1,25.05,25.1,2408800.0,2387500.0,0,0,0,0
1.0,1.0,1.0,,Welcome to the RITC 2026 Alogithmic Market Making Case - practice server,,38,2026-02-01 03:59:47.215559,SMMR,24.96,24.94,24.96,2367300.0,2294700.0,0,0,0,0
,,,,,,38,2026-02-01 03:59:47.215559,ATMN,25.21,24.7,25.21,2088000.0,2030700.0,0,0,0,0
,,,,,,38,2026-02-01 03:59:47.215559,WNTR,25.04,25.04,25.16,2376900.0,2347900.0,0,0,0,0
2.0,1.0,1.0,,Aggregate Position Limit,Your CRO has set the aggregate position limit to 8000 shares for this week.,39,2026-02-01 03:59:48.239556,SPNG,25.05,25.05,25.43,2408800.0,2352300.0,0,0,0,0
1.0,1.0,1.0,,Welcome to the RITC 2026 Alogithmic Market Making Case - practice server,,39,2026-02-01 03:59:48.239556,SMMR,24.94,24.9,24.92,2366300.0,2332500.0,0,0,0,0
,,,,,,39,2026-02-01 03:59:48.239556,ATMN,25.21,24.86,24.96,2139000.0,2056500.0,0,0,0,0
,,,,,,39,2026-02-01 03:59:48.239556,WNTR,25.25,25.18,25.25,2397100.0,2304000.0,0,0,0,0
2.0,1.0,1.0,,Aggregate Position Limit,Your CRO has set the aggregate position limit to 8000 shares for this week.,40,2026-02-01 03:59:49.293088,SPNG,24.9,24.9,25.43,2355700.0,2371200.0,0,0,0,0
1.0,1.0,1.0,,Welcome to the RITC 2026 Alogithmic Market Making Case - practice server,,40,2026-02-01 03:59:49.293088,SMMR,24.92,24.9,24.92,2331000.0,2332500.0,0,0,0,0
,,,,,,40,2026-02-01 03:59:49.293088,ATMN,24.96,24.7,24.96,2131500.0,2056500.0,0,0,0,0
,,,,,,40,2026-02-01 03:59:49.293088,WNTR,25.25,25.18,25.25,2398200.0,2297000.0,0,0,0,0
2.0,1.0,1.0,,Aggregate Position Limit,Your CRO has set the aggregate position limit to 8000 shares for this week.,41,2026-02-01 03:59:50.315999,SPNG,25.43,24.9,25.43,2387200.0,2371200.0,0,0,0,0
1.0,1.0,1.0,,Welcome to the RITC 2026 Alogithmic Market Making Case - practice server,,41,2026-02-01 03:59:50.315999,SMMR,24.92,25.02,25.09,2310400.0,2289500.0,0,0,0,0
,,,,,,41,2026-02-01 03:59:50.315999,ATMN,24.96,24.98,25.21,2163000.0,2030700.0,0,0,0,0
,,,,,,41,2026-02-01 03:59:50.315999,WNTR,25.26,25.24,25.26,2399100.0,2287200.0,0,0,0,0
2.0,1.0,1.0,,Aggregate Position Limit,Your CRO has set the aggregate position limit to 8000 shares for this week.,42,2026-02-01 03:59:51.360083,SPNG,25.43,25.09,25.16,2401700.0,2348900.0,0,0,0,0
1.0,1.0,1.0,,Welcome to the RITC 2026 Alogithmic Market Making Case - practice server,,42,2026-02-01 03:59:51.360083,SMMR,24.92,25.08,25.09,2275900.0,2253400.0,0,0,0,0
,,,,,,42,2026-02-01 03:59:51.360083,ATMN,24.66,24.66,25.03,2131100.0,2062900.0,0,0,0,0
,,,,,,42,2026-02-01 03:59:51.360083,WNTR,25.18,25.18,25.26,2417300.0,2316000.0,0,0,0,0
2.0,1.0,1.0,,Aggregate Position Limit,Your CRO has set the aggregate position limit to 8000 shares for this week.,43,2026-02-01 03:59:52.395787,SPNG,24.79,24.79,25.16,2397500.0,2330600.0,0,0,0,0
1.0,1.0,1.0,,Welcome to the RITC 2026 Alogithmic Market Making Case - practice server,,43,2026-02-01 03:59:52.395787,SMMR,24.92,25.08,25.09,2302800.0,2224200.0,0,0,0,0
,,,,,,43,2026-02-01 03:59:52.395787,ATMN,24.66,24.66,24.95,2131100.0,2064900.0,0,0,0,0
,,,,,,43,2026-02-01 03:59:52.395787,WNTR,25.18,25.18,25.26,2414100.0,2311600.0,0,0,0,0
2.0,1.0,1.0,,Aggregate Position Limit,Your CRO has set the aggregate position limit to 8000 shares for this week.,44,2026-02-01 03:59:53.444990,SPNG,25.16,24.79,25.16,2415200.0,2322500.0,0,0,0,0
1.0,1.0,1.0,,Welcome to the RITC 2026 Alogithmic Market Making Case - practice server,,44,2026-02-01 03:59:53.444990,SMMR,25.02,25.02,25.09,2316900.0,2232300.0,0,0,0,0
,,,,,,44,2026-02-01 03:59:53.444990,ATMN,24.95,24.66,24.95,2131100.0,2050500.0,0,0,0,0
,,,,,,44,2026-02-01 03:59:53.444990,WNTR,25.18,25.15,25.16,2382500.0,2329600.0,0,0,0,0
2.0,1.0,1.0,,Aggregate Position Limit,Your CRO has set the aggregate position limit to 8000 shares for this week.,45,2026-02-01 03:59:54.486983,SPNG,25.27,24.79,25.04,2450500.0,2338400.0,0,0,0,0
1.0,1.0,1.0,,Welcome to the RITC 2026 Alogithmic Market Making Case - practice server,,45,2026-02-01 03:59:54.486983,SMMR,25.02,24.98,25.02,2298300.0,2241800.0,0,0,0,0
,,,,,,45,2026-02-01 03:59:54.486983,ATMN,24.95,24.91,24.95,2126300.0,2085300.0,0,0,0,0
,,,,,,45,2026-02-01 03:59:54.486983,WNTR,25.28,25.18,25.28,2438900.0,2306600.0,0,0,0,0
2.0,1.0,1.0,,Aggregate Position Limit,Your CRO has set the aggregate position limit to 8000 shares for this week.,46,2026-02-01 03:59:55.517855,SPNG,25.43,24.79,25.13,2454600.0,2368600.0,0,0,0,0
1.0,1.0,1.0,,Welcome to the RITC 2026 Alogithmic Market Making Case - practice server,,46,2026-02-01 03:59:55.517855,SMMR,25.02,25.05,25.09,2328100.0,2232300.0,0,0,0,0
,,,,,,46,2026-02-01 03:59:55.517855,ATMN,24.7,24.7,24.95,2137400.0,2079800.0,0,0,0,0
,,,,,,46,2026-02-01 03:59:55.517855,WNTR,25.23,25.18,25.23,2438900.0,2304300.0,0,0,0,0
2.0,1.0,1.0,,Aggregate Position Limit,Your CRO has set the aggregate position limit to 8000 shares for this week.,47,2026-02-01 03:59:56.555836,SPNG,25.13,25.35,25.43,2413200.0,2376000.0,0,0,0,0
1.0,1.0,1.0,,Welcome to the RITC 2026 Alogithmic Market Making Case - practice server,,47,2026-02-01 03:59:56.555836,SMMR,25.05,24.98,25.04,2298300.0,2242700.0,0,0,0,0
,,,,,,47,2026-02-01 03:59:56.555836,ATMN,24.96,24.7,24.96,2137400.0,2060900.0,0,0,0,0
,,,,,,47,2026-02-01 03:59:56.555836,WNTR,25.29,25.18,25.29,2425600.0,2294200.0,0,0,0,0
2.0,1.0,1.0,,Aggregate Position Limit,Your CRO has set the aggregate position limit to 8000 shares for this week.,48,2026-02-01 03:59:57.589551,SPNG,25.35,25.18,25.21,2415000.0,2344100.0,0,0,0,0
1.0,1.0,1.0,,Welcome to the RITC 2026 Alogithmic Market Making Case - practice server,,48,2026-02-01 03:59:57.589551,SMMR,24.9,24.9,25.04,2353300.0,2242700.0,0,0,0,0
,,,,,,48,2026-02-01 03:59:57.589551,ATMN,24.7,24.7,24.96,2161100.0,2060900.0,0,0,0,0
,,,,,,48,2026-02-01 03:59:57.589551,WNTR,25.3,25.18,25.3,2412600.0,2305200.0,0,0,0,0
2.0,1.0,1.0,,Aggregate Position Limit,Your CRO has set the aggregate position limit to 8000 shares for this week.,49,2026-02-01 03:59:58.625185,SPNG,25.29,25.18,25.29,2415000.0,2386500.0,0,0,0,0
1.0,1.0,1.0,,Welcome to the RITC 2026 Alogithmic Market Making Case - practice server,,49,2026-02-01 03:59:58.625185,SMMR,25.03,25.03,25.04,2351300.0,2232600.0,0,0,0,0
,,,,,,49,2026-02-01 03:59:58.625185,ATMN,24.7,24.91,24.96,2158600.0,2060900.0,0,0,0,0
,,,,,,49,2026-02-01 03:59:58.625185,WNTR,25.27,25.27,25.3,2399900.0,2276500.0,0,0,0,0
2.0,1.0,1.0,,Aggregate Position Limit,Your CRO has set the aggregate position limit to 8000 shares for this week.,50,2026-02-01 03:59:59.655527,SPNG,24.79,24.79,25.29,2435200.0,2379200.0,0,0,0,0
1.0,1.0,1.0,,Welcome to the RITC 2026 Alogithmic Market Making Case - practice server,,50,2026-02-01 03:59:59.655527,SMMR,24.9,25.02,25.04,2350800.0,2250100.0,0,0,0,0
,,,,,,50,2026-02-01 03:59:59.655527,ATMN,25.03,25.04,25.16,2179200.0,2019500.0,0,0,0,0
,,,,,,50,2026-02-01 03:59:59.655527,WNTR,25.3,25.27,25.28,2399900.0,2341800.0,0,0,0,0
2.0,1.0,1.0,,Aggregate Position Limit,Your CRO has set the aggregate position limit to 8000 shares for this week.,51,2026-02-01 04:00:00.688416,SPNG,24.79,25.26,25.29,2435800.0,2379200.0,0,0,0,0
1.0,1.0,1.0,,Welcome to the RITC 2026 Alogithmic Market Making Case - practice server,,51,2026-02-01 04:00:00.688416,SMMR,24.9,25.02,25.04,2331100.0,2250100.0,0,0,0,0
,,,,,,51,2026-02-01 04:00:00.688416,ATMN,25.03,25.04,25.16,2179200.0,2025100.0,0,0,0,0
,,,,,,51,2026-02-01 04:00:00.688416,WNTR,25.18,25.18,25.28,2403700.0,2350000.0,0,0,0,0
2.0,1.0,1.0,,Aggregate Position Limit,Your CRO has set the aggregate position limit to 8000 shares for this week.,52,2026-02-01 04:00:01.726135,SPNG,25.26,25.26,25.29,2435800.0,2399500.0,0,0,0,0
1.0,1.0,1.0,,Welcome to the RITC 2026 Alogithmic Market Making Case - practice server,,52,2026-02-01 04:00:01.726135,SMMR,25.02,25.02,25.04,2303100.0,2268400.0,0,0,0,0
,,,,,,52,2026-02-01 04:00:01.726135,ATMN,24.88,24.88,25.16,2172100.0,2011400.0,0,0,0,0
,,,,,,52,2026-02-01 04:00:01.726135,WNTR,25.18,25.23,25.26,2383000.0,2336200.0,0,0,0,0
2.0,1.0,1.0,,Aggregate Position Limit,Your CRO has set the aggregate position limit to 8000 shares for this week.,53,2026-02-01 04:00:02.767964,SPNG,25.26,25.26,25.29,2435800.0,2401000.0,0,0,0,0
1.0,1.0,1.0,,Welcome to the RITC 2026 Alogithmic Market Making Case - practice server,,53,2026-02-01 04:00:02.767964,SMMR,25.02,25.02,25.04,2303100.0,2311800.0,0,0,0,0
,,,,,,53,2026-02-01 04:00:02.767964,ATMN,25.21,24.77,25.21,2165500.0,2008900.0,0,0,0,0
,,,,,,53,2026-02-01 04:00:02.767964,WNTR,25.26,25.23,25.26,2383000.0,2331400.0,0,0,0,0
2.0,1.0,1.0,,Aggregate Position Limit,Your CRO has set the aggregate position limit to 8000 shares for this week.,54,2026-02-01 04:00:03.796527,SPNG,24.79,24.79,25.29,2446200.0,2401000.0,0,0,0,0
1.0,1.0,1.0,,Welcome to the RITC 2026 Alogithmic Market Making Case - practice server,,54,2026-02-01 04:00:03.796527,SMMR,24.94,24.97,25.04,2309400.0,2311800.0,0,0,0,0
,,,,,,54,2026-02-01 04:00:03.796527,ATMN,24.75,24.75,25.23,2149800.0,2012100.0,0,0,0,0
,,,,,,54,2026-02-01 04:00:03.796527,WNTR,25.26,25.23,25.25,2385300.0,2314700.0,0,0,0,0
2.0,1.0,1.0,,Aggregate Position Limit,Your CRO has set the aggregate position limit to 8000 shares for this week.,55,2026-02-01 04:00:04.823941,SPNG,25.39,24.79,25.39,2446200.0,2369100.0,0,0,0,0
1.0,1.0,1.0,,Welcome to the RITC 2026 Alogithmic Market Making Case - practice server,,55,2026-02-01 04:00:04.823941,SMMR,24.93,24.93,24.96,2329200.0,2315000.0,0,0,0,0
,,,,,,55,2026-02-01 04:00:04.823941,ATMN,25.24,24.75,25.24,2149800.0,1997400.0,0,0,0,0
,,,,,,55,2026-02-01 04:00:04.823941,WNTR,25.16,25.21,25.25,2385100.0,2314700.0,0,0,0,0
2.0,1.0,1.0,,Aggregate Position Limit,Your CRO has set the aggregate position limit to 8000 shares for this week.,56,2026-02-01 04:00:05.860907,SPNG,24.73,24.73,25.41,2454200.0,2401900.0,0,0,0,0
1.0,1.0,1.0,,Welcome to the RITC 2026 Alogithmic Market Making Case - practice server,,56,2026-02-01 04:00:05.860907,SMMR,24.96,24.9,24.96,2323800.0,2315000.0,0,0,0,0
,,,,,,56,2026-02-01 04:00:05.860907,ATMN,25.15,25.15,25.24,2150400.0,2001600.0,0,0,0,0
,,,,,,56,2026-02-01 04:00:05.860907,WNTR,25.21,25.17,25.19,2388200.0,2337500.0,0,0,0,0
2.0,1.0,1.0,,Aggregate Position Limit,Your CRO has set the aggregate position limit to 8000 shares for this week.,57,2026-02-01 04:00:06.902752,SPNG,25.1,25.18,25.41,2464100.0,2401900.0,0,0,0,0
1.0,1.0,1.0,,Welcome to the RITC 2026 Alogithmic Market Making Case - practice server,,57,2026-02-01 04:00:06.902752,SMMR,24.87,24.87,24.96,2293000.0,2315000.0,0,0,0,0
,,,,,,57,2026-02-01 04:00:06.902752,ATMN,25.15,24.75,25.15,2149800.0,2022600.0,0,0,0,0
,,,,,,57,2026-02-01 04:00:06.902752,WNTR,25.15,25.15,25.19,2359600.0,2337500.0,0,0,0,0
2.0,1.0,1.0,,Aggregate Position Limit,Your CRO has set the aggregate position limit to 8000 shares for this week.,58,2026-02-01 04:00:07.939304,SPNG,24.69,24.69,25.29,2427100.0,2396700.0,0,0,0,0
1.0,1.0,1.0,,Welcome to the RITC 2026 Alogithmic Market Making Case - practice server,,58,2026-02-01 04:00:07.939304,SMMR,25.09,24.87,25.09,2293000.0,2284700.0,0,0,0,0
,,,,,,58,2026-02-01 04:00:07.939304,ATMN,25.15,25.07,25.15,2163800.0,2007500.0,0,0,0,0
,,,,,,58,2026-02-01 04:00:07.939304,WNTR,25.15,25.15,25.19,2359600.0,2368500.0,0,0,0,0
2.0,1.0,1.0,,Aggregate Position Limit,Your CRO has set the aggregate position limit to 8000 shares for this week.,59,2026-02-01 04:00:08.972400,SPNG,25.25,24.69,25.01,2427100.0,2369000.0,0,0,0,0
1.0,1.0,1.0,,Welcome to the RITC 2026 Alogithmic Market Making Case - practice server,,59,2026-02-01 04:00:08.972400,SMMR,25.09,24.87,25.09,2293000.0,2312200.0,0,0,0,0
,,,,,,59,2026-02-01 04:00:08.972400,ATMN,25.24,24.7,25.24,2161100.0,2017100.0,0,0,0,0
,,,,,,59,2026-02-01 04:00:08.972400,WNTR,25.15,25.12,25.15,2360700.0,2355700.0,0,0,0,0
2.0,1.0,1.0,,Aggregate Position Limit,Your CRO has set the aggregate position limit to 8000 shares for this week.,60,2026-02-01 04:00:10.000900,SPNG,24.91,24.91,26.06,1096600.0,856800.0,0,0,0,0
1.0,1.0,1.0,,Welcome to the RITC 2026 Alogithmic Market Making Case - practice server,,60,2026-02-01 04:00:10.000900,SMMR,26.21,25.7,26.21,967100.0,911800.0,0,0,0,0
,,,,,,60,2026-02-01 04:00:10.000900,ATMN,25.24,25.24,26.09,829100.0,713600.0,0,0,0,0
,,,,,,60,2026-02-01 04:00:10.000900,WNTR,25.19,24.74,24.96,907500.0,1008200.0,0,0,0,0
2.0,1.0,1.0,,Aggregate Position Limit,Your CRO has set the aggregate position limit to 8000 shares for this week.,61,2026-02-01 04:00:11.026420,SPNG,24.91,24.91,25.1,1096600.0,1232300.0,0,0,0,0
1.0,1.0,1.0,,Welcome to the RITC 2026 Alogithmic Market Making Case - practice server,,61,2026-02-01 04:00:11.026420,SMMR,26.37,25.7,26.05,1094600.0,1028300.0,0,0,0,0
,,,,,,61,2026-02-01 04:00:11.026420,ATMN,25.24,25.24,25.58,829100.0,1027300.0,0,0,0,0
,,,,,,61,2026-02-01 04:00:11.026420,WNTR,24.96,24.74,24.96,1063700.0,1139300.0,0,0,0,0
2.0,1.0,1.0,,Aggregate Position Limit,Your CRO has set the aggregate position limit to 8000 shares for this week.,62,2026-02-01 04:00:12.064048,SPNG,25.5,24.84,25.5,1142500.0,1106100.0,0,0,0,0
1.0,1.0,1.0,,Welcome to the RITC 2026 Alogithmic Market Making Case - practice server,,62,2026-02-01 04:00:12.064048,SMMR,26.05,25.85,26.05,1330800.0,1028300.0,0,0,0,0
,,,,,,62,2026-02-01 04:00:12.064048,ATMN,25.24,24.81,25.08,988400.0,1344600.0,0,0,0,0
,,,,,,62,2026-02-01 04:00:12.064048,WNTR,24.6,24.6,24.91,963700.0,1271200.0,0,0,0,0
2.0,1.0,1.0,,Aggregate Position Limit,Your CRO has set the aggregate position limit to 8000 shares for this week.,63,2026-02-01 04:00:13.102867,SPNG,25.5,24.84,25.14,1142500.0,1589500.0,0,0,0,0
1.0,1.0,1.0,,Welcome to the RITC 2026 Alogithmic Market Making Case - practice server,,63,2026-02-01 04:00:13.102867,SMMR,26.05,26.0,26.05,1729600.0,1137700.0,0,0,0,0
,,,,,,63,2026-02-01 04:00:13.102867,ATMN,25.3,24.81,25.0,1107400.0,1351100.0,0,0,0,0
,,,,,,63,2026-02-01 04:00:13.102867,WNTR,24.88,24.6,24.87,1162000.0,1383900.0,0,0,0,0
2.0,1.0,1.0,,Aggregate Position Limit,Your CRO has set the aggregate position limit to 8000 shares for this week.,64,2026-02-01 04:00:14.139135,SPNG,25.2,24.72,25.2,1312600.0,1478100.0,0,0,0,0
1.0,1.0,1.0,,Welcome to the RITC 2026 Alogithmic Market Making Case - practice server,,64,2026-02-01 04:00:14.139135,SMMR,26.05,26.0,26.05,1729600.0,1452300.0,0,0,0,0
,,,,,,64,2026-02-01 04:00:14.139135,ATMN,25.93,24.81,25.93,1198000.0,1050100.0,0,0,0,0
,,,,,,64,2026-02-01 04:00:14.139135,WNTR,24.46,24.77,24.81,1251300.0,1516700.0,0,0,0,0
2.0,1.0,1.0,,Aggregate Position Limit,Your CRO has set the aggregate position limit to 8000 shares for this week.,65,2026-02-01 04:00:15.170032,SPNG,25.13,24.2,24.88,1199600.0,1712900.0,0,0,0,0
1.0,1.0,1.0,,Welcome to the RITC 2026 Alogithmic Market Making Case - practice server,,65,2026-02-01 04:00:15.170032,SMMR,26.0,26.0,26.07,1729600.0,1450400.0,0,0,0,0
,,,,,,65,2026-02-01 04:00:15.170032,ATMN,25.16,25.38,25.44,1317000.0,1162900.0,0,0,0,0
,,,,,,65,2026-02-01 04:00:15.170032,WNTR,24.81,24.77,24.81,1354300.0,1639000.0,0,0,0,0
2.0,1.0,1.0,,Aggregate Position Limit,Your CRO has set the aggregate position limit to 8000 shares for this week.,66,2026-02-01 04:00:16.198359,SPNG,25.2,25.1,25.2,1419200.0,1580800.0,0,0,0,0
1.0,1.0,1.0,,Welcome to the RITC 2026 Alogithmic Market Making Case - practice server,,66,2026-02-01 04:00:16.198359,SMMR,26.0,26.0,26.07,1955300.0,1684000.0,0,0,0,0
,,,,,,66,2026-02-01 04:00:16.198359,ATMN,24.81,25.05,25.44,1433700.0,1162900.0,0,0,0,0
,,,,,,66,2026-02-01 04:00:16.198359,WNTR,24.76,24.76,24.85,1353200.0,1643700.0,0,0,0,0
2.0,1.0,1.0,,Aggregate Position Limit,Your CRO has set the aggregate position limit to 8000 shares for this week.,67,2026-02-01 04:00:17.235421,SPNG,24.2,24.93,25.1,1448200.0,1805200.0,0,0,0,0
1.0,1.0,1.0,,Welcome to the RITC 2026 Alogithmic Market Making Case - practice server,,67,2026-02-01 04:00:17.235421,SMMR,25.93,25.93,26.07,1827200.0,1893800.0,0,0,0,0
,,,,,,67,2026-02-01 04:00:17.235421,ATMN,25.43,25.43,25.44,1538500.0,1244300.0,0,0,0,0
,,,,,,67,2026-02-01 04:00:17.235421,WNTR,24.76,24.76,24.89,1353200.0,1300600.0,0,0,0,0
2.0,1.0,1.0,,Aggregate Position Limit,Your CRO has set the aggregate position limit to 8000 shares for this week.,69,2026-02-01 04:00:18.295364,SPNG,24.85,24.85,25.1,1445500.0,1805200.0,0,0,0,0
1.0,1.0,1.0,,Welcome to the RITC 2026 Alogithmic Market Making Case - practice server,,69,2026-02-01 04:00:18.295364,SMMR,26.07,25.92,26.07,1601500.0,2011500.0,0,0,0,0
,,,,,,69,2026-02-01 04:00:18.295364,ATMN,25.43,25.05,25.29,1433700.0,1593600.0,0,0,0,0
,,,,,,69,2026-02-01 04:00:18.295364,WNTR,24.55,24.68,24.89,1459700.0,1300600.0,0,0,0,0
2.0,1.0,1.0,,Aggregate Position Limit,Your CRO has set the aggregate position limit to 8000 shares for this week.,70,2026-02-01 04:00:19.329036,SPNG,24.2,24.78,25.1,1411500.0,1805200.0,0,0,0,0
1.0,1.0,1.0,,Welcome to the RITC 2026 Alogithmic Market Making Case - practice server,,70,2026-02-01 04:00:19.329036,SMMR,25.92,25.92,26.07,1729900.0,2011500.0,0,0,0,0
,,,,,,70,2026-02-01 04:00:19.329036,ATMN,25.43,25.07,25.1,1638400.0,1696100.0,0,0,0,0
,,,,,,70,2026-02-01 04:00:19.329036,WNTR,24.83,24.83,24.89,1588900.0,1557300.0,0,0,0,0
2.0,1.0,1.0,,Aggregate Position Limit,Your CRO has set the aggregate position limit to 8000 shares for this week.,71,2026-02-01 04:00:20.350364,SPNG,25.2,24.78,25.2,1585300.0,1808500.0,0,0,0,0
1.0,1.0,1.0,,Welcome to the RITC 2026 Alogithmic Market Making Case - practice server,,71,2026-02-01 04:00:20.350364,SMMR,26.1,25.92,26.1,1729900.0,2104500.0,0,0,0,0
,,,,,,71,2026-02-01 04:00:20.350364,ATMN,25.29,25.07,25.29,1878100.0,1593600.0,0,0,0,0
,,,,,,71,2026-02-01 04:00:20.350364,WNTR,24.83,24.68,24.73,1459700.0,1880500.0,0,0,0,0
2.0,1.0,1.0,,Aggregate Position Limit,Your CRO has set the aggregate position limit to 8000 shares for this week.,72,2026-02-01 04:00:21.376468,SPNG,24.78,24.78,25.2,1585300.0,2072500.0,0,0,0,0
1.0,1.0,1.0,,Welcome to the RITC 2026 Alogithmic Market Making Case - practice server,,72,2026-02-01 04:00:21.376468,SMMR,25.93,25.93,26.01,1965600.0,2208500.0,0,0,0,0
,,,,,,72,2026-02-01 04:00:21.376468,ATMN,25.43,25.07,25.4,1878100.0,1595600.0,0,0,0,0
,,,,,,72,2026-02-01 04:00:21.376468,WNTR,24.64,24.64,24.69,1339000.0,2276300.0,0,0,0,0
2.0,1.0,1.0,,Aggregate Position Limit,Your CRO has set the aggregate position limit to 8000 shares for this week.,73,2026-02-01 04:00:22.399223,SPNG,25.22,24.78,25.19,1585300.0,2162500.0,0,0,0,0
1.0,1.0,1.0,,Welcome to the RITC 2026 Alogithmic Market Making Case - practice server,,73,2026-02-01 04:00:22.399223,SMMR,25.93,25.93,26.01,2194800.0,2228600.0,0,0,0,0
,,,,,,73,2026-02-01 04:00:22.399223,ATMN,25.3,25.07,25.3,1972500.0,1683600.0,0,0,0,0
,,,,,,73,2026-02-01 04:00:22.399223,WNTR,24.64,24.59,24.64,1505900.0,2390600.0,0,0,0,0
2.0,1.0,1.0,,Aggregate Position Limit,Your CRO has set the aggregate position limit to 8000 shares for this week.,74,2026-02-01 04:00:23.435537,SPNG,24.78,24.78,25.19,1585300.0,2290100.0,0,0,0,0
1.0,1.0,1.0,,Welcome to the RITC 2026 Alogithmic Market Making Case - practice server,,74,2026-02-01 04:00:23.435537,SMMR,25.93,25.93,26.01,2315500.0,2238400.0,0,0,0,0
,,,,,,74,2026-02-01 04:00:23.435537,ATMN,25.05,25.05,25.3,1981600.0,1766300.0,0,0,0,0
,,,,,,74,2026-02-01 04:00:23.435537,WNTR,24.73,24.62,24.73,1485500.0,2142900.0,0,0,0,0
2.0,1.0,1.0,,Aggregate Position Limit,Your CRO has set the aggregate position limit to 8000 shares for this week.,75,2026-02-01 04:00:24.470340,SPNG,24.78,24.63,24.66,1594000.0,2323100.0,0,0,0,0
1.0,1.0,1.0,,Welcome to the RITC 2026 Alogithmic Market Making Case - practice server,,75,2026-02-01 04:00:24.470340,SMMR,26.04,25.93,26.02,2315500.0,2243500.0,0,0,0,0
,,,,,,75,2026-02-01 04:00:24.470340,ATMN,24.82,24.82,25.4,1872700.0,1678300.0,0,0,0,0
,,,,,,75,2026-02-01 04:00:24.470340,WNTR,24.62,24.62,24.73,1590100.0,2142900.0,0,0,0,0
2.0,1.0,1.0,,Aggregate Position Limit,Your CRO has set the aggregate position limit to 8000 shares for this week.,76,2026-02-01 04:00:25.503030,SPNG,24.66,24.99,25.17,1959700.0,2297700.0,0,0,0,0
1.0,1.0,1.0,,Welcome to the RITC 2026 Alogithmic Market Making Case - practice server,,76,2026-02-01 04:00:25.503030,SMMR,26.04,25.93,26.02,2401200.0,2247700.0,0,0,0,0
,,,,,,76,2026-02-01 04:00:25.503030,ATMN,25.34,24.93,25.28,1961300.0,1770900.0,0,0,0,0
,,,,,,76,2026-02-01 04:00:25.503030,WNTR,24.78,24.62,24.66,1590100.0,2158400.0,0,0,0,0
2.0,1.0,1.0,,Aggregate Position Limit,Your CRO has set the aggregate position limit to 8000 shares for this week.,77,2026-02-01 04:00:26.537065,SPNG,25.17,24.78,25.17,1814100.0,2297700.0,0,0,0,0
1.0,1.0,1.0,,Welcome to the RITC 2026 Alogithmic Market Making Case - practice server,,77,2026-02-01 04:00:26.537065,SMMR,25.9,25.9,25.96,2289200.0,2263500.0,0,0,0,0
,,,,,,77,2026-02-01 04:00:26.537065,ATMN,25.34,25.1,25.12,2196200.0,1856900.0,0,0,0,0
,,,,,,77,2026-02-01 04:00:26.537065,WNTR,24.47,24.47,24.66,1471300.0,2273200.0,0,0,0,0
2.0,1.0,1.0,,Aggregate Position Limit,Your CRO has set the aggregate position limit to 8000 shares for this week.,78,2026-02-01 04:00:27.565299,SPNG,24.2,24.2,25.17,1634500.0,2297700.0,0,0,0,0
1.0,1.0,1.0,,Welcome to the RITC 2026 Alogithmic Market Making Case - practice server,,78,2026-02-01 04:00:27.565299,SMMR,25.89,25.89,25.92,2396800.0,2232500.0,0,0,0,0
,,,,,,78,2026-02-01 04:00:27.565299,ATMN,25.28,25.36,25.4,2172600.0,1678300.0,0,0,0,0
,,,,,,78,2026-02-01 04:00:27.565299,WNTR,24.62,24.47,24.61,1612500.0,2404000.0,0,0,0,0
2.0,1.0,1.0,,Aggregate Position Limit,Your CRO has set the aggregate position limit to 8000 shares for this week.,79,2026-02-01 04:00:28.595433,SPNG,25.19,24.6,25.19,1879900.0,2290100.0,0,0,0,0
1.0,1.0,1.0,,Welcome to the RITC 2026 Alogithmic Market Making Case - practice server,,79,2026-02-01 04:00:28.595433,SMMR,25.96,25.89,25.93,2396800.0,2273600.0,0,0,0,0
,,,,,,79,2026-02-01 04:00:28.595433,ATMN,25.25,24.93,25.24,2072600.0,1767700.0,0,0,0,0
,,,,,,79,2026-02-01 04:00:28.595433,WNTR,24.62,24.48,24.61,1873600.0,2418000.0,0,0,0,0
2.0,1.0,1.0,,Aggregate Position Limit,Your CRO has set the aggregate position limit to 8000 shares for this week.,80,2026-02-01 04:00:29.635762,SPNG,25.17,25.17,25.19,2008000.0,2324300.0,0,0,0,0
1.0,1.0,1.0,,Welcome to the RITC 2026 Alogithmic Market Making Case - practice server,,80,2026-02-01 04:00:29.635762,SMMR,25.89,25.89,25.96,2166000.0,2269000.0,0,0,0,0
,,,,,,80,2026-02-01 04:00:29.635762,ATMN,24.92,24.92,25.4,2079600.0,1678300.0,0,0,0,0
,,,,,,80,2026-02-01 04:00:29.635762,WNTR,24.62,24.56,24.61,2178600.0,2409700.0,0,0,0,0
2.0,1.0,1.0,,Aggregate Position Limit,Your CRO has set the aggregate position limit to 8000 shares for this week.,81,2026-02-01 04:00:30.670293,SPNG,24.2,24.38,25.19,1904400.0,2369100.0,0,0,0,0
1.0,1.0,1.0,,Welcome to the RITC 2026 Alogithmic Market Making Case - practice server,,81,2026-02-01 04:00:30.670293,SMMR,26.0,25.89,26.0,2257000.0,2268900.0,0,0,0,0
,,,,,,81,2026-02-01 04:00:30.670293,ATMN,25.44,25.61,25.71,2158500.0,1246300.0,0,0,0,0
,,,,,,81,2026-02-01 04:00:30.670293,WNTR,24.57,24.56,24.57,2274200.0,2417400.0,0,0,0,0
2.0,1.0,1.0,,Aggregate Position Limit,Your CRO has set the aggregate position limit to 8000 shares for this week.,82,2026-02-01 04:00:31.710072,SPNG,24.2,24.89,25.19,2303300.0,2369100.0,0,0,0,0
1.0,1.0,1.0,,Welcome to the RITC 2026 Alogithmic Market Making Case - practice server,,82,2026-02-01 04:00:31.710072,SMMR,25.89,25.89,25.92,2255100.0,2256400.0,0,0,0,0
,,,,,,82,2026-02-01 04:00:31.710072,ATMN,25.61,24.92,25.38,2148000.0,1429300.0,0,0,0,0
,,,,,,82,2026-02-01 04:00:31.710072,WNTR,24.55,24.55,24.66,2298800.0,2420800.0,0,0,0,0
2.0,1.0,1.0,,Aggregate Position Limit,Your CRO has set the aggregate position limit to 8000 shares for this week.,83,2026-02-01 04:00:32.739723,SPNG,25.09,25.09,25.19,2418500.0,2373300.0,0,0,0,0
1.0,1.0,1.0,,Welcome to the RITC 2026 Alogithmic Market Making Case - practice server,,83,2026-02-01 04:00:32.739723,SMMR,25.91,25.91,25.92,2347200.0,2256400.0,0,0,0,0
,,,,,,83,2026-02-01 04:00:32.739723,ATMN,25.17,25.17,25.71,2135000.0,1341100.0,0,0,0,0
,,,,,,83,2026-02-01 04:00:32.739723,WNTR,24.54,24.53,24.54,2134000.0,2393600.0,0,0,0,0
2.0,1.0,1.0,,Aggregate Position Limit,Your CRO has set the aggregate position limit to 8000 shares for this week.,84,2026-02-01 04:00:33.774685,SPNG,24.38,24.75,25.19,2453200.0,2373300.0,0,0,0,0
1.0,1.0,1.0,,Welcome to the RITC 2026 Alogithmic Market Making Case - practice server,,84,2026-02-01 04:00:33.774685,SMMR,25.92,25.91,25.92,2347200.0,2285300.0,0,0,0,0
,,,,,,84,2026-02-01 04:00:33.774685,ATMN,25.17,25.19,25.4,2116600.0,1636100.0,0,0,0,0
,,,,,,84,2026-02-01 04:00:33.774685,WNTR,24.54,24.65,24.66,2369000.0,2396900.0,0,0,0,0
2.0,1.0,1.0,,Aggregate Position Limit,Your CRO has set the aggregate position limit to 8000 shares for this week.,85,2026-02-01 04:00:34.828055,SPNG,24.97,25.12,25.19,2696000.0,2373300.0,0,0,0,0
1.0,1.0,1.0,,Welcome to the RITC 2026 Alogithmic Market Making Case - practice server,,85,2026-02-01 04:00:34.828055,SMMR,26.02,26.0,26.02,2322500.0,2268200.0,0,0,0,0
,,,,,,85,2026-02-01 04:00:34.828055,ATMN,25.4,25.19,25.4,2109300.0,1532200.0,0,0,0,0
,,,,,,85,2026-02-01 04:00:34.828055,WNTR,24.54,24.65,24.66,2369000.0,2438900.0,0,0,0,0
2.0,1.0,1.0,,Aggregate Position Limit,Your CRO has set the aggregate position limit to 8000 shares for this week.,86,2026-02-01 04:00:35.903296,SPNG,24.75,24.75,25.12,2578200.0,2418700.0,0,0,0,0
1.0,1.0,1.0,,Welcome to the RITC 2026 Alogithmic Market Making Case - practice server,,86,2026-02-01 04:00:35.903296,SMMR,26.0,25.91,25.98,2347200.0,2330500.0,0,0,0,0
,,,,,,86,2026-02-01 04:00:35.903296,ATMN,25.69,25.19,25.69,2115400.0,1533300.0,0,0,0,0
,,,,,,86,2026-02-01 04:00:35.903296,WNTR,24.65,24.53,24.58,2254300.0,2453100.0,0,0,0,0
2.0,1.0,1.0,,Aggregate Position Limit,Your CRO has set the aggregate position limit to 8000 shares for this week.,87,2026-02-01 04:00:36.929925,SPNG,24.61,24.61,25.12,2445800.0,2418700.0,0,0,0,0
1.0,1.0,1.0,,Welcome to the RITC 2026 Alogithmic Market Making Case - practice server,,87,2026-02-01 04:00:36.929925,SMMR,26.0,25.91,25.98,2350500.0,2299500.0,0,0,0,0
,,,,,,87,2026-02-01 04:00:36.929925,ATMN,25.32,25.19,25.32,2123500.0,1643000.0,0,0,0,0
,,,,,,87,2026-02-01 04:00:36.929925,WNTR,24.48,24.48,24.5,2246100.0,2422300.0,0,0,0,0
2.0,1.0,1.0,,Aggregate Position Limit,Your CRO has set the aggregate position limit to 8000 shares for this week.,88,2026-02-01 04:00:37.992158,SPNG,24.61,24.88,25.12,2843000.0,2418700.0,0,0,0,0
1.0,1.0,1.0,,Welcome to the RITC 2026 Alogithmic Market Making Case - practice server,,88,2026-02-01 04:00:37.992158,SMMR,25.86,25.86,25.89,2269500.0,2264800.0,0,0,0,0
,,,,,,88,2026-02-01 04:00:37.992158,ATMN,25.63,25.63,25.69,2126300.0,1637000.0,0,0,0,0
,,,,,,88,2026-02-01 04:00:37.992158,WNTR,24.47,24.46,24.47,2023000.0,2422500.0,0,0,0,0
2.0,1.0,1.0,,Aggregate Position Limit,Your CRO has set the aggregate position limit to 8000 shares for this week.,89,2026-02-01 04:00:39.032197,SPNG,24.57,24.57,25.12,2723900.0,2418700.0,0,0,0,0
1.0,1.0,1.0,,Welcome to the RITC 2026 Alogithmic Market Making Case - practice server,,89,2026-02-01 04:00:39.032197,SMMR,25.89,25.94,25.98,2331600.0,2253500.0,0,0,0,0
,,,,,,89,2026-02-01 04:00:39.032197,ATMN,25.19,25.19,25.26,2123500.0,1952300.0,0,0,0,0
,,,,,,89,2026-02-01 04:00:39.032197,WNTR,24.46,24.46,24.58,2037600.0,2453100.0,0,0,0,0
2.0,1.0,1.0,,Aggregate Position Limit,Your CRO has set the aggregate position limit to 8000 shares for this week.,90,2026-02-01 04:00:40.068568,SPNG,25.19,24.62,24.63,2846700.0,2394000.0,0,0,0,0
1.0,1.0,1.0,,Welcome to the RITC 2026 Alogithmic Market Making Case - practice server,,90,2026-02-01 04:00:40.068568,SMMR,25.86,25.86,26.01,2336900.0,2261100.0,0,0,0,0
,,,,,,90,2026-02-01 04:00:40.068568,ATMN,25.26,25.64,25.69,2096400.0,1862700.0,0,0,0,0
,,,,,,90,2026-02-01 04:00:40.068568,WNTR,24.66,24.46,24.66,2037600.0,2429000.0,0,0,0,0
2.0,1.0,1.0,,Aggregate Position Limit,Your CRO has set the aggregate position limit to 8000 shares for this week.,91,2026-02-01 04:00:41.099487,SPNG,25.24,24.62,25.24,2846700.0,2354100.0,0,0,0,0
1.0,1.0,1.0,,Welcome to the RITC 2026 Alogithmic Market Making Case - practice server,,91,2026-02-01 04:00:41.099487,SMMR,25.86,25.86,25.89,2345300.0,2269800.0,0,0,0,0
,,,,,,91,2026-02-01 04:00:41.099487,ATMN,25.64,25.18,25.39,2082500.0,1996200.0,0,0,0,0
,,,,,,91,2026-02-01 04:00:41.099487,WNTR,24.61,24.61,24.66,2293400.0,2434700.0,0,0,0,0
2.0,1.0,1.0,,Aggregate Position Limit,Your CRO has set the aggregate position limit to 8000 shares for this week.,92,2026-02-01 04:00:42.143513,SPNG,25.24,24.62,24.88,2755400.0,2383000.0,0,0,0,0
1.0,1.0,1.0,,Welcome to the RITC 2026 Alogithmic Market Making Case - practice server,,92,2026-02-01 04:00:42.143513,SMMR,25.92,25.86,25.92,2317100.0,2271800.0,0,0,0,0
,,,,,,92,2026-02-01 04:00:42.143513,ATMN,25.26,25.18,25.26,2082500.0,2026500.0,0,0,0,0
,,,,,,92,2026-02-01 04:00:42.143513,WNTR,24.66,24.52,24.66,2153700.0,2440800.0,0,0,0,0
2.0,1.0,1.0,,Aggregate Position Limit,Your CRO has set the aggregate position limit to 8000 shares for this week.,93,2026-02-01 04:00:43.190477,SPNG,24.88,24.62,24.88,2736300.0,2383000.0,0,0,0,0
1.0,1.0,1.0,,Welcome to the RITC 2026 Alogithmic Market Making Case - practice server,,93,2026-02-01 04:00:43.190477,SMMR,26.02,25.85,26.02,2332300.0,2271900.0,0,0,0,0
,,,,,,93,2026-02-01 04:00:43.190477,ATMN,25.38,25.19,25.38,2082500.0,2002900.0,0,0,0,0
,,,,,,93,2026-02-01 04:00:43.190477,WNTR,24.66,24.58,24.66,2269400.0,2433800.0,0,0,0,0
2.0,1.0,1.0,,Aggregate Position Limit,Your CRO has set the aggregate position limit to 8000 shares for this week.,94,2026-02-01 04:00:44.218266,SPNG,25.24,24.62,25.24,2690500.0,2354100.0,0,0,0,0
1.0,1.0,1.0,,Welcome to the RITC 2026 Alogithmic Market Making Case - practice server,,94,2026-02-01 04:00:44.218266,SMMR,26.02,25.85,25.91,2311800.0,2271100.0,0,0,0,0
,,,,,,94,2026-02-01 04:00:44.218266,ATMN,25.37,25.18,25.37,2082500.0,2009300.0,0,0,0,0
,,,,,,94,2026-02-01 04:00:44.218266,WNTR,24.66,24.58,24.62,2269400.0,2361100.0,0,0,0,0
2.0,1.0,1.0,,Aggregate Position Limit,Your CRO has set the aggregate position limit to 8000 shares for this week.,95,2026-02-01 04:00:45.247109,SPNG,24.62,24.62,25.24,2690500.0,2354100.0,0,0,0,0
1.0,1.0,1.0,,Welcome to the RITC 2026 Alogithmic Market Making Case - practice server,,95,2026-02-01 04:00:45.247109,SMMR,25.91,25.97,26.02,2288400.0,2270700.0,0,0,0,0
,,,,,,95,2026-02-01 04:00:45.247109,ATMN,25.39,25.18,25.25,2093200.0,2002300.0,0,0,0,0
,,,,,,95,2026-02-01 04:00:45.247109,WNTR,24.58,24.52,24.57,2262200.0,2343800.0,0,0,0,0
2.0,1.0,1.0,,Aggregate Position Limit,Your CRO has set the aggregate position limit to 8000 shares for this week.,96,2026-02-01 04:00:46.291807,SPNG,25.32,24.62,25.22,2690500.0,2339400.0,0,0,0,0
1.0,1.0,1.0,,Welcome to the RITC 2026 Alogithmic Market Making Case - practice server,,96,2026-02-01 04:00:46.291807,SMMR,26.04,25.97,26.04,2284500.0,2284300.0,0,0,0,0
,,,,,,96,2026-02-01 04:00:46.291807,ATMN,25.1,25.48,25.69,2112900.0,1960000.0,0,0,0,0
,,,,,,96,2026-02-01 04:00:46.291807,WNTR,24.5,24.5,24.53,1896700.0,2305100.0,0,0,0,0
2.0,1.0,1.0,,Aggregate Position Limit,Your CRO has set the aggregate position limit to 8000 shares for this week.,97,2026-02-01 04:00:47.347852,SPNG,24.74,24.93,25.22,2730100.0,2339400.0,0,0,0,0
1.0,1.0,1.0,,Welcome to the RITC 2026 Alogithmic Market Making Case - practice server,,97,2026-02-01 04:00:47.347852,SMMR,25.88,25.91,25.98,2314300.0,2240500.0,0,0,0,0
,,,,,,97,2026-02-01 04:00:47.347852,ATMN,25.48,25.48,25.69,2112900.0,2000000.0,0,0,0,0
,,,,,,97,2026-02-01 04:00:47.347852,WNTR,24.53,24.45,24.53,1797200.0,2311700.0,0,0,0,0
2.0,1.0,1.0,,Aggregate Position Limit,Your CRO has set the aggregate position limit to 8000 shares for this week.,98,2026-02-01 04:00:48.393918,SPNG,24.61,24.77,25.22,2733300.0,2337800.0,0,0,0,0
1.0,1.0,1.0,,Welcome to the RITC 2026 Alogithmic Market Making Case - practice server,,98,2026-02-01 04:00:48.393918,SMMR,25.91,25.91,25.98,2314300.0,2235700.0,0,0,0,0
,,,,,,98,2026-02-01 04:00:48.393918,ATMN,25.69,25.67,25.69,2091100.0,1996200.0,0,0,0,0
,,,,,,98,2026-02-01 04:00:48.393918,WNTR,24.37,24.37,24.53,1326700.0,2311700.0,0,0,0,0
2.0,1.0,1.0,,Aggregate Position Limit,Your CRO has set the aggregate position limit to 8000 shares for this week.,100,2026-02-01 04:00:49.424172,SPNG,24.77,24.45,24.69,2697600.0,2367100.0,0,0,0,0
1.0,1.0,1.0,,Welcome to the RITC 2026 Alogithmic Market Making Case - practice server,,100,2026-02-01 04:00:49.424172,SMMR,25.99,25.91,25.99,2283200.0,2234800.0,0,0,0,0
,,,,,,100,2026-02-01 04:00:49.424172,ATMN,25.27,25.46,25.63,2127100.0,2010000.0,0,0,0,0
,,,,,,100,2026-02-01 04:00:49.424172,WNTR,24.57,24.37,24.57,1579800.0,2275600.0,0,0,0,0
2.0,1.0,1.0,,Aggregate Position Limit,Your CRO has set the aggregate position limit to 8000 shares for this week.,101,2026-02-01 04:00:50.478273,SPNG,24.71,25.11,25.18,2664500.0,2347300.0,0,0,0,0
1.0,1.0,1.0,,Welcome to the RITC 2026 Alogithmic Market Making Case - practice server,,101,2026-02-01 04:00:50.478273,SMMR,25.88,25.85,25.87,2241000.0,2230700.0,0,0,0,0
,,,,,,101,2026-02-01 04:00:50.478273,ATMN,25.29,25.1,25.29,2120500.0,2054100.0,0,0,0,0
,,,,,,101,2026-02-01 04:00:50.478273,WNTR,24.57,24.42,24.43,2002700.0,2280100.0,0,0,0,0
2.0,1.0,1.0,,Aggregate Position Limit,Your CRO has set the aggregate position limit to 8000 shares for this week.,102,2026-02-01 04:00:51.512751,SPNG,25.18,24.45,25.15,2697600.0,2400500.0,0,0,0,0
1.0,1.0,1.0,,Welcome to the RITC 2026 Alogithmic Market Making Case - practice server,,102,2026-02-01 04:00:51.512751,SMMR,25.97,25.97,26.04,2261300.0,2239600.0,0,0,0,0
,,,,,,102,2026-02-01 04:00:51.512751,ATMN,25.08,25.08,25.6,2110600.0,2038100.0,0,0,0,0
,,,,,,102,2026-02-01 04:00:51.512751,WNTR,24.42,24.42,24.51,2002700.0,2315800.0,0,0,0,0
2.0,1.0,1.0,,Aggregate Position Limit,Your CRO has set the aggregate position limit to 8000 shares for this week.,103,2026-02-01 04:00:52.545724,SPNG,24.45,24.45,25.15,2720100.0,2400500.0,0,0,0,0
1.0,1.0,1.0,,Welcome to the RITC 2026 Alogithmic Market Making Case - practice server,,103,2026-02-01 04:00:52.545724,SMMR,25.83,26.03,26.04,2268100.0,2263400.0,0,0,0,0
,,,,,,103,2026-02-01 04:00:52.545724,ATMN,25.08,25.08,25.48,2110600.0,2044200.0,0,0,0,0
,,,,,,103,2026-02-01 04:00:52.545724,WNTR,24.51,24.43,24.51,2355200.0,2315800.0,0,0,0,0
2.0,1.0,1.0,,Aggregate Position Limit,Your CRO has set the aggregate position limit to 8000 shares for this week.,104,2026-02-01 04:00:53.578724,SPNG,24.45,24.51,24.8,2635200.0,2374600.0,0,0,0,0
1.0,1.0,1.0,,Welcome to the RITC 2026 Alogithmic Market Making Case - practice server,,104,2026-02-01 04:00:53.578724,SMMR,25.83,26.03,26.04,2268100.0,2229200.0,0,0,0,0
,,,,,,104,2026-02-01 04:00:53.578724,ATMN,25.39,25.18,25.26,2128400.0,2031500.0,0,0,0,0
,,,,,,104,2026-02-01 04:00:53.578724,WNTR,24.62,24.43,24.56,2497700.0,2280500.0,0,0,0,0
2.0,1.0,1.0,,Aggregate Position Limit,Your CRO has set the aggregate position limit to 8000 shares for this week.,105,2026-02-01 04:00:54.608937,SPNG,25.15,24.82,25.15,2612300.0,2384400.0,0,0,0,0
1.0,1.0,1.0,,Welcome to the RITC 2026 Alogithmic Market Making Case - practice server,,105,2026-02-01 04:00:54.608937,SMMR,25.83,26.03,26.04,2250100.0,2185300.0,0,0,0,0
,,,,,,105,2026-02-01 04:00:54.608937,ATMN,25.39,25.18,25.26,2069000.0,2031500.0,0,0,0,0
,,,,,,105,2026-02-01 04:00:54.608937,WNTR,24.43,24.42,24.43,2536600.0,2276100.0,0,0,0,0
2.0,1.0,1.0,,Aggregate Position Limit,Your CRO has set the aggregate position limit to 8000 shares for this week.,106,2026-02-01 04:00:55.628700,SPNG,25.15,24.82,25.04,2612300.0,2420600.0,0,0,0,0
1.0,1.0,1.0,,Welcome to the RITC 2026 Alogithmic Market Making Case - practice server,,106,2026-02-01 04:00:55.628700,SMMR,26.03,25.92,26.0,2258400.0,2240500.0,0,0,0,0
,,,,,,106,2026-02-01 04:00:55.628700,ATMN,25.39,25.19,25.26,2084100.0,2031500.0,0,0,0,0
,,,,,,106,2026-02-01 04:00:55.628700,WNTR,24.53,24.53,24.56,2518400.0,2289500.0,0,0,0,0
2.0,1.0,1.0,,Aggregate Position Limit,Your CRO has set the aggregate position limit to 8000 shares for this week.,107,2026-02-01 04:00:56.674631,SPNG,24.82,24.56,24.74,2609000.0,2428600.0,0,0,0,0
1.0,1.0,1.0,,Welcome to the RITC 2026 Alogithmic Market Making Case - practice server,,107,2026-02-01 04:00:56.674631,SMMR,26.07,25.92,26.07,2258400.0,2187600.0,0,0,0,0
,,,,,,107,2026-02-01 04:00:56.674631,ATMN,25.48,25.19,25.48,2091000.0,2044200.0,0,0,0,0
,,,,,,107,2026-02-01 04:00:56.674631,WNTR,24.53,24.38,24.46,2536500.0,2300600.0,0,0,0,0
2.0,1.0,1.0,,Aggregate Position Limit,Your CRO has set the aggregate position limit to 8000 shares for this week.,108,2026-02-01 04:00:57.716811,SPNG,25.04,24.83,25.04,2586800.0,2420600.0,0,0,0,0
1.0,1.0,1.0,,Welcome to the RITC 2026 Alogithmic Market Making Case - practice server,,108,2026-02-01 04:00:57.716811,SMMR,25.82,25.82,25.95,2254100.0,2206500.0,0,0,0,0
,,,,,,108,2026-02-01 04:00:57.716811,ATMN,25.48,25.36,25.48,2037100.0,2044200.0,0,0,0,0
,,,,,,108,2026-02-01 04:00:57.716811,WNTR,24.37,24.37,24.42,2257700.0,2268100.0,0,0,0,0
2.0,1.0,1.0,,Aggregate Position Limit,Your CRO has set the aggregate position limit to 8000 shares for this week.,109,2026-02-01 04:00:58.770251,SPNG,25.15,24.83,24.88,2526000.0,2417400.0,0,0,0,0
1.0,1.0,1.0,,Welcome to the RITC 2026 Alogithmic Market Making Case - practice server,,109,2026-02-01 04:00:58.770251,SMMR,25.82,25.82,25.95,2251100.0,2219800.0,0,0,0,0
,,,,,,109,2026-02-01 04:00:58.770251,ATMN,25.48,25.52,25.6,2020100.0,2069700.0,0,0,0,0
,,,,,,109,2026-02-01 04:00:58.770251,WNTR,24.42,24.38,24.42,2516700.0,2268100.0,0,0,0,0
2.0,1.0,1.0,,Aggregate Position Limit,Your CRO has set the aggregate position limit to 8000 shares for this week.,110,2026-02-01 04:00:59.802692,SPNG,24.88,24.83,24.88,2500800.0,2402500.0,0,0,0,0
1.0,1.0,1.0,,Welcome to the RITC 2026 Alogithmic Market Making Case - practice server,,110,2026-02-01 04:00:59.802692,SMMR,25.94,25.85,25.87,2265200.0,2219900.0,0,0,0,0
,,,,,,110,2026-02-01 04:00:59.802692,ATMN,25.52,25.52,25.6,2020100.0,2075900.0,0,0,0,0
,,,,,,110,2026-02-01 04:00:59.802692,WNTR,24.37,24.37,24.42,2176400.0,2287200.0,0,0,0,0
2.0,1.0,1.0,,Aggregate Position Limit,Your CRO has set the aggregate position limit to 8000 shares for this week.,111,2026-02-01 04:01:00.848174,SPNG,25.07,25.07,25.15,2501200.0,2376600.0,0,0,0,0
1.0,1.0,1.0,,Welcome to the RITC 2026 Alogithmic Market Making Case - practice server,,111,2026-02-01 04:01:00.848174,SMMR,25.82,25.82,25.95,2242600.0,2219800.0,0,0,0,0
,,,,,,111,2026-02-01 04:01:00.848174,ATMN,25.47,25.47,25.6,2026700.0,2077700.0,0,0,0,0
,,,,,,111,2026-02-01 04:01:00.848174,WNTR,24.35,24.35,24.37,2177400.0,2321000.0,0,0,0,0
2.0,1.0,1.0,,Aggregate Position Limit,Your CRO has set the aggregate position limit to 8000 shares for this week.,112,2026-02-01 04:01:01.908294,SPNG,25.21,24.83,25.21,2509300.0,2359700.0,0,0,0,0
1.0,1.0,1.0,,Welcome to the RITC 2026 Alogithmic Market Making Case - practice server,,112,2026-02-01 04:01:01.908294,SMMR,26.07,25.88,26.07,2213800.0,2187600.0,0,0,0,0
,,,,,,112,2026-02-01 04:01:01.908294,ATMN,25.36,25.37,25.6,2017100.0,2087400.0,0,0,0,0
,,,,,,112,2026-02-01 04:01:01.908294,WNTR,24.3,24.3,24.37,2036200.0,2321600.0,0,0,0,0
2.0,1.0,1.0,,Aggregate Position Limit,Your CRO has set the aggregate position limit to 8000 shares for this week.,113,2026-02-01 04:01:02.965540,SPNG,24.73,24.73,24.98,2530500.0,2330900.0,0,0,0,0
1.0,1.0,1.0,,Welcome to the RITC 2026 Alogithmic Market Making Case - practice server,,113,2026-02-01 04:01:02.965540,SMMR,25.82,25.82,25.94,2242600.0,2209800.0,0,0,0,0
,,,,,,113,2026-02-01 04:01:02.965540,ATMN,25.23,25.23,25.6,2041400.0,2087400.0,0,0,0,0
,,,,,,113,2026-02-01 04:01:02.965540,WNTR,24.28,24.28,24.42,2058600.0,2297300.0,0,0,0,0
2.0,1.0,1.0,,Aggregate Position Limit,Your CRO has set the aggregate position limit to 8000 shares for this week.,114,2026-02-01 04:01:04.014558,SPNG,24.77,24.77,24.98,2520600.0,2330900.0,0,0,0,0
1.0,1.0,1.0,,Welcome to the RITC 2026 Alogithmic Market Making Case - practice server,,114,2026-02-01 04:01:04.014558,SMMR,25.82,25.82,25.94,2224500.0,2209800.0,0,0,0,0
,,,,,,114,2026-02-01 04:01:04.014558,ATMN,25.45,25.45,25.6,2013500.0,2087400.0,0,0,0,0
,,,,,,114,2026-02-01 04:01:04.014558,WNTR,24.28,24.28,24.29,2058600.0,2335600.0,0,0,0,0
2.0,1.0,1.0,,Aggregate Position Limit,Your CRO has set the aggregate position limit to 8000 shares for this week.,115,2026-02-01 04:01:05.045424,SPNG,24.77,24.77,24.98,2485600.0,2330900.0,0,0,0,0
1.0,1.0,1.0,,Welcome to the RITC 2026 Alogithmic Market Making Case - practice server,,115,2026-02-01 04:01:05.045424,SMMR,25.94,25.82,25.92,2224500.0,2189400.0,0,0,0,0
,,,,,,115,2026-02-01 04:01:05.045424,ATMN,25.26,25.26,25.54,2014700.0,2072600.0,0,0,0,0
,,,,,,115,2026-02-01 04:01:05.045424,WNTR,24.29,24.28,24.29,2188600.0,2377200.0,0,0,0,0
2.0,1.0,1.0,,Aggregate Position Limit,Your CRO has set the aggregate position limit to 8000 shares for this week.,116,2026-02-01 04:01:06.075984,SPNG,25.21,24.77,25.21,2485600.0,2359700.0,0,0,0,0
1.0,1.0,1.0,,Welcome to the RITC 2026 Alogithmic Market Making Case - practice server,,116,2026-02-01 04:01:06.075984,SMMR,25.81,25.88,25.92,2251100.0,2210300.0,0,0,0,0
,,,,,,116,2026-02-01 04:01:06.075984,ATMN,25.23,25.23,25.54,2033000.0,2072600.0,0,0,0,0
,,,,,,116,2026-02-01 04:01:06.075984,WNTR,24.35,24.38,24.42,2431700.0,2316300.0,0,0,0,0
2.0,1.0,1.0,,Aggregate Position Limit,Your CRO has set the aggregate position limit to 8000 shares for this week.,117,2026-02-01 04:01:07.113372,SPNG,25.27,24.73,25.27,2504500.0,2346700.0,0,0,0,0
1.0,1.0,1.0,,Welcome to the RITC 2026 Alogithmic Market Making Case - practice server,,117,2026-02-01 04:01:07.113372,SMMR,25.89,25.89,26.0,2239000.0,2206000.0,0,0,0,0
,,,,,,117,2026-02-01 04:01:07.113372,ATMN,25.54,25.23,25.54,2033000.0,2050300.0,0,0,0,0
,,,,,,117,2026-02-01 04:01:07.113372,WNTR,24.28,24.28,24.42,2308700.0,2325400.0,0,0,0,0
2.0,1.0,1.0,,Aggregate Position Limit,Your CRO has set the aggregate position limit to 8000 shares for this week.,118,2026-02-01 04:01:08.152092,SPNG,25.32,24.73,25.31,2474500.0,2348500.0,0,0,0,0
1.0,1.0,1.0,,Welcome to the RITC 2026 Alogithmic Market Making Case - practice server,,118,2026-02-01 04:01:08.152092,SMMR,25.88,25.93,25.98,2248900.0,2212300.0,0,0,0,0
,,,,,,118,2026-02-01 04:01:08.152092,ATMN,25.43,25.43,25.54,2033400.0,2026500.0,0,0,0,0
,,,,,,118,2026-02-01 04:01:08.152092,WNTR,24.27,24.27,24.29,2168500.0,2297000.0,0,0,0,0
2.0,1.0,1.0,,Aggregate Position Limit,Your CRO has set the aggregate position limit to 8000 shares for this week.,119,2026-02-01 04:01:09.173594,SPNG,24.64,24.64,25.32,2534100.0,2359400.0,0,0,0,0
1.0,1.0,1.0,,Welcome to the RITC 2026 Alogithmic Market Making Case - practice server,,119,2026-02-01 04:01:09.173594,SMMR,25.93,25.93,25.98,2248900.0,2222400.0,0,0,0,0
,,,,,,119,2026-02-01 04:01:09.173594,ATMN,25.6,25.19,25.6,2080800.0,2027500.0,0,0,0,0
,,,,,,119,2026-02-01 04:01:09.173594,WNTR,24.29,24.26,24.29,2046500.0,2351200.0,0,0,0,0
2.0,1.0,1.0,,Aggregate Position Limit,Your CRO has set the aggregate position limit to 8000 shares for this week.,120,2026-02-01 04:01:10.209614,SPNG,25.41,25.41,25.81,1117100.0,835500.0,0,0,0,0
1.0,1.0,1.0,,Welcome to the RITC 2026 Alogithmic Market Making Case - practice server,,120,2026-02-01 04:01:10.209614,SMMR,25.88,25.49,25.85,896900.0,1000600.0,0,0,0,0
,,,,,,120,2026-02-01 04:01:10.209614,ATMN,25.6,26.24,26.67,888200.0,892500.0,0,0,0,0
,,,,,,120,2026-02-01 04:01:10.209614,WNTR,25.24,24.76,25.04,903300.0,917600.0,0,0,0,0
2.0,1.0,1.0,,Aggregate Position Limit,Your CRO has set the aggregate position limit to 8000 shares for this week.,121,2026-02-01 04:01:11.245944,SPNG,25.41,25.05,25.14,1424000.0,940400.0,0,0,0,0
1.0,1.0,1.0,,Welcome to the RITC 2026 Alogithmic Market Making Case - practice server,,121,2026-02-01 04:01:11.245944,SMMR,25.48,25.48,25.85,901700.0,1103000.0,0,0,0,0
,,,,,,121,2026-02-01 04:01:11.245944,ATMN,25.99,25.99,26.54,932300.0,972500.0,0,0,0,0
,,,,,,121,2026-02-01 04:01:11.245944,WNTR,25.24,24.84,25.04,1311200.0,917600.0,0,0,0,0
2.0,1.0,1.0,,Aggregate Position Limit,Your CRO has set the aggregate position limit to 8000 shares for this week.,122,2026-02-01 04:01:12.310861,SPNG,25.81,25.1,25.81,1642100.0,941700.0,0,0,0,0
1.0,1.0,1.0,,Welcome to the RITC 2026 Alogithmic Market Making Case - practice server,,122,2026-02-01 04:01:12.310861,SMMR,25.48,25.24,25.48,1267000.0,1214200.0,0,0,0,0
,,,,,,122,2026-02-01 04:01:12.310861,ATMN,26.67,25.37,26.67,1075000.0,892500.0,0,0,0,0
,,,,,,122,2026-02-01 04:01:12.310861,WNTR,25.17,24.84,25.17,1676800.0,930000.0,0,0,0,0
2.0,1.0,1.0,,Aggregate Position Limit,Your CRO has set the aggregate position limit to 8000 shares for this week.,123,2026-02-01 04:01:13.341368,SPNG,25.07,25.07,25.81,1633400.0,941700.0,0,0,0,0
1.0,1.0,1.0,,Welcome to the RITC 2026 Alogithmic Market Making Case - practice server,,123,2026-02-01 04:01:13.341368,SMMR,25.47,25.47,25.48,1484300.0,1214200.0,0,0,0,0
,,,,,,123,2026-02-01 04:01:13.341368,ATMN,25.53,25.37,25.43,1075000.0,1108500.0,0,0,0,0
,,,,,,123,2026-02-01 04:01:13.341368,WNTR,25.34,25.45,25.51,1901600.0,931200.0,0,0,0,0
2.0,1.0,1.0,,Aggregate Position Limit,Your CRO has set the aggregate position limit to 8000 shares for this week.,124,2026-02-01 04:01:14.374685,SPNG,25.48,25.48,25.81,1743600.0,1047500.0,0,0,0,0
1.0,1.0,1.0,,Welcome to the RITC 2026 Alogithmic Market Making Case - practice server,,124,2026-02-01 04:01:14.374685,SMMR,25.59,25.47,25.54,1484300.0,1316300.0,0,0,0,0
,,,,,,124,2026-02-01 04:01:14.374685,ATMN,26.67,25.37,26.67,1289600.0,1007500.0,0,0,0,0
,,,,,,124,2026-02-01 04:01:14.374685,WNTR,25.15,25.15,25.51,1785900.0,1238500.0,0,0,0,0
2.0,1.0,1.0,,Aggregate Position Limit,Your CRO has set the aggregate position limit to 8000 shares for this week.,125,2026-02-01 04:01:15.404755,SPNG,25.42,25.57,25.81,1733900.0,1047500.0,0,0,0,0
1.0,1.0,1.0,,Welcome to the RITC 2026 Alogithmic Market Making Case - practice server,,125,2026-02-01 04:01:15.404755,SMMR,25.47,25.41,25.46,1628600.0,1512100.0,0,0,0,0
,,,,,,125,2026-02-01 04:01:15.404755,ATMN,26.66,25.37,26.52,1289600.0,1205200.0,0,0,0,0
,,,,,,125,2026-02-01 04:01:15.404755,WNTR,25.15,25.15,25.23,1785900.0,1691200.0,0,0,0,0
2.0,1.0,1.0,,Aggregate Position Limit,Your CRO has set the aggregate position limit to 8000 shares for this week.,126,2026-02-01 04:01:16.440469,SPNG,25.05,25.73,25.81,1665800.0,1141500.0,0,0,0,0
1.0,1.0,1.0,,Welcome to the RITC 2026 Alogithmic Market Making Case - practice server,,126,2026-02-01 04:01:16.440469,SMMR,25.54,25.41,25.54,1763300.0,1638700.0,0,0,0,0
,,,,,,126,2026-02-01 04:01:16.440469,ATMN,26.66,25.93,26.42,1384300.0,1400900.0,0,0,0,0
,,,,,,126,2026-02-01 04:01:16.440469,WNTR,25.15,25.15,25.23,2106900.0,1580900.0,0,0,0,0
2.0,1.0,1.0,,Aggregate Position Limit,Your CRO has set the aggregate position limit to 8000 shares for this week.,127,2026-02-01 04:01:17.482479,SPNG,25.73,25.73,25.79,1665800.0,1460600.0,0,0,0,0
1.0,1.0,1.0,,Welcome to the RITC 2026 Alogithmic Market Making Case - practice server,,127,2026-02-01 04:01:17.482479,SMMR,25.54,25.43,25.48,2120000.0,1638700.0,0,0,0,0
,,,,,,127,2026-02-01 04:01:17.482479,ATMN,25.09,25.09,25.97,1288500.0,1509800.0,0,0,0,0
,,,,,,127,2026-02-01 04:01:17.482479,WNTR,25.23,25.15,25.23,2228500.0,1677100.0,0,0,0,0
2.0,1.0,1.0,,Aggregate Position Limit,Your CRO has set the aggregate position limit to 8000 shares for this week.,128,2026-02-01 04:01:18.511360,SPNG,25.73,25.73,25.79,1665800.0,1813100.0,0,0,0,0
1.0,1.0,1.0,,Welcome to the RITC 2026 Alogithmic Market Making Case - practice server,,128,2026-02-01 04:01:18.511360,SMMR,25.48,25.43,25.48,2256600.0,1740600.0,0,0,0,0
,,,,,,128,2026-02-01 04:01:18.511360,ATMN,26.42,25.88,26.42,1396000.0,1477300.0,0,0,0,0
,,,,,,128,2026-02-01 04:01:18.511360,WNTR,25.17,25.15,25.17,2321100.0,1800800.0,0,0,0,0
2.0,1.0,1.0,,Aggregate Position Limit,Your CRO has set the aggregate position limit to 8000 shares for this week.,129,2026-02-01 04:01:19.544211,SPNG,25.73,25.55,25.7,1655000.0,2014800.0,0,0,0,0
1.0,1.0,1.0,,Welcome to the RITC 2026 Alogithmic Market Making Case - practice server,,129,2026-02-01 04:01:19.544211,SMMR,25.54,25.43,25.54,2353700.0,1510300.0,0,0,0,0
,,,,,,129,2026-02-01 04:01:19.544211,ATMN,25.88,25.88,26.28,1396000.0,1648500.0,0,0,0,0
,,,,,,129,2026-02-01 04:01:19.544211,WNTR,25.23,25.25,25.27,2316600.0,1715400.0,0,0,0,0
2.0,1.0,1.0,,Aggregate Position Limit,Your CRO has set the aggregate position limit to 8000 shares for this week.,131,2026-02-01 04:01:20.597990,SPNG,25.55,25.55,25.7,1655000.0,2167900.0,0,0,0,0
1.0,1.0,1.0,,Welcome to the RITC 2026 Alogithmic Market Making Case - practice server,,131,2026-02-01 04:01:20.597990,SMMR,25.5,25.5,25.54,2315500.0,1510300.0,0,0,0,0
,,,,,,131,2026-02-01 04:01:20.597990,ATMN,25.88,25.26,25.66,1491900.0,1755800.0,0,0,0,0
,,,,,,131,2026-02-01 04:01:20.597990,WNTR,25.25,25.22,25.25,2304800.0,1961800.0,0,0,0,0
2.0,1.0,1.0,,Aggregate Position Limit,Your CRO has set the aggregate position limit to 8000 shares for this week.,132,2026-02-01 04:01:21.664281,SPNG,25.55,25.16,25.21,1657500.0,2233400.0,0,0,0,0
1.0,1.0,1.0,,Welcome to the RITC 2026 Alogithmic Market Making Case - practice server,,132,2026-02-01 04:01:21.664281,SMMR,25.5,25.5,25.54,2327000.0,1607100.0,0,0,0,0
,,,,,,132,2026-02-01 04:01:21.664281,ATMN,25.91,25.26,25.77,1491900.0,1736900.0,0,0,0,0
,,,,,,132,2026-02-01 04:01:21.664281,WNTR,25.25,25.22,25.25,2304800.0,2085100.0,0,0,0,0
2.0,1.0,1.0,,Aggregate Position Limit,Your CRO has set the aggregate position limit to 8000 shares for this week.,133,2026-02-01 04:01:22.692929,SPNG,25.21,25.6,25.7,1770200.0,2243600.0,0,0,0,0
1.0,1.0,1.0,,Welcome to the RITC 2026 Alogithmic Market Making Case - practice server,,133,2026-02-01 04:01:22.692929,SMMR,25.6,25.43,25.6,2307900.0,1505200.0,0,0,0,0
,,,,,,133,2026-02-01 04:01:22.692929,ATMN,25.77,25.88,26.28,1902300.0,1648500.0,0,0,0,0
,,,,,,133,2026-02-01 04:01:22.692929,WNTR,25.27,25.35,25.36,2304900.0,1819400.0,0,0,0,0
2.0,1.0,1.0,,Aggregate Position Limit,Your CRO has set the aggregate position limit to 8000 shares for this week.,134,2026-02-01 04:01:23.723135,SPNG,25.16,25.16,25.7,1657500.0,2230500.0,0,0,0,0
1.0,1.0,1.0,,Welcome to the RITC 2026 Alogithmic Market Making Case - practice server,,134,2026-02-01 04:01:23.723135,SMMR,25.65,25.43,25.59,2307900.0,1612100.0,0,0,0,0
,,,,,,134,2026-02-01 04:01:23.723135,ATMN,25.77,25.88,26.13,1902300.0,1860900.0,0,0,0,0
,,,,,,134,2026-02-01 04:01:23.723135,WNTR,25.27,25.35,25.36,2304900.0,2258400.0,0,0,0,0
2.0,1.0,1.0,,Aggregate Position Limit,Your CRO has set the aggregate position limit to 8000 shares for this week.,135,2026-02-01 04:01:24.751470,SPNG,25.67,25.16,25.26,1657500.0,2219400.0,0,0,0,0
1.0,1.0,1.0,,Welcome to the RITC 2026 Alogithmic Market Making Case - practice server,,135,2026-02-01 04:01:24.751470,SMMR,25.42,25.42,25.59,2291500.0,1725200.0,0,0,0,0
,,,,,,135,2026-02-01 04:01:24.751470,ATMN,25.77,25.88,26.13,1902300.0,1989100.0,0,0,0,0
,,,,,,135,2026-02-01 04:01:24.751470,WNTR,25.35,25.22,25.28,2302700.0,2288100.0,0,0,0,0
2.0,1.0,1.0,,Aggregate Position Limit,Your CRO has set the aggregate position limit to 8000 shares for this week.,136,2026-02-01 04:01:25.785205,SPNG,25.67,25.16,25.26,1986300.0,2219400.0,0,0,0,0
1.0,1.0,1.0,,Welcome to the RITC 2026 Alogithmic Market Making Case - practice server,,136,2026-02-01 04:01:25.785205,SMMR,25.42,25.42,25.56,2291500.0,2097800.0,0,0,0,0
,,,,,,136,2026-02-01 04:01:25.785205,ATMN,26.13,25.54,26.13,1921900.0,1989100.0,0,0,0,0
,,,,,,136,2026-02-01 04:01:25.785205,WNTR,25.21,25.21,25.28,2303300.0,2291500.0,0,0,0,0
2.0,1.0,1.0,,Aggregate Position Limit,Your CRO has set the aggregate position limit to 8000 shares for this week.,137,2026-02-01 04:01:26.820045,SPNG,25.79,25.54,25.62,2226500.0,2260200.0,0,0,0,0
1.0,1.0,1.0,,Welcome to the RITC 2026 Alogithmic Market Making Case - practice server,,137,2026-02-01 04:01:26.820045,SMMR,25.56,25.5,25.56,2269700.0,2206000.0,0,0,0,0
,,,,,,137,2026-02-01 04:01:26.820045,ATMN,25.53,25.77,26.13,2006900.0,1989100.0,0,0,0,0
,,,,,,137,2026-02-01 04:01:26.820045,WNTR,25.15,25.21,25.22,2344800.0,2284600.0,0,0,0,0
2.0,1.0,1.0,,Aggregate Position Limit,Your CRO has set the aggregate position limit to 8000 shares for this week.,138,2026-02-01 04:01:27.852908,SPNG,25.54,25.16,25.36,2220500.0,2281600.0,0,0,0,0
1.0,1.0,1.0,,Welcome to the RITC 2026 Alogithmic Market Making Case - practice server,,138,2026-02-01 04:01:27.852908,SMMR,25.41,25.41,25.56,2305000.0,2246500.0,0,0,0,0
,,,,,,138,2026-02-01 04:01:27.852908,ATMN,25.77,25.39,25.7,2021000.0,1999000.0,0,0,0,0
,,,,,,138,2026-02-01 04:01:27.852908,WNTR,25.22,25.26,25.28,2298600.0,2286900.0,0,0,0,0
2.0,1.0,1.0,,Aggregate Position Limit,Your CRO has set the aggregate position limit to 8000 shares for this week.,139,2026-02-01 04:01:28.893157,SPNG,25.12,25.54,25.57,2233000.0,2259800.0,0,0,0,0
1.0,1.0,1.0,,Welcome to the RITC 2026 Alogithmic Market Making Case - practice server,,139,2026-02-01 04:01:28.893157,SMMR,25.59,25.35,25.59,2335400.0,2221100.0,0,0,0,0
,,,,,,139,2026-02-01 04:01:28.893157,ATMN,25.39,25.39,26.04,2275300.0,2000400.0,0,0,0,0
,,,,,,139,2026-02-01 04:01:28.893157,WNTR,25.22,25.26,25.28,2309700.0,2294100.0,0,0,0,0
2.0,1.0,1.0,,Aggregate Position Limit,Your CRO has set the aggregate position limit to 8000 shares for this week.,140,2026-02-01 04:01:29.916378,SPNG,25.04,25.04,25.57,1847800.0,2247200.0,0,0,0,0
1.0,1.0,1.0,,Welcome to the RITC 2026 Alogithmic Market Making Case - practice server,,140,2026-02-01 04:01:29.916378,SMMR,25.35,25.49,25.59,2294400.0,2205500.0,0,0,0,0
,,,,,,140,2026-02-01 04:01:29.916378,ATMN,25.82,26.1,26.13,2234500.0,1989100.0,0,0,0,0
,,,,,,140,2026-02-01 04:01:29.916378,WNTR,25.21,25.21,25.28,2292800.0,2239700.0,0,0,0,0
2.0,1.0,1.0,,Aggregate Position Limit,Your CRO has set the aggregate position limit to 8000 shares for this week.,141,2026-02-01 04:01:30.952466,SPNG,25.62,25.04,25.62,2105300.0,2233700.0,0,0,0,0
1.0,1.0,1.0,,Welcome to the RITC 2026 Alogithmic Market Making Case - practice server,,141,2026-02-01 04:01:30.952466,SMMR,25.49,25.49,25.59,2294400.0,2205500.0,0,0,0,0
,,,,,,141,2026-02-01 04:01:30.952466,ATMN,26.1,25.44,25.77,2171100.0,2013000.0,0,0,0,0
,,,,,,141,2026-02-01 04:01:30.952466,WNTR,25.31,25.21,25.31,2277900.0,2238200.0,0,0,0,0
2.0,1.0,1.0,,Aggregate Position Limit,Your CRO has set the aggregate position limit to 8000 shares for this week.,142,2026-02-01 04:01:31.993724,SPNG,25.42,25.42,25.62,2442500.0,2233700.0,0,0,0,0
1.0,1.0,1.0,,Welcome to the RITC 2026 Alogithmic Market Making Case - practice server,,142,2026-02-01 04:01:31.993724,SMMR,25.49,25.53,25.56,2280200.0,2196000.0,0,0,0,0
,,,,,,142,2026-02-01 04:01:31.993724,ATMN,26.15,25.44,26.15,2172400.0,1993700.0,0,0,0,0
,,,,,,142,2026-02-01 04:01:31.993724,WNTR,25.15,25.2,25.31,2277200.0,2241000.0,0,0,0,0
2.0,1.0,1.0,,Aggregate Position Limit,Your CRO has set the aggregate position limit to 8000 shares for this week.,143,2026-02-01 04:01:33.042098,SPNG,25.19,25.26,25.62,2561500.0,2233700.0,0,0,0,0
1.0,1.0,1.0,,Welcome to the RITC 2026 Alogithmic Market Making Case - practice server,,143,2026-02-01 04:01:33.042098,SMMR,25.49,25.35,25.4,2316500.0,2172900.0,0,0,0,0
,,,,,,143,2026-02-01 04:01:33.042098,ATMN,26.15,25.48,25.87,2162000.0,2005400.0,0,0,0,0
,,,,,,143,2026-02-01 04:01:33.042098,WNTR,25.24,25.2,25.24,2284700.0,2280900.0,0,0,0,0
2.0,1.0,1.0,,Aggregate Position Limit,Your CRO has set the aggregate position limit to 8000 shares for this week.,144,2026-02-01 04:01:34.077393,SPNG,25.61,25.19,25.36,2446500.0,2254900.0,0,0,0,0
1.0,1.0,1.0,,Welcome to the RITC 2026 Alogithmic Market Making Case - practice server,,144,2026-02-01 04:01:34.077393,SMMR,25.48,25.35,25.48,2316500.0,2205600.0,0,0,0,0
,,,,,,144,2026-02-01 04:01:34.077393,ATMN,26.15,25.48,26.15,2162000.0,2024600.0,0,0,0,0
,,,,,,144,2026-02-01 04:01:34.077393,WNTR,25.21,25.2,25.21,2284700.0,2271000.0,0,0,0,0
2.0,1.0,1.0,,Aggregate Position Limit,Your CRO has set the aggregate position limit to 8000 shares for this week.,145,2026-02-01 04:01:35.106556,SPNG,25.36,25.41,25.62,2517100.0,2233700.0,0,0,0,0
1.0,1.0,1.0,,Welcome to the RITC 2026 Alogithmic Market Making Case - practice server,,145,2026-02-01 04:01:35.106556,SMMR,25.34,25.34,25.48,2303900.0,2205600.0,0,0,0,0
,,,,,,145,2026-02-01 04:01:35.106556,ATMN,25.44,25.91,26.15,2165800.0,2024600.0,0,0,0,0
,,,,,,145,2026-02-01 04:01:35.106556,WNTR,25.2,25.15,25.18,2305100.0,2276100.0,0,0,0,0
2.0,1.0,1.0,,Aggregate Position Limit,Your CRO has set the aggregate position limit to 8000 shares for this week.,146,2026-02-01 04:01:36.143245,SPNG,25.12,25.12,25.5,2580100.0,2240300.0,0,0,0,0
1.0,1.0,1.0,,Welcome to the RITC 2026 Alogithmic Market Making Case - practice server,,146,2026-02-01 04:01:36.143245,SMMR,25.33,25.45,25.48,2303900.0,2205600.0,0,0,0,0
,,,,,,146,2026-02-01 04:01:36.143245,ATMN,26.18,25.39,26.18,2219000.0,2015300.0,0,0,0,0
,,,,,,146,2026-02-01 04:01:36.143245,WNTR,25.15,25.1,25.15,2327800.0,2261500.0,0,0,0,0
2.0,1.0,1.0,,Aggregate Position Limit,Your CRO has set the aggregate position limit to 8000 shares for this week.,147,2026-02-01 04:01:37.175045,SPNG,25.12,25.12,25.26,2538800.0,2255100.0,0,0,0,0
1.0,1.0,1.0,,Welcome to the RITC 2026 Alogithmic Market Making Case - practice server,,147,2026-02-01 04:01:37.175045,SMMR,25.42,25.42,25.48,2300400.0,2181400.0,0,0,0,0
,,,,,,147,2026-02-01 04:01:37.175045,ATMN,25.36,25.73,25.88,2190500.0,2029200.0,0,0,0,0
,,,,,,147,2026-02-01 04:01:37.175045,WNTR,25.15,25.23,25.24,2341600.0,2280900.0,0,0,0,0
2.0,1.0,1.0,,Aggregate Position Limit,Your CRO has set the aggregate position limit to 8000 shares for this week.,148,2026-02-01 04:01:38.208449,SPNG,25.5,25.16,25.5,2463400.0,2240300.0,0,0,0,0
1.0,1.0,1.0,,Welcome to the RITC 2026 Alogithmic Market Making Case - practice server,,148,2026-02-01 04:01:38.208449,SMMR,25.28,25.28,25.52,2345500.0,2184100.0,0,0,0,0
,,,,,,148,2026-02-01 04:01:38.208449,ATMN,25.85,25.85,25.88,2161200.0,2029500.0,0,0,0,0
,,,,,,148,2026-02-01 04:01:38.208449,WNTR,25.31,25.23,25.31,2341600.0,2241000.0,0,0,0,0
2.0,1.0,1.0,,Aggregate Position Limit,Your CRO has set the aggregate position limit to 8000 shares for this week.,149,2026-02-01 04:01:39.232240,SPNG,25.61,25.16,25.33,2463400.0,2201300.0,0,0,0,0
1.0,1.0,1.0,,Welcome to the RITC 2026 Alogithmic Market Making Case - practice server,,149,2026-02-01 04:01:39.232240,SMMR,25.56,25.5,25.56,2297600.0,2192400.0,0,0,0,0
,,,,,,149,2026-02-01 04:01:39.232240,ATMN,25.74,25.78,25.88,2073700.0,2029500.0,0,0,0,0
,,,,,,149,2026-02-01 04:01:39.232240,WNTR,25.36,25.23,25.36,2341600.0,2230200.0,0,0,0,0
2.0,1.0,1.0,,Aggregate Position Limit,Your CRO has set the aggregate position limit to 8000 shares for this week.,150,2026-02-01 04:01:40.266308,SPNG,25.61,25.32,25.33,2402900.0,2201300.0,0,0,0,0
1.0,1.0,1.0,,Welcome to the RITC 2026 Alogithmic Market Making Case - practice server,,150,2026-02-01 04:01:40.266308,SMMR,25.56,25.57,25.59,2293200.0,2187300.0,0,0,0,0
,,,,,,150,2026-02-01 04:01:40.266308,ATMN,25.88,25.97,26.1,2043300.0,2030200.0,0,0,0,0
,,,,,,150,2026-02-01 04:01:40.266308,WNTR,25.1,25.1,25.24,2320900.0,2268800.0,0,0,0,0
2.0,1.0,1.0,,Aggregate Position Limit,Your CRO has set the aggregate position limit to 8000 shares for this week.,151,2026-02-01 04:01:41.299977,SPNG,25.43,25.43,25.62,2434900.0,2212400.0,0,0,0,0
1.0,1.0,1.0,,Welcome to the RITC 2026 Alogithmic Market Making Case - practice server,,151,2026-02-01 04:01:41.299977,SMMR,25.48,25.48,25.55,2306200.0,2170100.0,0,0,0,0
,,,,,,151,2026-02-01 04:01:41.299977,ATMN,26.18,25.68,26.18,2165800.0,2029900.0,0,0,0,0
,,,,,,151,2026-02-01 04:01:41.299977,WNTR,25.24,25.11,25.24,2327900.0,2256100.0,0,0,0,0
2.0,1.0,1.0,,Aggregate Position Limit,Your CRO has set the aggregate position limit to 8000 shares for this week.,152,2026-02-01 04:01:42.351468,SPNG,25.18,25.18,25.36,2397600.0,2245700.0,0,0,0,0
1.0,1.0,1.0,,Welcome to the RITC 2026 Alogithmic Market Making Case - practice server,,152,2026-02-01 04:01:42.351468,SMMR,25.6,25.39,25.6,2299800.0,2198200.0,0,0,0,0
,,,,,,152,2026-02-01 04:01:42.351468,ATMN,25.81,26.13,26.18,2158400.0,2029900.0,0,0,0,0
,,,,,,152,2026-02-01 04:01:42.351468,WNTR,25.13,25.13,25.36,2321900.0,2258400.0,0,0,0,0
2.0,1.0,1.0,,Aggregate Position Limit,Your CRO has set the aggregate position limit to 8000 shares for this week.,153,2026-02-01 04:01:43.394535,SPNG,25.36,25.46,25.62,2437500.0,2212400.0,0,0,0,0
1.0,1.0,1.0,,Welcome to the RITC 2026 Alogithmic Market Making Case - practice server,,153,2026-02-01 04:01:43.394535,SMMR,25.6,25.48,25.6,2277300.0,2215700.0,0,0,0,0
,,,,,,153,2026-02-01 04:01:43.394535,ATMN,25.96,25.98,26.14,2146200.0,2010300.0,0,0,0,0
,,,,,,153,2026-02-01 04:01:43.394535,WNTR,25.38,25.15,25.38,2352400.0,2233300.0,0,0,0,0
2.0,1.0,1.0,,Aggregate Position Limit,Your CRO has set the aggregate position limit to 8000 shares for this week.,154,2026-02-01 04:01:44.439078,SPNG,25.18,25.18,25.62,2407600.0,2246700.0,0,0,0,0
1.0,1.0,1.0,,Welcome to the RITC 2026 Alogithmic Market Making Case - practice server,,154,2026-02-01 04:01:44.439078,SMMR,25.48,25.51,25.6,2308500.0,2215700.0,0,0,0,0
,,,,,,154,2026-02-01 04:01:44.439078,ATMN,25.68,25.68,26.14,2168700.0,1999400.0,0,0,0,0
,,,,,,154,2026-02-01 04:01:44.439078,WNTR,25.13,25.3,25.38,2326700.0,2233300.0,0,0,0,0
2.0,1.0,1.0,,Aggregate Position Limit,Your CRO has set the aggregate position limit to 8000 shares for this week.,155,2026-02-01 04:01:45.487722,SPNG,25.16,25.16,25.61,2395700.0,2266200.0,0,0,0,0
1.0,1.0,1.0,,Welcome to the RITC 2026 Alogithmic Market Making Case - practice server,,155,2026-02-01 04:01:45.487722,SMMR,25.36,25.39,25.6,2281700.0,2215700.0,0,0,0,0
,,,,,,155,2026-02-01 04:01:45.487722,ATMN,25.94,25.87,25.94,2180200.0,1996700.0,0,0,0,0
,,,,,,155,2026-02-01 04:01:45.487722,WNTR,25.13,25.14,25.18,2316000.0,2248500.0,0,0,0,0
2.0,1.0,1.0,,Aggregate Position Limit,Your CRO has set the aggregate position limit to 8000 shares for this week.,156,2026-02-01 04:01:46.543272,SPNG,25.15,25.15,25.61,2476800.0,2266200.0,0,0,0,0
1.0,1.0,1.0,,Welcome to the RITC 2026 Alogithmic Market Making Case - practice server,,156,2026-02-01 04:01:46.543272,SMMR,25.39,25.31,25.34,2305200.0,2160700.0,0,0,0,0
,,,,,,156,2026-02-01 04:01:46.543272,ATMN,25.94,26.03,26.13,2138900.0,1988000.0,0,0,0,0
,,,,,,156,2026-02-01 04:01:46.543272,WNTR,25.18,25.24,25.37,2303100.0,2289100.0,0,0,0,0
2.0,1.0,1.0,,Aggregate Position Limit,Your CRO has set the aggregate position limit to 8000 shares for this week.,157,2026-02-01 04:01:47.584867,SPNG,25.15,25.5,25.61,2436900.0,2224200.0,0,0,0,0
1.0,1.0,1.0,,Welcome to the RITC 2026 Alogithmic Market Making Case - practice server,,157,2026-02-01 04:01:47.584867,SMMR,25.47,25.48,25.6,2278700.0,2215700.0,0,0,0,0
,,,,,,157,2026-02-01 04:01:47.584867,ATMN,25.87,25.87,25.88,2162900.0,1991000.0,0,0,0,0
,,,,,,157,2026-02-01 04:01:47.584867,WNTR,25.27,25.32,25.37,2282500.0,2289100.0,0,0,0,0
2.0,1.0,1.0,,Aggregate Position Limit,Your CRO has set the aggregate position limit to 8000 shares for this week.,158,2026-02-01 04:01:48.635077,SPNG,25.5,25.24,25.44,2475100.0,2234500.0,0,0,0,0
1.0,1.0,1.0,,Welcome to the RITC 2026 Alogithmic Market Making Case - practice server,,158,2026-02-01 04:01:48.635077,SMMR,25.6,25.6,25.61,2288700.0,2212300.0,0,0,0,0
,,,,,,158,2026-02-01 04:01:48.635077,ATMN,25.68,25.68,26.13,2190200.0,1988000.0,0,0,0,0
,,,,,,158,2026-02-01 04:01:48.635077,WNTR,25.32,25.27,25.32,2298200.0,2244500.0,0,0,0,0
2.0,1.0,1.0,,Aggregate Position Limit,Your CRO has set the aggregate position limit to 8000 shares for this week.,159,2026-02-01 04:01:49.655960,SPNG,25.24,25.33,25.44,2452000.0,2234500.0,0,0,0,0
1.0,1.0,1.0,,Welcome to the RITC 2026 Alogithmic Market Making Case - practice server,,159,2026-02-01 04:01:49.655960,SMMR,25.48,25.42,25.48,2312400.0,2224900.0,0,0,0,0
,,,,,,159,2026-02-01 04:01:49.655960,ATMN,26.14,25.83,26.14,2120300.0,1987100.0,0,0,0,0
,,,,,,159,2026-02-01 04:01:49.655960,WNTR,25.14,25.14,25.32,2316000.0,2272400.0,0,0,0,0
2.0,1.0,1.0,,Aggregate Position Limit,Your CRO has set the aggregate position limit to 8000 shares for this week.,160,2026-02-01 04:01:50.712692,SPNG,25.11,25.11,25.44,2432800.0,2236000.0,0,0,0,0
1.0,1.0,1.0,,Welcome to the RITC 2026 Alogithmic Market Making Case - practice server,,160,2026-02-01 04:01:50.712692,SMMR,25.42,25.42,25.48,2293900.0,2224900.0,0,0,0,0
,,,,,,160,2026-02-01 04:01:50.712692,ATMN,25.94,25.83,25.94,2087800.0,1993800.0,0,0,0,0
,,,,,,160,2026-02-01 04:01:50.712692,WNTR,25.2,25.28,25.32,2284800.0,2297800.0,0,0,0,0
2.0,1.0,1.0,,Aggregate Position Limit,Your CRO has set the aggregate position limit to 8000 shares for this week.,162,2026-02-01 04:01:51.775004,SPNG,25.56,25.04,25.56,2514800.0,2218600.0,0,0,0,0
1.0,1.0,1.0,,Welcome to the RITC 2026 Alogithmic Market Making Case - practice server,,162,2026-02-01 04:01:51.775004,SMMR,25.4,25.4,25.61,2313200.0,2212300.0,0,0,0,0
,,,,,,162,2026-02-01 04:01:51.775004,ATMN,25.94,25.83,25.94,2057300.0,1993800.0,0,0,0,0
,,,,,,162,2026-02-01 04:01:51.775004,WNTR,25.14,25.14,25.3,2316000.0,2299500.0,0,0,0,0
2.0,1.0,1.0,,Aggregate Position Limit,Your CRO has set the aggregate position limit to 8000 shares for this week.,163,2026-02-01 04:01:52.859160,SPNG,25.62,25.12,25.62,2468000.0,2198800.0,0,0,0,0
1.0,1.0,1.0,,Welcome to the RITC 2026 Alogithmic Market Making Case - practice server,,163,2026-02-01 04:01:52.859160,SMMR,25.61,25.4,25.61,2313200.0,2219800.0,0,0,0,0
,,,,,,163,2026-02-01 04:01:52.859160,ATMN,26.1,26.1,26.14,2058500.0,2009400.0,0,0,0,0
,,,,,,163,2026-02-01 04:01:52.859160,WNTR,25.24,25.17,25.24,2295300.0,2285100.0,0,0,0,0
2.0,1.0,1.0,,Aggregate Position Limit,Your CRO has set the aggregate position limit to 8000 shares for this week.,164,2026-02-01 04:01:53.886103,SPNG,25.62,25.36,25.37,2485600.0,2181500.0,0,0,0,0
1.0,1.0,1.0,,Welcome to the RITC 2026 Alogithmic Market Making Case - practice server,,164,2026-02-01 04:01:53.886103,SMMR,25.61,25.47,25.61,2323200.0,2191900.0,0,0,0,0
,,,,,,164,2026-02-01 04:01:53.886103,ATMN,26.19,25.68,26.19,2072500.0,2008900.0,0,0,0,0
,,,,,,164,2026-02-01 04:01:53.886103,WNTR,25.3,25.21,25.3,2274800.0,2299500.0,0,0,0,0
2.0,1.0,1.0,,Aggregate Position Limit,Your CRO has set the aggregate position limit to 8000 shares for this week.,165,2026-02-01 04:01:54.918170,SPNG,25.36,25.13,25.35,2461400.0,2230500.0,0,0,0,0
1.0,1.0,1.0,,Welcome to the RITC 2026 Alogithmic Market Making Case - practice server,,165,2026-02-01 04:01:54.918170,SMMR,25.4,25.4,25.61,2322900.0,2191900.0,0,0,0,0
,,,,,,165,2026-02-01 04:01:54.918170,ATMN,26.24,25.68,25.72,2072500.0,2024500.0,0,0,0,0
,,,,,,165,2026-02-01 04:01:54.918170,WNTR,25.17,25.17,25.3,2313000.0,2267800.0,0,0,0,0
2.0,1.0,1.0,,Aggregate Position Limit,Your CRO has set the aggregate position limit to 8000 shares for this week.,166,2026-02-01 04:01:55.953467,SPNG,25.41,25.4,25.41,2459700.0,2230800.0,0,0,0,0
1.0,1.0,1.0,,Welcome to the RITC 2026 Alogithmic Market Making Case - practice server,,166,2026-02-01 04:01:55.953467,SMMR,25.63,25.48,25.63,2293200.0,2219800.0,0,0,0,0
,,,,,,166,2026-02-01 04:01:55.953467,ATMN,25.96,25.96,26.24,2039000.0,2014900.0,0,0,0,0
,,,,,,166,2026-02-01 04:01:55.953467,WNTR,25.23,25.17,25.18,2282900.0,2257500.0,0,0,0,0
2.0,1.0,1.0,,Aggregate Position Limit,Your CRO has set the aggregate position limit to 8000 shares for this week.,167,2026-02-01 04:01:56.989585,SPNG,25.12,25.12,25.47,2468000.0,2233200.0,0,0,0,0
1.0,1.0,1.0,,Welcome to the RITC 2026 Alogithmic Market Making Case - practice server,,167,2026-02-01 04:01:56.989585,SMMR,25.41,25.46,25.6,2316200.0,2224900.0,0,0,0,0
,,,,,,167,2026-02-01 04:01:56.989585,ATMN,25.67,25.88,26.16,2077100.0,1995800.0,0,0,0,0
,,,,,,167,2026-02-01 04:01:56.989585,WNTR,25.18,25.22,25.3,2297800.0,2220200.0,0,0,0,0
2.0,1.0,1.0,,Aggregate Position Limit,Your CRO has set the aggregate position limit to 8000 shares for this week.,168,2026-02-01 04:01:58.061110,SPNG,25.47,25.12,25.47,2500800.0,2233200.0,0,0,0,0
1.0,1.0,1.0,,Welcome to the RITC 2026 Alogithmic Market Making Case - practice server,,168,2026-02-01 04:01:58.061110,SMMR,25.64,25.46,25.64,2310100.0,2242600.0,0,0,0,0
,,,,,,168,2026-02-01 04:01:58.061110,ATMN,25.62,25.62,26.01,2090100.0,2010400.0,0,0,0,0
,,,,,,168,2026-02-01 04:01:58.061110,WNTR,25.17,25.17,25.22,2296400.0,2192300.0,0,0,0,0
2.0,1.0,1.0,,Aggregate Position Limit,Your CRO has set the aggregate position limit to 8000 shares for this week.,169,2026-02-01 04:01:59.101605,SPNG,25.21,25.12,25.21,2500900.0,2177800.0,0,0,0,0
1.0,1.0,1.0,,Welcome to the RITC 2026 Alogithmic Market Making Case - practice server,,169,2026-02-01 04:01:59.101605,SMMR,25.4,25.37,25.39,2336300.0,2227600.0,0,0,0,0
,,,,,,169,2026-02-01 04:01:59.101605,ATMN,25.62,25.65,26.01,2093800.0,2010400.0,0,0,0,0
,,,,,,169,2026-02-01 04:01:59.101605,WNTR,25.19,25.17,25.19,2259500.0,2216200.0,0,0,0,0
2.0,1.0,1.0,,Aggregate Position Limit,Your CRO has set the aggregate position limit to 8000 shares for this week.,170,2026-02-01 04:02:00.118568,SPNG,25.74,25.21,25.28,2499700.0,2217900.0,0,0,0,0
1.0,1.0,1.0,,Welcome to the RITC 2026 Alogithmic Market Making Case - practice server,,170,2026-02-01 04:02:00.118568,SMMR,25.55,25.37,25.46,2336300.0,2205800.0,0,0,0,0
,,,,,,170,2026-02-01 04:02:00.118568,ATMN,26.16,26.23,26.24,2027800.0,2006200.0,0,0,0,0
,,,,,,170,2026-02-01 04:02:00.118568,WNTR,25.29,25.17,25.29,2259500.0,2232800.0,0,0,0,0
2.0,1.0,1.0,,Aggregate Position Limit,Your CRO has set the aggregate position limit to 8000 shares for this week.,171,2026-02-01 04:02:01.158432,SPNG,25.77,25.21,25.34,2499700.0,2280600.0,0,0,0,0
1.0,1.0,1.0,,Welcome to the RITC 2026 Alogithmic Market Making Case - practice server,,171,2026-02-01 04:02:01.158432,SMMR,25.65,25.37,25.65,2336300.0,2245600.0,0,0,0,0
,,,,,,171,2026-02-01 04:02:01.158432,ATMN,26.23,25.65,26.14,2068800.0,1994500.0,0,0,0,0
,,,,,,171,2026-02-01 04:02:01.158432,WNTR,25.16,25.17,25.29,2261600.0,2232800.0,0,0,0,0
2.0,1.0,1.0,,Aggregate Position Limit,Your CRO has set the aggregate position limit to 8000 shares for this week.,172,2026-02-01 04:02:02.187501,SPNG,25.18,25.18,25.34,2502200.0,2280600.0,0,0,0,0
1.0,1.0,1.0,,Welcome to the RITC 2026 Alogithmic Market Making Case - practice server,,172,2026-02-01 04:02:02.187501,SMMR,25.38,25.59,25.65,2320200.0,2245600.0,0,0,0,0
,,,,,,172,2026-02-01 04:02:02.187501,ATMN,26.14,26.16,26.24,2053000.0,2001900.0,0,0,0,0
,,,,,,172,2026-02-01 04:02:02.187501,WNTR,25.31,25.19,25.31,2241700.0,2222200.0,0,0,0,0
2.0,1.0,1.0,,Aggregate Position Limit,Your CRO has set the aggregate position limit to 8000 shares for this week.,173,2026-02-01 04:02:03.225097,SPNG,25.18,25.29,25.34,2480400.0,2265500.0,0,0,0,0
1.0,1.0,1.0,,Welcome to the RITC 2026 Alogithmic Market Making Case - practice server,,173,2026-02-01 04:02:03.225097,SMMR,25.36,25.36,25.65,2365000.0,2259200.0,0,0,0,0
,,,,,,173,2026-02-01 04:02:03.225097,ATMN,26.18,25.65,25.9,2048600.0,1993900.0,0,0,0,0
,,,,,,173,2026-02-01 04:02:03.225097,WNTR,25.17,25.19,25.31,2266200.0,2222200.0,0,0,0,0
2.0,1.0,1.0,,Aggregate Position Limit,Your CRO has set the aggregate position limit to 8000 shares for this week.,174,2026-02-01 04:02:04.256328,SPNG,25.18,25.18,25.34,2523200.0,2265500.0,0,0,0,0
1.0,1.0,1.0,,Welcome to the RITC 2026 Alogithmic Market Making Case - practice server,,174,2026-02-01 04:02:04.256328,SMMR,25.63,25.64,25.65,2340800.0,2259200.0,0,0,0,0
,,,,,,174,2026-02-01 04:02:04.256328,ATMN,26.18,25.88,25.9,2048100.0,1993900.0,0,0,0,0
,,,,,,174,2026-02-01 04:02:04.256328,WNTR,25.13,25.13,25.29,2332600.0,2247600.0,0,0,0,0
2.0,1.0,1.0,,Aggregate Position Limit,Your CRO has set the aggregate position limit to 8000 shares for this week.,175,2026-02-01 04:02:05.291565,SPNG,25.47,25.17,25.47,2483700.0,2265800.0,0,0,0,0
1.0,1.0,1.0,,Welcome to the RITC 2026 Alogithmic Market Making Case - practice server,,175,2026-02-01 04:02:05.291565,SMMR,25.52,25.52,25.54,2357800.0,2240800.0,0,0,0,0
,,,,,,175,2026-02-01 04:02:05.291565,ATMN,26.24,25.88,26.24,2048100.0,2001400.0,0,0,0,0
,,,,,,175,2026-02-01 04:02:05.291565,WNTR,25.29,25.22,25.25,2286700.0,2226500.0,0,0,0,0
2.0,1.0,1.0,,Aggregate Position Limit,Your CRO has set the aggregate position limit to 8000 shares for this week.,176,2026-02-01 04:02:06.325302,SPNG,25.51,25.56,25.77,2513700.0,2236900.0,0,0,0,0
1.0,1.0,1.0,,Welcome to the RITC 2026 Alogithmic Market Making Case - practice server,,176,2026-02-01 04:02:06.325302,SMMR,25.54,25.37,25.54,2330100.0,2240800.0,0,0,0,0
,,,,,,176,2026-02-01 04:02:06.325302,ATMN,25.88,25.8,25.81,2065300.0,2018800.0,0,0,0,0
,,,,,,176,2026-02-01 04:02:06.325302,WNTR,25.29,25.13,25.19,2332600.0,2210300.0,0,0,0,0
2.0,1.0,1.0,,Aggregate Position Limit,Your CRO has set the aggregate position limit to 8000 shares for this week.,177,2026-02-01 04:02:07.358123,SPNG,25.56,25.17,25.2,2483700.0,2244500.0,0,0,0,0
1.0,1.0,1.0,,Welcome to the RITC 2026 Alogithmic Market Making Case - practice server,,177,2026-02-01 04:02:07.358123,SMMR,25.37,25.37,25.61,2330100.0,2224900.0,0,0,0,0
,,,,,,177,2026-02-01 04:02:07.358123,ATMN,25.81,25.83,26.03,2057200.0,2017700.0,0,0,0,0
,,,,,,177,2026-02-01 04:02:07.358123,WNTR,25.19,25.13,25.19,2332600.0,2256100.0,0,0,0,0
2.0,1.0,1.0,,Aggregate Position Limit,Your CRO has set the aggregate position limit to 8000 shares for this week.,178,2026-02-01 04:02:08.393103,SPNG,25.2,25.28,25.58,2523100.0,2226900.0,,,0,0
1.0,1.0,1.0,,Welcome to the RITC 2026 Alogithmic Market Making Case - practice server,,178,2026-02-01 04:02:08.393103,SMMR,25.37,25.4,25.49,2125200.0,1979900.0,10000.0,10000.0,0,0
,,,,,,178,2026-02-01 04:02:08.393103,ATMN,25.89,25.83,25.89,2057200.0,2011100.0,,,0,0
,,,,,,178,2026-02-01 04:02:08.393103,WNTR,25.11,25.15,25.19,2332500.0,2256100.0,,,0,0
2.0,1.0,1.0,,Aggregate Position Limit,Your CRO has set the aggregate position limit to 8000 shares for this week.,179,2026-02-01 04:02:09.428870,SPNG,25.26,25.39,25.57,2500.0,2348100.0,2500.0,2097000.0,0,0
1.0,1.0,1.0,,Welcome to the RITC 2026 Alogithmic Market Making Case - practice server,,179,2026-02-01 04:02:09.428870,SMMR,25.37,25.41,25.48,12500.0,1969400.0,12500.0,1865700.0,0,0
,,,,,,179,2026-02-01 04:02:09.428870,ATMN,25.89,25.89,26.03,,2004600.0,,2017700.0,0,0
,,,,,,179,2026-02-01 04:02:09.428870,WNTR,25.11,25.11,25.25,,2341300.0,,2275800.0,0,0
2.0,1.0,1.0,,Aggregate Position Limit,Your CRO has set the aggregate position limit to 8000 shares for this week.,180,2026-02-01 04:02:10.465526,SPNG,25.39,24.91,24.93,1022000.0,968800.0,5000.0,,0,0
1.0,1.0,1.0,,Welcome to the RITC 2026 Alogithmic Market Making Case - practice server,,180,2026-02-01 04:02:10.465526,SMMR,25.55,25.42,25.48,950500.0,897900.0,10000.0,15000.0,0,0
,,,,,,180,2026-02-01 04:02:10.465526,ATMN,26.03,24.57,25.38,899700.0,700300.0,,,0,0
,,,,,,180,2026-02-01 04:02:10.465526,WNTR,25.54,25.24,25.42,911900.0,1035600.0,,,0,0
2.0,1.0,1.0,,Aggregate Position Limit,Your CRO has set the aggregate position limit to 8000 shares for this week.,181,2026-02-01 04:02:11.500397,SPNG,24.91,24.91,24.93,1062100.0,1070800.0,5000.0,,0,0
1.0,1.0,1.0,,Welcome to the RITC 2026 Alogithmic Market Making Case - practice server,,181,2026-02-01 04:02:11.500397,SMMR,24.91,25.17,25.21,965400.0,1032500.0,17500.0,5000.0,0,0
,,,,,,181,2026-02-01 04:02:11.500397,ATMN,26.03,24.57,25.3,899700.0,1028400.0,,,0,0
,,,,,,181,2026-02-01 04:02:11.500397,WNTR,25.17,25.17,25.44,968400.0,900700.0,,,0,0
2.0,1.0,1.0,,Aggregate Position Limit,Your CRO has set the aggregate position limit to 8000 shares for this week.,182,2026-02-01 04:02:12.533118,SPNG,24.3,24.3,25.45,1121000.0,863800.0,5000.0,,0,0
1.0,1.0,1.0,,Welcome to the RITC 2026 Alogithmic Market Making Case - practice server,,182,2026-02-01 04:02:12.533118,SMMR,25.17,24.92,25.14,965400.0,1485000.0,17500.0,2500.0,0,0
,,,,,,182,2026-02-01 04:02:12.533118,ATMN,24.24,24.24,24.85,916900.0,1244600.0,,,0,0
,,,,,,182,2026-02-01 04:02:12.533118,WNTR,25.45,25.17,25.31,968400.0,1073200.0,,,0,0
2.0,1.0,1.0,,Aggregate Position Limit,Your CRO has set the aggregate position limit to 8000 shares for this week.,183,2026-02-01 04:02:13.573524,SPNG,24.57,24.57,25.45,1250600.0,2500.0,863800.0,5000.0,0,0
1.0,1.0,1.0,,Welcome to the RITC 2026 Alogithmic Market Making Case - practice server,,183,2026-02-01 04:02:13.573524,SMMR,25.17,24.93,24.96,965400.0,5000.0,1731600.0,20000.0,0,0
,,,,,,183,2026-02-01 04:02:13.573524,ATMN,24.24,24.24,24.4,919000.0,,1486400.0,,0,0
,,,,,,183,2026-02-01 04:02:13.573524,WNTR,25.31,25.32,25.34,1136500.0,,1095200.0,,0,0
2.0,1.0,1.0,,Aggregate Position Limit,Your CRO has set the aggregate position limit to 8000 shares for this week.,184,2026-02-01 04:02:14.599173,SPNG,24.57,24.95,25.12,7500.0,1383900.0,10000.0,1051600.0,0,0
1.0,1.0,1.0,,Welcome to the RITC 2026 Alogithmic Market Making Case - practice server,,184,2026-02-01 04:02:14.599173,SMMR,24.91,24.73,24.91,,987500.0,22500.0,1628200.0,0,0
,,,,,,184,2026-02-01 04:02:14.599173,ATMN,23.83,24.06,24.4,,1154600.0,,1486400.0,0,0
,,,,,,184,2026-02-01 04:02:14.599173,WNTR,24.71,25.18,25.41,,1135300.0,,960500.0,0,0
2.0,1.0,1.0,,Aggregate Position Limit,Your CRO has set the aggregate position limit to 8000 shares for this week.,185,2026-02-01 04:02:15.635202,SPNG,25.13,24.57,25.13,1250600.0,2500.0,1179400.0,5000.0,0,0
1.0,1.0,1.0,,Welcome to the RITC 2026 Alogithmic Market Making Case - practice server,,185,2026-02-01 04:02:15.635202,SMMR,24.91,24.74,24.83,1122100.0,2500.0,1526400.0,25000.0,0,0
,,,,,,185,2026-02-01 04:02:15.635202,ATMN,23.83,24.08,24.4,1345900.0,,1677300.0,,0,0
,,,,,,185,2026-02-01 04:02:15.635202,WNTR,24.71,25.18,25.41,1242600.0,,1296800.0,,0,0
2.0,1.0,1.0,,Aggregate Position Limit,Your CRO has set the aggregate position limit to 8000 shares for this week.,186,2026-02-01 04:02:16.667011,SPNG,24.92,24.93,25.13,5000.0,1518300.0,1179400.0,5000.0,0,0
1.0,1.0,1.0,,Welcome to the RITC 2026 Alogithmic Market Making Case - practice server,,186,2026-02-01 04:02:16.667011,SMMR,24.73,24.73,24.91,,987500.0,1629100.0,22500.0,0,0
,,,,,,186,2026-02-01 04:02:16.667011,ATMN,23.83,24.08,24.25,,1345900.0,2006900.0,,0,0
,,,,,,186,2026-02-01 04:02:16.667011,WNTR,25.18,25.18,25.25,,1242600.0,1525700.0,,0,0
2.0,1.0,1.0,,Aggregate Position Limit,Your CRO has set the aggregate position limit to 8000 shares for this week.,187,2026-02-01 04:02:17.716735,SPNG,24.63,24.62,24.63,1494000.0,2500.0,1387900.0,7500.0,0,0
1.0,1.0,1.0,,Welcome to the RITC 2026 Alogithmic Market Making Case - practice server,,187,2026-02-01 04:02:17.716735,SMMR,24.78,24.74,24.78,987500.0,5000.0,1639100.0,22500.0,0,0
,,,,,,187,2026-02-01 04:02:17.716735,ATMN,23.83,24.08,24.12,1632500.0,,2023800.0,,0,0
,,,,,,187,2026-02-01 04:02:17.716735,WNTR,25.32,25.18,25.21,1360900.0,,1646500.0,,0,0
2.0,1.0,1.0,,Aggregate Position Limit,Your CRO has set the aggregate position limit to 8000 shares for this week.,188,2026-02-01 04:02:18.749705,SPNG,24.63,25.09,25.11,1602700.0,2500.0,10000.0,1534700.0,0,0
1.0,1.0,1.0,,Welcome to the RITC 2026 Alogithmic Market Making Case - practice server,,188,2026-02-01 04:02:18.749705,SMMR,24.75,24.74,24.75,1111000.0,5000.0,17500.0,1778900.0,0,0
,,,,,,188,2026-02-01 04:02:18.749705,ATMN,24.12,24.12,24.25,1872100.0,,,2006900.0,0,0
,,,,,,188,2026-02-01 04:02:18.749705,WNTR,25.32,25.18,25.2,1473500.0,,,1849600.0,0,0
2.0,1.0,1.0,,Aggregate Position Limit,Your CRO has set the aggregate position limit to 8000 shares for this week.,189,2026-02-01 04:02:19.780117,SPNG,25.09,24.63,24.98,5000.0,1763300.0,12500.0,1643000.0,0,0
1.0,1.0,1.0,,Welcome to the RITC 2026 Alogithmic Market Making Case - practice server,,189,2026-02-01 04:02:19.780117,SMMR,24.65,24.65,24.75,2500.0,1158400.0,17500.0,1772800.0,0,0
,,,,,,189,2026-02-01 04:02:19.780117,ATMN,24.12,24.12,24.25,,2073100.0,,2006900.0,0,0
,,,,,,189,2026-02-01 04:02:19.780117,WNTR,25.18,25.18,25.2,,1570300.0,,2094300.0,0,0
2.0,1.0,1.0,,Aggregate Position Limit,Your CRO has set the aggregate position limit to 8000 shares for this week.,190,2026-02-01 04:02:20.838740,SPNG,25.25,24.63,25.25,5000.0,1763300.0,1425600.0,5000.0,0,0
1.0,1.0,1.0,,Welcome to the RITC 2026 Alogithmic Market Making Case - practice server,,190,2026-02-01 04:02:20.838740,SMMR,24.87,24.63,24.71,2500.0,1276000.0,1660300.0,20000.0,0,0
,,,,,,190,2026-02-01 04:02:20.838740,ATMN,24.08,24.08,24.4,,1962500.0,1760100.0,,0,0
,,,,,,190,2026-02-01 04:02:20.838740,WNTR,25.26,25.18,25.26,,1570300.0,1982200.0,,0,0
2.0,1.0,1.0,,Aggregate Position Limit,Your CRO has set the aggregate position limit to 8000 shares for this week.,191,2026-02-01 04:02:21.871239,SPNG,25.25,25.25,25.45,1888200.0,7500.0,1297800.0,5000.0,0,0
1.0,1.0,1.0,,Welcome to the RITC 2026 Alogithmic Market Making Case - practice server,,191,2026-02-01 04:02:21.871239,SMMR,24.87,24.63,24.71,1651000.0,5000.0,1660300.0,20000.0,0,0
,,,,,,191,2026-02-01 04:02:21.871239,ATMN,24.41,24.51,24.52,1990800.0,,1565400.0,,0,0
