tick,timestamp,ticker,last_price,bid_price,ask_price,BUY_ANON,SELL_ANON,SELL_LUIS-1,BUY_LUIS-1,BUY_CHUL-1,SELL_CHUL-1,SELL_COLA-6,BUY_COLA-6
0,2026-02-01 09:26:19.444483,SPNG,0.0,0.0,0.0,2074000.0,2356300.0,0,0,0,0,0,0
0,2026-02-01 09:26:19.444483,SMMR,0.0,0.0,0.0,2221100.0,1938400.0,0,0,0,0,0,0
0,2026-02-01 09:26:19.444483,ATMN,24.98,24.98,0.0,2181300.0,2297100.0,0,0,0,0,0,0
0,2026-02-01 09:26:19.444483,WNTR,24.99,24.99,0.0,1433400.0,2038600.0,0,0,0,0,0,0
2.0,1.0,1.0,,Aggregate Position Limit,Your CRO has set the aggregate position limit to 12000 shares for this week.,1,2026-02-01 09:26:20.502232,SPNG,0.0,24.87,25.05,2252300.0,2319800.0,0,0,0,0,0,0
1.0,1.0,1.0,,Welcome to the RITC 2026 Alogithmic Market Making Case - practice server,,1,2026-02-01 09:26:20.502232,SMMR,24.99,24.99,25.07,2229200.0,2033100.0,0,0,0,0,0,0
,,,,,,1,2026-02-01 09:26:20.502232,ATMN,24.65,24.72,25.1,2054000.0,2294000.0,0,0,0,0,0,0
,,,,,,1,2026-02-01 09:26:20.502232,WNTR,24.99,24.99,25.01,1522700.0,2056100.0,0,0,0,0,0,0
2.0,1.0,1.0,,Aggregate Position Limit,Your CRO has set the aggregate position limit to 12000 shares for this week.,2,2026-02-01 09:26:21.522978,SPNG,0.0,24.95,25.05,2178700.0,1500.0,2218200.0,1500.0,,,0,0
1.0,1.0,1.0,,Welcome to the RITC 2026 Alogithmic Market Making Case - practice server,,2,2026-02-01 09:26:21.522978,SMMR,24.89,24.89,25.02,2242100.0,,2141900.0,,,,0,0
,,,,,,2,2026-02-01 09:26:21.522978,ATMN,24.65,24.7,25.34,2045200.0,,2319500.0,,,,0,0
,,,,,,2,2026-02-01 09:26:21.522978,WNTR,25.01,25.01,25.07,1722300.0,3500.0,1960100.0,,5000.0,5000.0,0,0
2.0,1.0,1.0,,Aggregate Position Limit,Your CRO has set the aggregate position limit to 12000 shares for this week.,3,2026-02-01 09:26:22.560847,SPNG,25.05,24.84,25.05,2127100.0,2341400.0,,,,0,0,0
1.0,1.0,1.0,,Welcome to the RITC 2026 Alogithmic Market Making Case - practice server,,3,2026-02-01 09:26:22.560847,SMMR,25.11,24.89,25.11,2268000.0,1910600.0,845.0,,,0,0,0
,,,,,,3,2026-02-01 09:26:22.560847,ATMN,24.65,24.65,25.37,1940100.0,2209300.0,1400.0,,,0,0,0
,,,,,,3,2026-02-01 09:26:22.560847,WNTR,25.09,25.0,25.09,1624300.0,1969600.0,1338.0,1338.0,10000.0,0,0,0
2.0,1.0,1.0,,Aggregate Position Limit,Your CRO has set the aggregate position limit to 12000 shares for this week.,4,2026-02-01 09:26:23.574991,SPNG,25.05,24.84,25.05,2251400.0,2341400.0,,,,0,0,0
1.0,1.0,1.0,,Welcome to the RITC 2026 Alogithmic Market Making Case - practice server,,4,2026-02-01 09:26:23.574991,SMMR,24.97,24.97,25.11,2251000.0,2036300.0,,,,0,0,0
,,,,,,4,2026-02-01 09:26:23.574991,ATMN,25.0,25.0,25.03,2067100.0,2313600.0,,,,0,0,0
,,,,,,4,2026-02-01 09:26:23.574991,WNTR,25.09,25.0,25.07,1720600.0,1972400.0,956.0,5000.0,5000.0,0,0,0
2.0,1.0,1.0,,Aggregate Position Limit,Your CRO has set the aggregate position limit to 12000 shares for this week.,5,2026-02-01 09:26:24.601029,SPNG,25.19,24.84,24.86,2351400.0,2357400.0,,,0,0,0,0
1.0,1.0,1.0,,Welcome to the RITC 2026 Alogithmic Market Making Case - practice server,,5,2026-02-01 09:26:24.601029,SMMR,24.96,24.96,25.14,2244600.0,1941600.0,,,0,0,0,0
,,,,,,5,2026-02-01 09:26:24.601029,ATMN,24.62,24.86,25.03,1900700.0,2310900.0,,,0,0,0,0
,,,,,,5,2026-02-01 09:26:24.601029,WNTR,24.97,24.98,25.07,1707100.0,1856500.0,5000.0,10000.0,0,0,0,0
2.0,1.0,1.0,,Aggregate Position Limit,Your CRO has set the aggregate position limit to 12000 shares for this week.,6,2026-02-01 09:26:25.622557,SPNG,25.32,24.84,25.32,2292900.0,2330500.0,,,,,0,0
1.0,1.0,1.0,,Welcome to the RITC 2026 Alogithmic Market Making Case - practice server,,6,2026-02-01 09:26:25.622557,SMMR,24.89,25.03,25.14,2281200.0,1941600.0,,,,,0,0
,,,,,,6,2026-02-01 09:26:25.622557,ATMN,25.03,24.86,25.03,2184600.0,2310900.0,,,,,0,0
,,,,,,6,2026-02-01 09:26:25.622557,WNTR,25.12,25.0,25.12,1707100.0,1861400.0,1338.0,10000.0,5000.0,1338.0,0,0
2.0,1.0,1.0,,Aggregate Position Limit,Your CRO has set the aggregate position limit to 12000 shares for this week.,7,2026-02-01 09:26:26.641715,SPNG,25.32,25.08,25.19,2290600.0,2338100.0,,,,,0,0
1.0,1.0,1.0,,Welcome to the RITC 2026 Alogithmic Market Making Case - practice server,,7,2026-02-01 09:26:26.641715,SMMR,25.2,25.03,25.2,2281200.0,1927300.0,,,,,0,0
,,,,,,7,2026-02-01 09:26:26.641715,ATMN,25.08,25.11,25.37,2448500.0,2209300.0,,,,,0,0
,,,,,,7,2026-02-01 09:26:26.641715,WNTR,25.12,25.05,25.12,1832800.0,1864300.0,1338.0,10000.0,1338.0,5000.0,0,0
2.0,1.0,1.0,,Aggregate Position Limit,Your CRO has set the aggregate position limit to 12000 shares for this week.,8,2026-02-01 09:26:27.662829,SPNG,25.08,24.84,24.99,2292900.0,2331100.0,,,,,0,0
1.0,1.0,1.0,,Welcome to the RITC 2026 Alogithmic Market Making Case - practice server,,8,2026-02-01 09:26:27.662829,SMMR,24.91,25.04,25.2,2295400.0,2053600.0,982.0,,,,0,0
,,,,,,8,2026-02-01 09:26:27.662829,ATMN,25.08,25.11,25.28,2448500.0,2307300.0,,,,,0,0
,,,,,,8,2026-02-01 09:26:27.662829,WNTR,25.12,25.05,25.09,1747300.0,1846900.0,,956.0,15000.0,10000.0,0,0
2.0,1.0,1.0,,Aggregate Position Limit,Your CRO has set the aggregate position limit to 12000 shares for this week.,9,2026-02-01 09:26:28.682567,SPNG,24.99,24.99,25.14,2309800.0,2324800.0,,,,0,0,0
1.0,1.0,1.0,,Welcome to the RITC 2026 Alogithmic Market Making Case - practice server,,9,2026-02-01 09:26:28.682567,SMMR,25.2,24.91,25.2,2256400.0,1947200.0,,,,0,0,0
,,,,,,9,2026-02-01 09:26:28.682567,ATMN,25.28,24.86,25.28,2475100.0,2307300.0,,,,0,0,0
,,,,,,9,2026-02-01 09:26:28.682567,WNTR,25.05,25.05,25.09,1730200.0,1947100.0,956.0,15000.0,5000.0,0,0,0
2.0,1.0,1.0,,Aggregate Position Limit,Your CRO has set the aggregate position limit to 12000 shares for this week.,10,2026-02-01 09:26:29.692859,SPNG,24.99,24.99,25.07,2186700.0,703.0,2231000.0,703.0,,,0,0
1.0,1.0,1.0,,Welcome to the RITC 2026 Alogithmic Market Making Case - practice server,,10,2026-02-01 09:26:29.692859,SMMR,25.2,24.99,25.2,2172700.0,1063.0,2149200.0,1063.0,,,0,0
,,,,,,10,2026-02-01 09:26:29.692859,ATMN,24.86,24.67,24.74,2459700.0,,2319000.0,,,,0,0
,,,,,,10,2026-02-01 09:26:29.692859,WNTR,25.12,24.99,25.12,1908100.0,,1860700.0,,10000.0,10000.0,0,0
2.0,1.0,1.0,,Aggregate Position Limit,Your CRO has set the aggregate position limit to 12000 shares for this week.,11,2026-02-01 09:26:30.702795,SPNG,24.79,24.79,25.07,2348300.0,2330800.0,,,,,0,0
1.0,1.0,1.0,,Welcome to the RITC 2026 Alogithmic Market Making Case - practice server,,11,2026-02-01 09:26:30.702795,SMMR,25.03,25.04,25.2,2181900.0,2150800.0,1063.0,1063.0,,,0,0
,,,,,,11,2026-02-01 09:26:30.702795,ATMN,24.67,24.92,25.28,2497100.0,2307300.0,,,,,0,0
,,,,,,11,2026-02-01 09:26:30.702795,WNTR,24.99,24.99,25.13,1728800.0,1862500.0,1642.0,1642.0,15000.0,5000.0,0,0
2.0,1.0,1.0,,Aggregate Position Limit,Your CRO has set the aggregate position limit to 12000 shares for this week.,12,2026-02-01 09:26:31.716632,SPNG,24.69,24.69,25.07,2360600.0,2330800.0,,,,,0,0
1.0,1.0,1.0,,Welcome to the RITC 2026 Alogithmic Market Making Case - practice server,,12,2026-02-01 09:26:31.716632,SMMR,24.99,25.11,25.2,2275300.0,2147100.0,759.0,,,,0,0
,,,,,,12,2026-02-01 09:26:31.716632,ATMN,25.28,25.28,25.37,2492900.0,2307500.0,,,,,0,0
,,,,,,12,2026-02-01 09:26:31.716632,WNTR,24.99,24.99,25.1,1817200.0,1944800.0,,1173.0,10000.0,10000.0,0,0
2.0,1.0,1.0,,Aggregate Position Limit,Your CRO has set the aggregate position limit to 12000 shares for this week.,13,2026-02-01 09:26:32.752615,SPNG,25.14,25.06,25.14,2378600.0,2305700.0,,,,,0,0
1.0,1.0,1.0,,Welcome to the RITC 2026 Alogithmic Market Making Case - practice server,,13,2026-02-01 09:26:32.752615,SMMR,24.99,25.11,25.17,2275300.0,2140000.0,587.0,,,,0,0
,,,,,,13,2026-02-01 09:26:32.752615,ATMN,25.28,25.28,25.37,2492900.0,2342800.0,,,,,0,0
,,,,,,13,2026-02-01 09:26:32.752615,WNTR,24.97,24.99,25.09,1902500.0,1944800.0,,1173.0,5000.0,10000.0,0,0
2.0,1.0,1.0,,Aggregate Position Limit,Your CRO has set the aggregate position limit to 12000 shares for this week.,14,2026-02-01 09:26:33.791899,SPNG,25.06,25.06,25.14,2363600.0,2305700.0,,,,,0,0
1.0,1.0,1.0,,Welcome to the RITC 2026 Alogithmic Market Making Case - practice server,,14,2026-02-01 09:26:33.791899,SMMR,25.11,25.05,25.1,2172700.0,2161100.0,821.0,821.0,,,0,0
,,,,,,14,2026-02-01 09:26:33.791899,ATMN,25.11,24.67,25.09,2459700.0,2365600.0,,,,,0,0
,,,,,,14,2026-02-01 09:26:33.791899,WNTR,25.1,24.97,25.1,1932200.0,2044800.0,,,5000.0,5000.0,0,0
2.0,1.0,1.0,,Aggregate Position Limit,Your CRO has set the aggregate position limit to 12000 shares for this week.,15,2026-02-01 09:26:34.821935,SPNG,25.19,24.85,25.19,2327000.0,2299200.0,,,,0,0,0
1.0,1.0,1.0,,Welcome to the RITC 2026 Alogithmic Market Making Case - practice server,,15,2026-02-01 09:26:34.821935,SMMR,25.05,24.99,25.02,2276000.0,2281300.0,,,,0,0,0
,,,,,,15,2026-02-01 09:26:34.821935,ATMN,25.04,24.95,25.04,2498700.0,2372700.0,,,,0,0,0
,,,,,,15,2026-02-01 09:26:34.821935,WNTR,25.1,24.97,25.08,1900100.0,2033700.0,5000.0,2015.0,5000.0,0,0,0
2.0,1.0,1.0,,Aggregate Position Limit,Your CRO has set the aggregate position limit to 12000 shares for this week.,16,2026-02-01 09:26:35.854597,SPNG,25.34,24.85,25.34,2327000.0,2258300.0,,,,0,0,0
1.0,1.0,1.0,,Welcome to the RITC 2026 Alogithmic Market Making Case - practice server,,16,2026-02-01 09:26:35.854597,SMMR,25.02,25.08,25.1,2275600.0,2293100.0,,,,0,0,0
,,,,,,16,2026-02-01 09:26:35.854597,ATMN,25.18,24.95,25.18,2498700.0,2363100.0,,,,0,0,0
,,,,,,16,2026-02-01 09:26:35.854597,WNTR,25.08,24.97,25.1,1930900.0,1942900.0,5000.0,1705.0,10000.0,0,0,0
2.0,1.0,1.0,,Aggregate Position Limit,Your CRO has set the aggregate position limit to 12000 shares for this week.,17,2026-02-01 09:26:36.880497,SPNG,25.34,24.96,25.17,2314000.0,2264300.0,,,0,0,0,0
1.0,1.0,1.0,,Welcome to the RITC 2026 Alogithmic Market Making Case - practice server,,17,2026-02-01 09:26:36.880497,SMMR,24.87,25.03,25.1,2234900.0,2293100.0,,,0,0,0,0
,,,,,,17,2026-02-01 09:26:36.880497,ATMN,25.18,24.95,25.18,2498700.0,2354500.0,,,0,0,0,0
,,,,,,17,2026-02-01 09:26:36.880497,WNTR,24.97,24.97,25.1,2021000.0,1932600.0,1274.0,10000.0,0,0,0,0
2.0,1.0,1.0,,Aggregate Position Limit,Your CRO has set the aggregate position limit to 12000 shares for this week.,18,2026-02-01 09:26:37.913003,SPNG,25.24,24.9,25.24,2345000.0,2251300.0,,,,0,0,0
1.0,1.0,1.0,,Welcome to the RITC 2026 Alogithmic Market Making Case - practice server,,18,2026-02-01 09:26:37.913003,SMMR,24.87,25.03,25.05,2254300.0,2253900.0,,,,0,0,0
,,,,,,18,2026-02-01 09:26:37.913003,ATMN,25.25,24.95,25.25,2310600.0,2317800.0,955.0,,,0,0,0
,,,,,,18,2026-02-01 09:26:37.913003,WNTR,25.12,24.96,25.12,1911800.0,1915200.0,1274.0,5000.0,10000.0,0,0,0
2.0,1.0,1.0,,Aggregate Position Limit,Your CRO has set the aggregate position limit to 12000 shares for this week.,19,2026-02-01 09:26:38.934709,SPNG,25.37,24.9,24.98,2350100.0,2269000.0,,,,0,0,0
1.0,1.0,1.0,,Welcome to the RITC 2026 Alogithmic Market Making Case - practice server,,19,2026-02-01 09:26:38.934709,SMMR,25.03,25.03,25.05,2264300.0,2148600.0,527.0,,,0,0,0
,,,,,,19,2026-02-01 09:26:38.934709,ATMN,25.2,25.2,25.25,2443000.0,2317300.0,,,,0,0,0
,,,,,,19,2026-02-01 09:26:38.934709,WNTR,25.12,25.05,25.12,2002800.0,1915200.0,,5000.0,10000.0,0,0,0
2.0,1.0,1.0,,Aggregate Position Limit,Your CRO has set the aggregate position limit to 12000 shares for this week.,20,2026-02-01 09:26:39.960881,SPNG,25.37,24.85,24.94,2356900.0,2293000.0,,,,0,0,0
1.0,1.0,1.0,,Welcome to the RITC 2026 Alogithmic Market Making Case - practice server,,20,2026-02-01 09:26:39.960881,SMMR,24.99,24.99,25.05,2251500.0,2261700.0,,,,0,0,0
,,,,,,20,2026-02-01 09:26:39.960881,ATMN,24.62,24.62,25.22,2429500.0,2329400.0,,,,0,0,0
,,,,,,20,2026-02-01 09:26:39.960881,WNTR,25.05,24.96,24.99,1895400.0,1927200.0,10000.0,2188.0,5000.0,0,0,0
2.0,1.0,1.0,,Aggregate Position Limit,Your CRO has set the aggregate position limit to 12000 shares for this week.,21,2026-02-01 09:26:40.982905,SPNG,24.94,24.85,24.94,2296500.0,2293000.0,,,,,0,0
1.0,1.0,1.0,,Welcome to the RITC 2026 Alogithmic Market Making Case - practice server,,21,2026-02-01 09:26:40.982905,SMMR,25.1,24.99,25.05,2136200.0,2143100.0,738.0,738.0,,,0,0
,,,,,,21,2026-02-01 09:26:40.982905,ATMN,25.22,25.1,25.22,2448300.0,2329400.0,,,,,0,0
,,,,,,21,2026-02-01 09:26:40.982905,WNTR,24.99,25.1,25.11,1851100.0,1896600.0,,,10000.0,10000.0,0,0
2.0,1.0,1.0,,Aggregate Position Limit,Your CRO has set the aggregate position limit to 12000 shares for this week.,22,2026-02-01 09:26:42.002746,SPNG,25.38,24.85,25.38,2323000.0,2261000.0,,,,0,0,0
1.0,1.0,1.0,,Welcome to the RITC 2026 Alogithmic Market Making Case - practice server,,22,2026-02-01 09:26:42.002746,SMMR,25.17,24.99,25.05,2227900.0,2239100.0,,,,0,0,0
,,,,,,22,2026-02-01 09:26:42.002746,ATMN,25.02,25.11,25.22,2445700.0,2329400.0,,,,0,0,0
,,,,,,22,2026-02-01 09:26:42.002746,WNTR,25.04,25.04,25.07,1765800.0,1895600.0,2881.0,10000.0,10000.0,0,0,0
2.0,1.0,1.0,,Aggregate Position Limit,Your CRO has set the aggregate position limit to 12000 shares for this week.,23,2026-02-01 09:26:43.022876,SPNG,25.1,25.1,25.38,2348400.0,2266900.0,,,,0,0,0
1.0,1.0,1.0,,Welcome to the RITC 2026 Alogithmic Market Making Case - practice server,,23,2026-02-01 09:26:43.022876,SMMR,25.01,24.99,25.01,2227900.0,2234100.0,,,,0,0,0
,,,,,,23,2026-02-01 09:26:43.022876,ATMN,25.22,25.24,25.25,2418500.0,2309400.0,,,,0,0,0
,,,,,,23,2026-02-01 09:26:43.022876,WNTR,25.0,24.96,25.0,1917300.0,1675600.0,10000.0,2017.0,15000.0,0,0,0
2.0,1.0,1.0,,Aggregate Position Limit,Your CRO has set the aggregate position limit to 12000 shares for this week.,24,2026-02-01 09:26:44.036489,SPNG,25.38,24.58,25.38,2341200.0,2266900.0,,,,0,0,0
1.0,1.0,1.0,,Welcome to the RITC 2026 Alogithmic Market Making Case - practice server,,24,2026-02-01 09:26:44.036489,SMMR,25.08,25.08,25.17,2194900.0,2245300.0,,,,0,0,0
,,,,,,24,2026-02-01 09:26:44.036489,ATMN,25.25,24.8,25.25,2435800.0,2334900.0,,,,0,0,0
,,,,,,24,2026-02-01 09:26:44.036489,WNTR,25.07,24.95,25.07,2026600.0,1659800.0,5000.0,983.0,15000.0,0,0,0
2.0,1.0,1.0,,Aggregate Position Limit,Your CRO has set the aggregate position limit to 12000 shares for this week.,26,2026-02-01 09:26:45.086902,SPNG,24.59,25.07,25.38,2341700.0,2253100.0,,,,,0,0
1.0,1.0,1.0,,Welcome to the RITC 2026 Alogithmic Market Making Case - practice server,,26,2026-02-01 09:26:45.086902,SMMR,25.01,25.01,25.19,2207100.0,2251000.0,,,,,0,0
,,,,,,26,2026-02-01 09:26:45.086902,ATMN,24.8,24.8,25.25,2435800.0,2309100.0,,,,,0,0
,,,,,,26,2026-02-01 09:26:45.086902,WNTR,25.05,24.95,25.05,1914600.0,1783100.0,1376.0,5000.0,1376.0,10000.0,0,0
2.0,1.0,1.0,,Aggregate Position Limit,Your CRO has set the aggregate position limit to 12000 shares for this week.,27,2026-02-01 09:26:46.133903,SPNG,25.05,24.58,25.05,2341200.0,2268800.0,,,,0,0,0
1.0,1.0,1.0,,Welcome to the RITC 2026 Alogithmic Market Making Case - practice server,,27,2026-02-01 09:26:46.133903,SMMR,25.01,25.11,25.19,2084800.0,2137600.0,1258.0,1258.0,,0,0,0
,,,,,,27,2026-02-01 09:26:46.133903,ATMN,24.63,24.63,25.26,2423900.0,2337300.0,,,,0,0,0
,,,,,,27,2026-02-01 09:26:46.133903,WNTR,24.9,24.9,25.02,1964100.0,1666300.0,643.0,939.0,15000.0,0,0,0
2.0,1.0,1.0,,Aggregate Position Limit,Your CRO has set the aggregate position limit to 12000 shares for this week.,28,2026-02-01 09:26:47.149217,SPNG,25.05,24.58,25.05,2216800.0,799.0,2169000.0,799.0,,,0,0
1.0,1.0,1.0,,Welcome to the RITC 2026 Alogithmic Market Making Case - practice server,,28,2026-02-01 09:26:47.149217,SMMR,25.2,25.01,25.2,2207100.0,,2271800.0,,,,0,0
,,,,,,28,2026-02-01 09:26:47.149217,ATMN,24.63,25.23,25.26,2373900.0,,2337300.0,,,,0,0
,,,,,,28,2026-02-01 09:26:47.149217,WNTR,25.05,24.95,25.02,1932100.0,1237.0,1566700.0,1237.0,5000.0,25000.0,0,0
2.0,1.0,1.0,,Aggregate Position Limit,Your CRO has set the aggregate position limit to 12000 shares for this week.,29,2026-02-01 09:26:48.174526,SPNG,25.05,24.58,25.05,2202300.0,799.0,2169000.0,799.0,,0,0,0
1.0,1.0,1.0,,Welcome to the RITC 2026 Alogithmic Market Making Case - practice server,,29,2026-02-01 09:26:48.174526,SMMR,24.94,24.94,25.01,2287200.0,,2255700.0,,,0,0,0
,,,,,,29,2026-02-01 09:26:48.174526,ATMN,24.68,25.05,25.26,2424900.0,,2305800.0,,,0,0,0
,,,,,,29,2026-02-01 09:26:48.174526,WNTR,24.86,24.86,25.02,1970500.0,,1566700.0,884.0,25000.0,0,0,0
2.0,1.0,1.0,,Aggregate Position Limit,Your CRO has set the aggregate position limit to 12000 shares for this week.,30,2026-02-01 09:26:49.202993,SPNG,25.05,24.82,25.05,2232100.0,1141.0,2169000.0,1141.0,,,0,0
1.0,1.0,1.0,,Welcome to the RITC 2026 Alogithmic Market Making Case - practice server,,30,2026-02-01 09:26:49.202993,SMMR,24.94,24.94,25.01,2144900.0,1797.0,2144200.0,1797.0,,,0,0
,,,,,,30,2026-02-01 09:26:49.202993,ATMN,24.62,24.86,25.26,2437300.0,,2305800.0,,,,0,0
,,,,,,30,2026-02-01 09:26:49.202993,WNTR,24.85,24.86,25.07,1864600.0,2329.0,1794500.0,2329.0,5000.0,10000.0,0,0
2.0,1.0,1.0,,Aggregate Position Limit,Your CRO has set the aggregate position limit to 12000 shares for this week.,31,2026-02-01 09:26:50.230225,SPNG,25.05,24.82,24.98,2342800.0,2328800.0,,,,,0,0
1.0,1.0,1.0,,Welcome to the RITC 2026 Alogithmic Market Making Case - practice server,,31,2026-02-01 09:26:50.230225,SMMR,24.96,24.96,25.01,2138700.0,2144200.0,1797.0,1797.0,,,0,0
,,,,,,31,2026-02-01 09:26:50.230225,ATMN,25.15,25.19,25.3,2456800.0,2329100.0,,,,,0,0
,,,,,,31,2026-02-01 09:26:50.230225,WNTR,25.09,24.94,24.95,1971900.0,1913900.0,,,10000.0,10000.0,0,0
2.0,1.0,1.0,,Aggregate Position Limit,Your CRO has set the aggregate position limit to 12000 shares for this week.,32,2026-02-01 09:26:51.263650,SPNG,25.05,24.82,24.98,2258500.0,1141.0,2229500.0,1141.0,,,0,0
1.0,1.0,1.0,,Welcome to the RITC 2026 Alogithmic Market Making Case - practice server,,32,2026-02-01 09:26:51.263650,SMMR,24.96,24.96,25.01,2123000.0,1797.0,2144200.0,1797.0,,,0,0
,,,,,,32,2026-02-01 09:26:51.263650,ATMN,25.36,24.86,25.36,2455800.0,,2314700.0,,,,0,0
,,,,,,32,2026-02-01 09:26:51.263650,WNTR,24.95,24.94,24.95,1971900.0,,1818100.0,,10000.0,15000.0,0,0
2.0,1.0,1.0,,Aggregate Position Limit,Your CRO has set the aggregate position limit to 12000 shares for this week.,33,2026-02-01 09:26:52.295438,SPNG,25.24,24.82,25.24,2355000.0,2272100.0,,,,,0,0
1.0,1.0,1.0,,Welcome to the RITC 2026 Alogithmic Market Making Case - practice server,,33,2026-02-01 09:26:52.295438,SMMR,24.96,24.99,25.0,2233700.0,2266800.0,,,,,0,0
,,,,,,33,2026-02-01 09:26:52.295438,ATMN,24.62,24.86,24.91,2318900.0,2186000.0,1911.0,1911.0,,,0,0
,,,,,,33,2026-02-01 09:26:52.295438,WNTR,24.95,24.99,25.05,1922600.0,1802300.0,,,10000.0,15000.0,0,0
2.0,1.0,1.0,,Aggregate Position Limit,Your CRO has set the aggregate position limit to 12000 shares for this week.,34,2026-02-01 09:26:53.322917,SPNG,25.36,24.58,25.36,2322700.0,2261700.0,,,,,0,0
1.0,1.0,1.0,,Welcome to the RITC 2026 Alogithmic Market Making Case - practice server,,34,2026-02-01 09:26:53.322917,SMMR,24.99,24.99,25.0,2113000.0,2162700.0,1797.0,1797.0,,,0,0
,,,,,,34,2026-02-01 09:26:53.322917,ATMN,24.99,24.62,24.9,2414700.0,2320800.0,,,,,0,0
,,,,,,34,2026-02-01 09:26:53.322917,WNTR,24.94,24.94,25.06,1834300.0,1783600.0,,,15000.0,15000.0,0,0
2.0,1.0,1.0,,Aggregate Position Limit,Your CRO has set the aggregate position limit to 12000 shares for this week.,35,2026-02-01 09:26:54.350772,SPNG,25.36,25.21,25.3,2314600.0,2263300.0,,,,,0,0
1.0,1.0,1.0,,Welcome to the RITC 2026 Alogithmic Market Making Case - practice server,,35,2026-02-01 09:26:54.350772,SMMR,25.0,24.96,25.0,2270700.0,2263800.0,,,,,0,0
,,,,,,35,2026-02-01 09:26:54.350772,ATMN,24.9,24.97,25.28,2455500.0,2312600.0,,,,,0,0
,,,,,,35,2026-02-01 09:26:54.350772,WNTR,24.94,25.02,25.06,1810700.0,1560800.0,3086.0,10000.0,3086.0,20000.0,0,0
2.0,1.0,1.0,,Aggregate Position Limit,Your CRO has set the aggregate position limit to 12000 shares for this week.,36,2026-02-01 09:26:55.383606,SPNG,25.1,25.1,25.15,2315400.0,2276300.0,,,,,0,0
1.0,1.0,1.0,,Welcome to the RITC 2026 Alogithmic Market Making Case - practice server,,36,2026-02-01 09:26:55.383606,SMMR,24.94,24.94,25.0,2171000.0,2137100.0,1797.0,1797.0,,,0,0
,,,,,,36,2026-02-01 09:26:55.383606,ATMN,24.62,24.62,25.36,2408800.0,2295300.0,,,,,0,0
,,,,,,36,2026-02-01 09:26:55.383606,WNTR,25.1,25.02,25.07,1722300.0,1768300.0,3086.0,3086.0,15000.0,10000.0,0,0
2.0,1.0,1.0,,Aggregate Position Limit,Your CRO has set the aggregate position limit to 12000 shares for this week.,37,2026-02-01 09:26:56.416680,SPNG,25.1,25.08,25.1,954.0,2210500.0,2207500.0,954.0,,,0,0
1.0,1.0,1.0,,Welcome to the RITC 2026 Alogithmic Market Making Case - practice server,,37,2026-02-01 09:26:56.416680,SMMR,24.91,24.91,25.0,,2288100.0,2137100.0,1258.0,,,0,0
,,,,,,37,2026-02-01 09:26:56.416680,ATMN,24.69,24.78,25.36,,2441900.0,2295300.0,,,,0,0
,,,,,,37,2026-02-01 09:26:56.416680,WNTR,24.94,24.85,24.88,,1953200.0,1831200.0,2054.0,10000.0,10000.0,0,0
2.0,1.0,1.0,,Aggregate Position Limit,Your CRO has set the aggregate position limit to 12000 shares for this week.,38,2026-02-01 09:26:57.451749,SPNG,25.08,24.58,24.8,2319900.0,2323100.0,,,,,0,0
1.0,1.0,1.0,,Welcome to the RITC 2026 Alogithmic Market Making Case - practice server,,38,2026-02-01 09:26:57.451749,SMMR,24.91,24.91,25.0,2153200.0,2144100.0,1389.0,1389.0,,,0,0
,,,,,,38,2026-02-01 09:26:57.451749,ATMN,24.69,24.78,25.28,2441900.0,2278600.0,,,,,0,0
,,,,,,38,2026-02-01 09:26:57.451749,WNTR,24.83,24.83,25.12,1989900.0,2046500.0,,,10000.0,5000.0,0,0
2.0,1.0,1.0,,Aggregate Position Limit,Your CRO has set the aggregate position limit to 12000 shares for this week.,39,2026-02-01 09:26:58.470443,SPNG,25.1,24.58,25.1,2322000.0,2344100.0,,,,0,0,0
1.0,1.0,1.0,,Welcome to the RITC 2026 Alogithmic Market Making Case - practice server,,39,2026-02-01 09:26:58.470443,SMMR,24.94,24.94,25.0,2139500.0,2144100.0,1705.0,1705.0,,0,0,0
,,,,,,39,2026-02-01 09:26:58.470443,ATMN,24.66,24.66,24.96,2434500.0,2237700.0,,,,0,0,0
,,,,,,39,2026-02-01 09:26:58.470443,WNTR,24.86,24.99,25.19,1971200.0,2104100.0,,,10000.0,0,0,0
2.0,1.0,1.0,,Aggregate Position Limit,Your CRO has set the aggregate position limit to 12000 shares for this week.,40,2026-02-01 09:26:59.503178,SPNG,24.8,24.8,25.3,2356900.0,2251300.0,,,,,0,0
1.0,1.0,1.0,,Welcome to the RITC 2026 Alogithmic Market Making Case - practice server,,40,2026-02-01 09:26:59.503178,SMMR,25.06,24.94,25.01,2129700.0,2154700.0,2257.0,2257.0,,,0,0
,,,,,,40,2026-02-01 09:26:59.503178,ATMN,25.06,25.06,25.11,2335400.0,2248300.0,1911.0,,,,0,0
,,,,,,40,2026-02-01 09:26:59.503178,WNTR,25.19,24.99,25.06,1876300.0,2021100.0,,,15000.0,5000.0,0,0
2.0,1.0,1.0,,Aggregate Position Limit,Your CRO has set the aggregate position limit to 12000 shares for this week.,41,2026-02-01 09:27:00.569985,SPNG,24.58,24.58,25.3,2322000.0,2273000.0,,,,,0,0
1.0,1.0,1.0,,Welcome to the RITC 2026 Alogithmic Market Making Case - practice server,,41,2026-02-01 09:27:00.569985,SMMR,25.09,24.94,25.09,2101400.0,2176700.0,2011.0,2011.0,,,0,0
,,,,,,41,2026-02-01 09:27:00.569985,ATMN,25.28,24.68,25.28,2442300.0,2278600.0,,,,,0,0
,,,,,,41,2026-02-01 09:27:00.569985,WNTR,25.18,24.99,25.01,1876300.0,1937400.0,,,15000.0,10000.0,0,0
2.0,1.0,1.0,,Aggregate Position Limit,Your CRO has set the aggregate position limit to 12000 shares for this week.,42,2026-02-01 09:27:01.604914,SPNG,24.62,24.58,24.62,2322000.0,2312100.0,,,0,0,0,0
1.0,1.0,1.0,,Welcome to the RITC 2026 Alogithmic Market Making Case - practice server,,42,2026-02-01 09:27:01.604914,SMMR,25.06,25.06,25.09,2206200.0,2297300.0,,,0,0,0,0
,,,,,,42,2026-02-01 09:27:01.604914,ATMN,24.67,24.84,25.28,2449500.0,2259700.0,,,0,0,0,0
,,,,,,42,2026-02-01 09:27:01.604914,WNTR,24.92,24.94,25.01,1869500.0,1937400.0,15000.0,10000.0,0,0,0,0
2.0,1.0,1.0,,Aggregate Position Limit,Your CRO has set the aggregate position limit to 12000 shares for this week.,43,2026-02-01 09:27:02.632605,SPNG,25.07,24.58,25.07,2329800.0,2272300.0,,,0,0,0,0
1.0,1.0,1.0,,Welcome to the RITC 2026 Alogithmic Market Making Case - practice server,,43,2026-02-01 09:27:02.632605,SMMR,25.0,25.04,25.09,2199000.0,2297300.0,,,0,0,0,0
,,,,,,43,2026-02-01 09:27:02.632605,ATMN,24.67,24.84,24.93,2449500.0,2290000.0,,,0,0,0,0
,,,,,,43,2026-02-01 09:27:02.632605,WNTR,24.92,24.94,25.01,1768800.0,1937400.0,20000.0,10000.0,0,0,0,0
2.0,1.0,1.0,,Aggregate Position Limit,Your CRO has set the aggregate position limit to 12000 shares for this week.,44,2026-02-01 09:27:03.662745,SPNG,25.07,24.58,24.88,2220300.0,984.0,2143700.0,984.0,,,0,0
1.0,1.0,1.0,,Welcome to the RITC 2026 Alogithmic Market Making Case - practice server,,44,2026-02-01 09:27:03.662745,SMMR,24.91,24.91,25.09,2186000.0,,2297300.0,,,,0,0
,,,,,,44,2026-02-01 09:27:03.662745,ATMN,25.08,24.84,25.08,2449500.0,,2294100.0,,,,0,0
,,,,,,44,2026-02-01 09:27:03.662745,WNTR,24.87,24.87,25.17,1654100.0,1301.0,1958000.0,,20000.0,10000.0,0,0
2.0,1.0,1.0,,Aggregate Position Limit,Your CRO has set the aggregate position limit to 12000 shares for this week.,45,2026-02-01 09:27:04.679361,SPNG,25.27,24.58,25.27,2329800.0,2249500.0,,,0,0,0,0
1.0,1.0,1.0,,Welcome to the RITC 2026 Alogithmic Market Making Case - practice server,,45,2026-02-01 09:27:04.679361,SMMR,24.9,24.9,25.24,2221200.0,2278200.0,,,0,0,0,0
,,,,,,45,2026-02-01 09:27:04.679361,ATMN,24.57,24.57,25.18,2394200.0,2324700.0,,,0,0,0,0
,,,,,,45,2026-02-01 09:27:04.679361,WNTR,24.85,25.03,25.17,1755100.0,1958000.0,20000.0,10000.0,0,0,0,0
2.0,1.0,1.0,,Aggregate Position Limit,Your CRO has set the aggregate position limit to 12000 shares for this week.,46,2026-02-01 09:27:05.702625,SPNG,24.53,25.14,25.27,2295700.0,2249500.0,,,,,0,0
1.0,1.0,1.0,,Welcome to the RITC 2026 Alogithmic Market Making Case - practice server,,46,2026-02-01 09:27:05.702625,SMMR,24.89,24.89,25.16,2105100.0,2141300.0,1580.0,1580.0,,,0,0
,,,,,,46,2026-02-01 09:27:05.702625,ATMN,24.57,24.57,24.8,2411800.0,2320900.0,,,,,0,0
,,,,,,46,2026-02-01 09:27:05.702625,WNTR,25.03,25.03,25.04,1852700.0,1965700.0,,,15000.0,10000.0,0,0
2.0,1.0,1.0,,Aggregate Position Limit,Your CRO has set the aggregate position limit to 12000 shares for this week.,47,2026-02-01 09:27:06.741023,SPNG,24.53,24.48,24.52,2281000.0,2245100.0,,,,,0,0
1.0,1.0,1.0,,Welcome to the RITC 2026 Alogithmic Market Making Case - practice server,,47,2026-02-01 09:27:06.741023,SMMR,24.89,24.89,25.08,2121800.0,2114700.0,1106.0,1106.0,,,0,0
,,,,,,47,2026-02-01 09:27:06.741023,ATMN,24.8,24.72,24.8,2263800.0,2203200.0,1415.0,1415.0,,,0,0
,,,,,,47,2026-02-01 09:27:06.741023,WNTR,25.04,24.9,25.04,1864000.0,1857200.0,,,15000.0,15000.0,0,0
2.0,1.0,1.0,,Aggregate Position Limit,Your CRO has set the aggregate position limit to 12000 shares for this week.,48,2026-02-01 09:27:07.782727,SPNG,24.52,24.48,24.52,2322900.0,2245100.0,,,,,0,0
1.0,1.0,1.0,,Welcome to the RITC 2026 Alogithmic Market Making Case - practice server,,48,2026-02-01 09:27:07.782727,SMMR,24.89,24.89,24.99,2254000.0,2242800.0,,,,,0,0
,,,,,,48,2026-02-01 09:27:07.782727,ATMN,24.85,24.72,24.83,2403700.0,2357500.0,,,,,0,0
,,,,,,48,2026-02-01 09:27:07.782727,WNTR,25.01,24.9,25.01,1766400.0,1970100.0,2105.0,15000.0,2105.0,5000.0,0,0
2.0,1.0,1.0,,Aggregate Position Limit,Your CRO has set the aggregate position limit to 12000 shares for this week.,49,2026-02-01 09:27:08.832528,SPNG,24.6,24.84,25.26,2328100.0,2227300.0,,,0,0,0,0
1.0,1.0,1.0,,Welcome to the RITC 2026 Alogithmic Market Making Case - practice server,,49,2026-02-01 09:27:08.832528,SMMR,24.99,24.88,24.99,2222300.0,2242800.0,,,0,0,0,0
,,,,,,49,2026-02-01 09:27:08.832528,ATMN,24.83,25.11,25.18,2365200.0,2324700.0,,,0,0,0,0
,,,,,,49,2026-02-01 09:27:08.832528,WNTR,24.87,24.93,25.01,1979800.0,2078600.0,10000.0,5000.0,0,0,0,0
2.0,1.0,1.0,,Aggregate Position Limit,Your CRO has set the aggregate position limit to 12000 shares for this week.,50,2026-02-01 09:27:09.864868,SPNG,24.84,24.49,24.56,2340000.0,2258200.0,,,0,0,0,0
1.0,1.0,1.0,,Welcome to the RITC 2026 Alogithmic Market Making Case - practice server,,50,2026-02-01 09:27:09.864868,SMMR,24.99,24.91,24.99,2243500.0,2242800.0,,,0,0,0,0
,,,,,,50,2026-02-01 09:27:09.864868,ATMN,24.97,24.72,24.96,2391900.0,2347200.0,,,0,0,0,0
,,,,,,50,2026-02-01 09:27:09.864868,WNTR,24.87,24.93,24.99,1959400.0,1956800.0,10000.0,10000.0,0,0,0,0
2.0,1.0,1.0,,Aggregate Position Limit,Your CRO has set the aggregate position limit to 12000 shares for this week.,51,2026-02-01 09:27:10.904997,SPNG,24.48,24.69,25.26,2317500.0,2227300.0,,,,0,0,0
1.0,1.0,1.0,,Welcome to the RITC 2026 Alogithmic Market Making Case - practice server,,51,2026-02-01 09:27:10.904997,SMMR,24.88,24.88,24.99,2208900.0,2121700.0,790.0,,,0,0,0
,,,,,,51,2026-02-01 09:27:10.904997,ATMN,25.0,25.0,25.02,2399000.0,2323800.0,,,,0,0,0
,,,,,,51,2026-02-01 09:27:10.904997,WNTR,25.04,25.07,25.11,1834600.0,2088800.0,,15000.0,5000.0,0,0,0
2.0,1.0,1.0,,Aggregate Position Limit,Your CRO has set the aggregate position limit to 12000 shares for this week.,52,2026-02-01 09:27:11.952951,SPNG,24.62,24.93,25.26,2330600.0,2227300.0,,,,0,0,0
1.0,1.0,1.0,,Welcome to the RITC 2026 Alogithmic Market Making Case - practice server,,52,2026-02-01 09:27:11.952951,SMMR,24.99,25.05,25.08,2199200.0,2241400.0,,,,0,0,0
,,,,,,52,2026-02-01 09:27:11.952951,ATMN,25.0,25.0,25.02,2258500.0,2337800.0,579.0,,,0,0,0
,,,,,,52,2026-02-01 09:27:11.952951,WNTR,24.93,24.88,24.9,1858300.0,1907800.0,,15000.0,10000.0,0,0,0
2.0,1.0,1.0,,Aggregate Position Limit,Your CRO has set the aggregate position limit to 12000 shares for this week.,53,2026-02-01 09:27:13.001162,SPNG,24.97,24.93,24.97,2316800.0,2250400.0,,,,,0,0
1.0,1.0,1.0,,Welcome to the RITC 2026 Alogithmic Market Making Case - practice server,,53,2026-02-01 09:27:13.001162,SMMR,25.13,25.04,25.13,2038400.0,2268000.0,1285.0,,,,0,0
,,,,,,53,2026-02-01 09:27:13.001162,ATMN,25.0,24.72,24.9,2383400.0,2199500.0,,811.0,,,0,0
,,,,,,53,2026-02-01 09:27:13.001162,WNTR,25.11,25.0,25.06,1632500.0,1951800.0,1672.0,1672.0,20000.0,5000.0,0,0
2.0,1.0,1.0,,Aggregate Position Limit,Your CRO has set the aggregate position limit to 12000 shares for this week.,54,2026-02-01 09:27:14.042978,SPNG,25.26,24.93,25.26,2315600.0,2227300.0,,,,0,0,0
1.0,1.0,1.0,,Welcome to the RITC 2026 Alogithmic Market Making Case - practice server,,54,2026-02-01 09:27:14.042978,SMMR,24.99,24.99,25.08,2198200.0,2146200.0,1285.0,,,0,0,0
,,,,,,54,2026-02-01 09:27:14.042978,ATMN,24.9,24.74,24.9,2413300.0,2332300.0,,,,0,0,0
,,,,,,54,2026-02-01 09:27:14.042978,WNTR,25.11,25.01,25.06,1484400.0,2031000.0,1672.0,30000.0,1672.0,0,0,0
2.0,1.0,1.0,,Aggregate Position Limit,Your CRO has set the aggregate position limit to 12000 shares for this week.,55,2026-02-01 09:27:15.091972,SPNG,24.82,24.82,25.26,2331600.0,2253100.0,,,,0,0,0
1.0,1.0,1.0,,Welcome to the RITC 2026 Alogithmic Market Making Case - practice server,,55,2026-02-01 09:27:15.091972,SMMR,24.88,24.88,25.08,2209300.0,2146200.0,1285.0,,,0,0,0
,,,,,,55,2026-02-01 09:27:15.091972,ATMN,24.72,24.72,24.9,2438000.0,2332300.0,,,,0,0,0
,,,,,,55,2026-02-01 09:27:15.091972,WNTR,25.11,25.02,25.05,1491600.0,2024500.0,1672.0,30000.0,1672.0,0,0,0
2.0,1.0,1.0,,Aggregate Position Limit,Your CRO has set the aggregate position limit to 12000 shares for this week.,56,2026-02-01 09:27:16.150528,SPNG,24.57,24.57,25.25,2362600.0,2279700.0,,,,0,0,0
1.0,1.0,1.0,,Welcome to the RITC 2026 Alogithmic Market Making Case - practice server,,56,2026-02-01 09:27:16.150528,SMMR,25.13,24.88,25.13,2204500.0,2249000.0,,,,0,0,0
,,,,,,56,2026-02-01 09:27:16.150528,ATMN,25.07,24.93,25.07,2437500.0,2362500.0,,,,0,0,0
,,,,,,56,2026-02-01 09:27:16.150528,WNTR,25.0,25.0,25.05,1727600.0,2024500.0,1672.0,15000.0,1672.0,0,0,0
2.0,1.0,1.0,,Aggregate Position Limit,Your CRO has set the aggregate position limit to 12000 shares for this week.,57,2026-02-01 09:27:17.172031,SPNG,25.25,24.57,25.25,2362600.0,2279700.0,,,,0,0,0
1.0,1.0,1.0,,Welcome to the RITC 2026 Alogithmic Market Making Case - practice server,,57,2026-02-01 09:27:17.172031,SMMR,25.01,24.88,25.01,2204500.0,2239700.0,,,,0,0,0
,,,,,,57,2026-02-01 09:27:17.172031,ATMN,24.64,24.64,25.07,2438000.0,2334200.0,,,,0,0,0
,,,,,,57,2026-02-01 09:27:17.172031,WNTR,25.05,25.0,25.02,2052700.0,1912800.0,1672.0,6510.0,1672.0,0,0,0
2.0,1.0,1.0,,Aggregate Position Limit,Your CRO has set the aggregate position limit to 12000 shares for this week.,58,2026-02-01 09:27:18.187710,SPNG,25.36,24.49,25.36,2352900.0,2296200.0,,,,0,0,0
1.0,1.0,1.0,,Welcome to the RITC 2026 Alogithmic Market Making Case - practice server,,58,2026-02-01 09:27:18.187710,SMMR,24.88,24.88,25.01,2204500.0,2257300.0,,,,0,0,0
,,,,,,58,2026-02-01 09:27:18.187710,ATMN,24.78,24.64,24.7,2438000.0,2294500.0,,,,0,0,0
,,,,,,58,2026-02-01 09:27:18.187710,WNTR,25.02,25.0,25.01,2047200.0,1812800.0,1672.0,13020.0,1672.0,0,0,0
2.0,1.0,1.0,,Aggregate Position Limit,Your CRO has set the aggregate position limit to 12000 shares for this week.,59,2026-02-01 09:27:19.214047,SPNG,25.36,24.58,24.62,2327000.0,2313300.0,,,,0,0,0
1.0,1.0,1.0,,Welcome to the RITC 2026 Alogithmic Market Making Case - practice server,,59,2026-02-01 09:27:19.214047,SMMR,24.88,24.91,25.01,2208000.0,2245700.0,,,,0,0,0
,,,,,,59,2026-02-01 09:27:19.214047,ATMN,24.7,24.74,25.07,2460500.0,2309600.0,,,,0,0,0
,,,,,,59,2026-02-01 09:27:19.214047,WNTR,25.07,25.01,25.07,1938400.0,2000000.0,10000.0,1672.0,1672.0,0,0,0
2.0,1.0,1.0,,Aggregate Position Limit,Your CRO has set the aggregate position limit to 12000 shares for this week.,60,2026-02-01 09:27:20.243096,SPNG,24.47,24.47,24.79,1028300.0,997000.0,,0,0,0,0,0
1.0,1.0,1.0,,Welcome to the RITC 2026 Alogithmic Market Making Case - practice server,,60,2026-02-01 09:27:20.243096,SMMR,25.69,25.39,25.69,893200.0,904000.0,,0,0,0,0,0
,,,,,,60,2026-02-01 09:27:20.243096,ATMN,25.12,25.12,25.27,1019800.0,1078800.0,,0,0,0,0,0
,,,,,,60,2026-02-01 09:27:20.243096,WNTR,25.77,25.74,25.77,990100.0,810600.0,25000.0,0,0,0,0,0
2.0,1.0,1.0,,Aggregate Position Limit,Your CRO has set the aggregate position limit to 12000 shares for this week.,62,2026-02-01 09:27:21.302949,SPNG,24.2,24.2,24.79,1064500.0,1248600.0,,,0,0,0,0
1.0,1.0,1.0,,Welcome to the RITC 2026 Alogithmic Market Making Case - practice server,,62,2026-02-01 09:27:21.302949,SMMR,25.69,25.94,25.96,1164100.0,874600.0,,,0,0,0,0
,,,,,,62,2026-02-01 09:27:21.302949,ATMN,25.27,25.16,25.27,1156200.0,1078800.0,,,0,0,0,0
,,,,,,62,2026-02-01 09:27:21.302949,WNTR,26.03,25.99,26.03,1176100.0,822900.0,10000.0,5000.0,0,0,0,0
2.0,1.0,1.0,,Aggregate Position Limit,Your CRO has set the aggregate position limit to 12000 shares for this week.,63,2026-02-01 09:27:22.330830,SPNG,24.08,24.08,24.19,1081100.0,1347700.0,,,,0,0,0
1.0,1.0,1.0,,Welcome to the RITC 2026 Alogithmic Market Making Case - practice server,,63,2026-02-01 09:27:22.330830,SMMR,25.69,25.94,25.96,1422700.0,874600.0,,,,0,0,0
,,,,,,63,2026-02-01 09:27:22.330830,ATMN,24.95,24.95,25.27,1184300.0,1078800.0,,,,0,0,0
,,,,,,63,2026-02-01 09:27:22.330830,WNTR,25.99,25.83,25.84,1186700.0,1028300.0,15000.0,5000.0,1141.0,0,0,0
2.0,1.0,1.0,,Aggregate Position Limit,Your CRO has set the aggregate position limit to 12000 shares for this week.,64,2026-02-01 09:27:23.352745,SPNG,24.19,22.91,24.19,1302900.0,1347700.0,,,0,0,0,0
1.0,1.0,1.0,,Welcome to the RITC 2026 Alogithmic Market Making Case - practice server,,64,2026-02-01 09:27:23.352745,SMMR,26.11,25.94,26.1,1422700.0,1040300.0,,,0,0,0,0
,,,,,,64,2026-02-01 09:27:23.352745,ATMN,24.96,25.04,25.37,1319800.0,955400.0,,,0,0,0,0
,,,,,,64,2026-02-01 09:27:23.352745,WNTR,25.99,25.82,25.84,1499500.0,1028300.0,10000.0,10000.0,0,0,0,0
2.0,1.0,1.0,,Aggregate Position Limit,Your CRO has set the aggregate position limit to 12000 shares for this week.,65,2026-02-01 09:27:24.379196,SPNG,24.19,23.9,24.19,1779900.0,1347700.0,,,0,0,0,0
1.0,1.0,1.0,,Welcome to the RITC 2026 Alogithmic Market Making Case - practice server,,65,2026-02-01 09:27:24.379196,SMMR,25.66,26.03,26.1,1435200.0,1166600.0,,,0,0,0,0
,,,,,,65,2026-02-01 09:27:24.379196,ATMN,25.07,25.31,25.37,1433400.0,1094500.0,,,0,0,0,0
,,,,,,65,2026-02-01 09:27:24.379196,WNTR,25.86,25.83,25.84,1595600.0,1044100.0,15000.0,10000.0,0,0,0,0
2.0,1.0,1.0,,Aggregate Position Limit,Your CRO has set the aggregate position limit to 12000 shares for this week.,66,2026-02-01 09:27:25.418206,SPNG,23.93,23.6,23.93,1650700.0,1472700.0,,,,,0,0
1.0,1.0,1.0,,Welcome to the RITC 2026 Alogithmic Market Making Case - practice server,,66,2026-02-01 09:27:25.418206,SMMR,26.02,25.66,25.96,1330700.0,1172200.0,1836.0,,,,0,0
,,,,,,66,2026-02-01 09:27:25.418206,ATMN,24.83,24.89,25.37,1219400.0,1297200.0,,,,,0,0
,,,,,,66,2026-02-01 09:27:25.418206,WNTR,26.12,25.83,26.12,1681600.0,815700.0,,15000.0,2147.0,10000.0,0,0
2.0,1.0,1.0,,Aggregate Position Limit,Your CRO has set the aggregate position limit to 12000 shares for this week.,67,2026-02-01 09:27:26.442512,SPNG,24.79,23.6,24.33,1650700.0,1522400.0,,,,0,0,0
1.0,1.0,1.0,,Welcome to the RITC 2026 Alogithmic Market Making Case - practice server,,67,2026-02-01 09:27:26.442512,SMMR,25.96,25.88,25.96,1574000.0,1172200.0,,,,0,0,0
,,,,,,67,2026-02-01 09:27:26.442512,ATMN,24.07,23.4,24.07,1194600.0,1431600.0,958.0,,,0,0,0
,,,,,,67,2026-02-01 09:27:26.442512,WNTR,26.06,26.06,26.12,1805500.0,815700.0,,15000.0,10000.0,0,0,0
2.0,1.0,1.0,,Aggregate Position Limit,Your CRO has set the aggregate position limit to 12000 shares for this week.,68,2026-02-01 09:27:27.486789,SPNG,23.86,23.87,24.33,1883000.0,1522400.0,,,,0,0,0
1.0,1.0,1.0,,Welcome to the RITC 2026 Alogithmic Market Making Case - practice server,,68,2026-02-01 09:27:27.486789,SMMR,26.12,26.18,26.38,1776300.0,928600.0,868.0,,,0,0,0
,,,,,,68,2026-02-01 09:27:27.486789,ATMN,24.07,24.74,25.37,1580800.0,1297200.0,,,,0,0,0
,,,,,,68,2026-02-01 09:27:27.486789,WNTR,25.82,25.82,26.12,1827100.0,1111100.0,,15000.0,10000.0,0,0,0
2.0,1.0,1.0,,Aggregate Position Limit,Your CRO has set the aggregate position limit to 12000 shares for this week.,69,2026-02-01 09:27:28.512589,SPNG,23.51,22.91,23.23,1708800.0,1662900.0,,,0,0,0,0
1.0,1.0,1.0,,Welcome to the RITC 2026 Alogithmic Market Making Case - practice server,,69,2026-02-01 09:27:28.512589,SMMR,26.12,26.18,26.38,1776300.0,1270400.0,,,0,0,0,0
,,,,,,69,2026-02-01 09:27:28.512589,ATMN,24.07,25.31,25.37,1924000.0,1297200.0,,,0,0,0,0
,,,,,,69,2026-02-01 09:27:28.512589,WNTR,25.82,25.85,25.98,1797500.0,1312700.0,15000.0,10000.0,0,0,0,0
2.0,1.0,1.0,,Aggregate Position Limit,Your CRO has set the aggregate position limit to 12000 shares for this week.,70,2026-02-01 09:27:29.556375,SPNG,22.91,22.91,24.33,1708800.0,1522400.0,,,0,0,0,0
1.0,1.0,1.0,,Welcome to the RITC 2026 Alogithmic Market Making Case - practice server,,70,2026-02-01 09:27:29.556375,SMMR,26.12,26.18,26.2,1776300.0,1550400.0,,,0,0,0,0
,,,,,,70,2026-02-01 09:27:29.556375,ATMN,25.37,25.01,25.37,1813300.0,1297200.0,,,0,0,0,0
,,,,,,70,2026-02-01 09:27:29.556375,WNTR,25.98,25.97,25.98,1630400.0,1312700.0,20000.0,15000.0,0,0,0,0
2.0,1.0,1.0,,Aggregate Position Limit,Your CRO has set the aggregate position limit to 12000 shares for this week.,71,2026-02-01 09:27:30.592920,SPNG,24.79,23.91,24.79,1986100.0,1380100.0,,,,,0,0
1.0,1.0,1.0,,Welcome to the RITC 2026 Alogithmic Market Making Case - practice server,,71,2026-02-01 09:27:30.592920,SMMR,26.18,26.08,26.18,1681500.0,1861900.0,1065.0,1065.0,,,0,0
,,,,,,71,2026-02-01 09:27:30.592920,ATMN,25.37,25.01,25.14,1941300.0,1509000.0,1132.0,1132.0,,,0,0
,,,,,,71,2026-02-01 09:27:30.592920,WNTR,25.88,25.95,26.07,1638900.0,1196600.0,,,20000.0,10000.0,0,0
2.0,1.0,1.0,,Aggregate Position Limit,Your CRO has set the aggregate position limit to 12000 shares for this week.,72,2026-02-01 09:27:31.607138,SPNG,22.91,22.91,24.79,1845500.0,1634000.0,,,0,0,0,0
1.0,1.0,1.0,,Welcome to the RITC 2026 Alogithmic Market Making Case - practice server,,72,2026-02-01 09:27:31.607138,SMMR,25.95,25.93,25.95,1681500.0,2095100.0,,,0,0,0,0
,,,,,,72,2026-02-01 09:27:31.607138,ATMN,24.93,24.93,25.14,1918000.0,1642800.0,,,0,0,0,0
,,,,,,72,2026-02-01 09:27:31.607138,WNTR,26.12,25.95,25.99,1510400.0,1316900.0,30000.0,5000.0,0,0,0,0
2.0,1.0,1.0,,Aggregate Position Limit,Your CRO has set the aggregate position limit to 12000 shares for this week.,73,2026-02-01 09:27:32.632188,SPNG,22.91,23.59,23.73,2100200.0,1744900.0,,,,0,0,0
1.0,1.0,1.0,,Welcome to the RITC 2026 Alogithmic Market Making Case - practice server,,73,2026-02-01 09:27:32.632188,SMMR,25.99,25.93,25.99,1914000.0,2080400.0,824.0,,,0,0,0
,,,,,,73,2026-02-01 09:27:32.632188,ATMN,25.18,24.93,25.17,1918000.0,1674000.0,,,,0,0,0
,,,,,,73,2026-02-01 09:27:32.632188,WNTR,25.85,25.95,26.0,1631700.0,1205100.0,,20000.0,10000.0,0,0,0
2.0,1.0,1.0,,Aggregate Position Limit,Your CRO has set the aggregate position limit to 12000 shares for this week.,74,2026-02-01 09:27:33.664285,SPNG,23.73,24.23,24.79,2360500.0,1730800.0,,,,,0,0
1.0,1.0,1.0,,Welcome to the RITC 2026 Alogithmic Market Making Case - practice server,,74,2026-02-01 09:27:33.664285,SMMR,25.99,25.98,25.99,2107400.0,1974200.0,1011.0,1011.0,,,0,0
,,,,,,74,2026-02-01 09:27:33.664285,ATMN,25.17,24.93,25.17,2169900.0,1674000.0,,,,,0,0
,,,,,,74,2026-02-01 09:27:33.664285,WNTR,25.91,25.91,26.01,1754700.0,1205100.0,,,15000.0,10000.0,0,0
2.0,1.0,1.0,,Aggregate Position Limit,Your CRO has set the aggregate position limit to 12000 shares for this week.,75,2026-02-01 09:27:34.706742,SPNG,24.79,23.59,24.79,2216700.0,1992800.0,,,0,0,0,0
1.0,1.0,1.0,,Welcome to the RITC 2026 Alogithmic Market Making Case - practice server,,75,2026-02-01 09:27:34.706742,SMMR,25.98,25.98,26.09,2107400.0,2074200.0,,,0,0,0,0
,,,,,,75,2026-02-01 09:27:34.706742,ATMN,25.17,24.93,25.17,2497700.0,1674000.0,,,0,0,0,0
,,,,,,75,2026-02-01 09:27:34.706742,WNTR,26.12,25.86,26.12,1615300.0,1011800.0,20000.0,5000.0,0,0,0,0
2.0,1.0,1.0,,Aggregate Position Limit,Your CRO has set the aggregate position limit to 12000 shares for this week.,76,2026-02-01 09:27:35.761296,SPNG,23.48,23.48,24.05,2077100.0,2206600.0,,,,0,0,0
1.0,1.0,1.0,,Welcome to the RITC 2026 Alogithmic Market Making Case - practice server,,76,2026-02-01 09:27:35.761296,SMMR,25.98,25.98,26.04,2205800.0,2091500.0,,,,0,0,0
,,,,,,76,2026-02-01 09:27:35.761296,ATMN,25.17,24.96,25.17,2377200.0,1674000.0,809.0,,,0,0,0
,,,,,,76,2026-02-01 09:27:35.761296,WNTR,26.12,25.86,25.9,1630000.0,1099900.0,,20000.0,5000.0,0,0,0
2.0,1.0,1.0,,Aggregate Position Limit,Your CRO has set the aggregate position limit to 12000 shares for this week.,77,2026-02-01 09:27:36.794820,SPNG,23.93,23.48,23.84,2181300.0,2325800.0,,,,,0,0
1.0,1.0,1.0,,Welcome to the RITC 2026 Alogithmic Market Making Case - practice server,,77,2026-02-01 09:27:36.794820,SMMR,25.97,25.93,25.97,2224700.0,2010300.0,1771.0,,,,0,0
,,,,,,77,2026-02-01 09:27:36.794820,ATMN,25.17,24.96,25.17,2398100.0,1789500.0,1617.0,1617.0,,,0,0
,,,,,,77,2026-02-01 09:27:36.794820,WNTR,26.12,25.95,26.12,1623000.0,1011800.0,,,20000.0,5000.0,0,0
2.0,1.0,1.0,,Aggregate Position Limit,Your CRO has set the aggregate position limit to 12000 shares for this week.,78,2026-02-01 09:27:37.832854,SPNG,23.93,23.83,23.84,2578600.0,984.0,2248400.0,984.0,,,0,0
1.0,1.0,1.0,,Welcome to the RITC 2026 Alogithmic Market Making Case - practice server,,78,2026-02-01 09:27:37.832854,SMMR,26.04,25.93,26.04,2224700.0,,2091500.0,,,,0,0
,,,,,,78,2026-02-01 09:27:37.832854,ATMN,25.17,25.05,25.17,2387100.0,1617.0,1926200.0,1617.0,,,0,0
,,,,,,78,2026-02-01 09:27:37.832854,WNTR,26.12,25.95,25.97,1599900.0,,1219600.0,,20000.0,10000.0,0,0
2.0,1.0,1.0,,Aggregate Position Limit,Your CRO has set the aggregate position limit to 12000 shares for this week.,79,2026-02-01 09:27:38.865279,SPNG,23.84,23.91,24.05,2721400.0,2355200.0,,,0,0,0,0
1.0,1.0,1.0,,Welcome to the RITC 2026 Alogithmic Market Making Case - practice server,,79,2026-02-01 09:27:38.865279,SMMR,26.09,25.96,26.03,2227800.0,2095700.0,,,0,0,0,0
,,,,,,79,2026-02-01 09:27:38.865279,ATMN,25.29,25.13,25.29,2475000.0,1660900.0,,,0,0,0,0
,,,,,,79,2026-02-01 09:27:38.865279,WNTR,25.84,25.84,25.97,1642200.0,1416800.0,20000.0,15000.0,0,0,0,0
2.0,1.0,1.0,,Aggregate Position Limit,Your CRO has set the aggregate position limit to 12000 shares for this week.,80,2026-02-01 09:27:39.909017,SPNG,24.23,23.91,24.23,2721400.0,1403.0,2340100.0,,,,0,0
1.0,1.0,1.0,,Welcome to the RITC 2026 Alogithmic Market Making Case - practice server,,80,2026-02-01 09:27:39.909017,SMMR,26.03,25.96,26.03,2068900.0,1469.0,2005100.0,1469.0,,,0,0
,,,,,,80,2026-02-01 09:27:39.909017,ATMN,25.43,25.05,25.43,2505100.0,,1283600.0,,,,0,0
,,,,,,80,2026-02-01 09:27:39.909017,WNTR,26.05,26.06,26.08,1649500.0,,1305900.0,,20000.0,15000.0,0,0
2.0,1.0,1.0,,Aggregate Position Limit,Your CRO has set the aggregate position limit to 12000 shares for this week.,81,2026-02-01 09:27:40.933532,SPNG,23.83,23.67,23.81,2608900.0,2399200.0,,,0,0,0,0
1.0,1.0,1.0,,Welcome to the RITC 2026 Alogithmic Market Making Case - practice server,,81,2026-02-01 09:27:40.933532,SMMR,26.09,26.15,26.18,2193300.0,2062100.0,,,0,0,0,0
,,,,,,81,2026-02-01 09:27:40.933532,ATMN,25.64,25.05,25.28,2505100.0,1540500.0,,,0,0,0,0
,,,,,,81,2026-02-01 09:27:40.933532,WNTR,26.07,26.0,26.07,1651800.0,1417200.0,20000.0,15000.0,0,0,0,0
2.0,1.0,1.0,,Aggregate Position Limit,Your CRO has set the aggregate position limit to 12000 shares for this week.,82,2026-02-01 09:27:41.992835,SPNG,23.83,23.79,23.81,2731500.0,2399200.0,,,,,0,0
1.0,1.0,1.0,,Welcome to the RITC 2026 Alogithmic Market Making Case - practice server,,82,2026-02-01 09:27:41.992835,SMMR,25.93,25.93,26.03,2216400.0,2074900.0,,,,,0,0
,,,,,,82,2026-02-01 09:27:41.992835,ATMN,25.64,25.05,25.11,2485600.0,1755800.0,,,,,0,0
,,,,,,82,2026-02-01 09:27:41.992835,WNTR,26.09,26.0,26.09,1527200.0,1305900.0,1896.0,20000.0,1865.0,15000.0,0,0
2.0,1.0,1.0,,Aggregate Position Limit,Your CRO has set the aggregate position limit to 12000 shares for this week.,83,2026-02-01 09:27:43.024850,SPNG,24.23,23.8,24.23,2647700.0,2340100.0,,,,,0,0
1.0,1.0,1.0,,Welcome to the RITC 2026 Alogithmic Market Making Case - practice server,,83,2026-02-01 09:27:43.024850,SMMR,25.93,25.93,26.03,2187900.0,2074900.0,,,,,0,0
,,,,,,83,2026-02-01 09:27:43.024850,ATMN,25.27,25.07,25.27,2341900.0,1642800.0,1617.0,,,,0,0
,,,,,,83,2026-02-01 09:27:43.024850,WNTR,26.09,26.0,26.04,1624900.0,1494900.0,1896.0,15000.0,1865.0,10000.0,0,0
2.0,1.0,1.0,,Aggregate Position Limit,Your CRO has set the aggregate position limit to 12000 shares for this week.,84,2026-02-01 09:27:44.052877,SPNG,23.67,23.67,24.23,2755600.0,2340100.0,,,,0,0,0
1.0,1.0,1.0,,Welcome to the RITC 2026 Alogithmic Market Making Case - practice server,,84,2026-02-01 09:27:44.052877,SMMR,25.9,25.9,25.98,2217600.0,1987600.0,1528.0,,,0,0,0
,,,,,,84,2026-02-01 09:27:44.052877,ATMN,24.96,25.0,25.28,2498600.0,1672400.0,,,,0,0,0
,,,,,,84,2026-02-01 09:27:44.052877,WNTR,25.87,25.97,26.04,1730300.0,1494900.0,,15000.0,10000.0,0,0,0
2.0,1.0,1.0,,Aggregate Position Limit,Your CRO has set the aggregate position limit to 12000 shares for this week.,85,2026-02-01 09:27:45.082720,SPNG,23.67,23.68,23.91,2757200.0,2369000.0,,,,,0,0
1.0,1.0,1.0,,Welcome to the RITC 2026 Alogithmic Market Making Case - practice server,,85,2026-02-01 09:27:45.082720,SMMR,25.88,25.88,25.98,2100200.0,1993300.0,1182.0,1182.0,,,0,0
,,,,,,85,2026-02-01 09:27:45.082720,ATMN,24.96,25.0,25.27,2365600.0,1911000.0,838.0,838.0,,,0,0
,,,,,,85,2026-02-01 09:27:45.082720,WNTR,26.09,26.11,26.12,1734700.0,1502000.0,,,15000.0,10000.0,0,0
2.0,1.0,1.0,,Aggregate Position Limit,Your CRO has set the aggregate position limit to 12000 shares for this week.,86,2026-02-01 09:27:46.112960,SPNG,24.41,24.41,24.52,2478700.0,982.0,2335600.0,,,,0,0
1.0,1.0,1.0,,Welcome to the RITC 2026 Alogithmic Market Making Case - practice server,,86,2026-02-01 09:27:46.112960,SMMR,25.88,25.88,25.98,2100200.0,1182.0,1993300.0,1182.0,,,0,0
,,,,,,86,2026-02-01 09:27:46.112960,ATMN,24.96,25.0,25.03,2479300.0,,2051800.0,,,,0,0
,,,,,,86,2026-02-01 09:27:46.112960,WNTR,25.97,25.84,25.87,1848200.0,,1721700.0,,10000.0,10000.0,0,0
2.0,1.0,1.0,,Aggregate Position Limit,Your CRO has set the aggregate position limit to 12000 shares for this week.,87,2026-02-01 09:27:47.137940,SPNG,24.52,23.68,24.52,2757200.0,2343800.0,,,,,0,0
1.0,1.0,1.0,,Welcome to the RITC 2026 Alogithmic Market Making Case - practice server,,87,2026-02-01 09:27:47.137940,SMMR,25.98,25.97,25.98,2069300.0,1969700.0,1182.0,1182.0,,,0,0
,,,,,,87,2026-02-01 09:27:47.137940,ATMN,25.27,25.0,25.27,2449100.0,1911000.0,,,,,0,0
,,,,,,87,2026-02-01 09:27:47.137940,WNTR,25.87,25.98,26.06,1822700.0,1717400.0,,,10000.0,15000.0,0,0
2.0,1.0,1.0,,Aggregate Position Limit,Your CRO has set the aggregate position limit to 12000 shares for this week.,88,2026-02-01 09:27:48.152528,SPNG,23.67,23.67,24.0,2863000.0,2378500.0,,,,0,0,0
1.0,1.0,1.0,,Welcome to the RITC 2026 Alogithmic Market Making Case - practice server,,88,2026-02-01 09:27:48.152528,SMMR,26.03,25.88,26.03,2218700.0,2052300.0,,,,0,0,0
,,,,,,88,2026-02-01 09:27:48.152528,ATMN,25.27,25.0,25.27,2306200.0,1911000.0,599.0,,,0,0,0
,,,,,,88,2026-02-01 09:27:48.152528,WNTR,25.99,25.99,26.06,1550700.0,1717400.0,1163.0,20000.0,15000.0,0,0,0
2.0,1.0,1.0,,Aggregate Position Limit,Your CRO has set the aggregate position limit to 12000 shares for this week.,89,2026-02-01 09:27:49.175832,SPNG,23.67,23.67,24.38,2863000.0,2348300.0,,,,,0,0
1.0,1.0,1.0,,Welcome to the RITC 2026 Alogithmic Market Making Case - practice server,,89,2026-02-01 09:27:49.175832,SMMR,25.98,25.89,25.96,2204900.0,1986600.0,981.0,,,,0,0
,,,,,,89,2026-02-01 09:27:49.175832,ATMN,25.28,25.44,25.64,2428500.0,1861100.0,,,,,0,0
,,,,,,89,2026-02-01 09:27:49.175832,WNTR,25.99,25.99,26.04,1645600.0,1766500.0,,1628.0,15000.0,15000.0,0,0
2.0,1.0,1.0,,Aggregate Position Limit,Your CRO has set the aggregate position limit to 12000 shares for this week.,90,2026-02-01 09:27:50.212952,SPNG,23.67,23.67,24.38,2576300.0,848.0,2255400.0,848.0,,,0,0
1.0,1.0,1.0,,Welcome to the RITC 2026 Alogithmic Market Making Case - practice server,,90,2026-02-01 09:27:50.212952,SMMR,26.05,25.89,26.05,2180900.0,,2061300.0,,,,0,0
,,,,,,90,2026-02-01 09:27:50.212952,ATMN,25.64,25.0,25.64,2421100.0,,1861100.0,,,,0,0
,,,,,,90,2026-02-01 09:27:50.212952,WNTR,25.98,25.98,26.05,1737100.0,,1525000.0,1628.0,15000.0,20000.0,0,0
2.0,1.0,1.0,,Aggregate Position Limit,Your CRO has set the aggregate position limit to 12000 shares for this week.,91,2026-02-01 09:27:51.244901,SPNG,23.48,23.48,24.38,2766200.0,2365300.0,,,0,0,0,0
1.0,1.0,1.0,,Welcome to the RITC 2026 Alogithmic Market Making Case - practice server,,91,2026-02-01 09:27:51.244901,SMMR,25.93,25.93,26.05,2176000.0,2050500.0,,,0,0,0,0
,,,,,,91,2026-02-01 09:27:51.244901,ATMN,25.5,25.52,25.62,2441300.0,2127500.0,,,0,0,0,0
,,,,,,91,2026-02-01 09:27:51.244901,WNTR,26.05,26.03,26.05,1755900.0,1633200.0,15000.0,20000.0,0,0,0,0
2.0,1.0,1.0,,Aggregate Position Limit,Your CRO has set the aggregate position limit to 12000 shares for this week.,92,2026-02-01 09:27:52.279408,SPNG,23.45,23.45,24.38,2649700.0,2387200.0,,,,,0,0
1.0,1.0,1.0,,Welcome to the RITC 2026 Alogithmic Market Making Case - practice server,,92,2026-02-01 09:27:52.279408,SMMR,25.93,25.93,26.0,2060400.0,1958700.0,2280.0,2280.0,,,0,0
,,,,,,92,2026-02-01 09:27:52.279408,ATMN,24.96,24.96,25.0,2423600.0,2288900.0,,,,,0,0
,,,,,,92,2026-02-01 09:27:52.279408,WNTR,26.03,26.03,26.06,1553800.0,1517800.0,3065.0,3065.0,20000.0,20000.0,0,0
2.0,1.0,1.0,,Aggregate Position Limit,Your CRO has set the aggregate position limit to 12000 shares for this week.,93,2026-02-01 09:27:53.314117,SPNG,23.45,23.98,24.38,2752700.0,2380000.0,,,,0,0,0
1.0,1.0,1.0,,Welcome to the RITC 2026 Alogithmic Market Making Case - practice server,,93,2026-02-01 09:27:53.314117,SMMR,26.06,26.06,26.13,2137400.0,2015900.0,,,,0,0,0
,,,,,,93,2026-02-01 09:27:53.314117,ATMN,25.0,24.97,25.0,2402300.0,2288900.0,,,,0,0,0
,,,,,,93,2026-02-01 09:27:53.314117,WNTR,26.12,26.03,26.12,1673400.0,1718200.0,837.0,15000.0,15000.0,0,0,0
2.0,1.0,1.0,,Aggregate Position Limit,Your CRO has set the aggregate position limit to 12000 shares for this week.,94,2026-02-01 09:27:54.355280,SPNG,23.45,23.45,24.38,2649700.0,2424100.0,,,,0,0,0
1.0,1.0,1.0,,Welcome to the RITC 2026 Alogithmic Market Making Case - practice server,,94,2026-02-01 09:27:54.355280,SMMR,26.06,25.89,25.96,2178400.0,2039100.0,,,,0,0,0
,,,,,,94,2026-02-01 09:27:54.355280,ATMN,25.08,25.29,25.44,2392200.0,2320000.0,,,,0,0,0
,,,,,,94,2026-02-01 09:27:54.355280,WNTR,26.12,26.03,26.12,1673400.0,1724100.0,837.0,15000.0,15000.0,0,0,0
2.0,1.0,1.0,,Aggregate Position Limit,Your CRO has set the aggregate position limit to 12000 shares for this week.,95,2026-02-01 09:27:55.382936,SPNG,24.39,23.41,23.91,2499600.0,2452900.0,,,,,0,0
1.0,1.0,1.0,,Welcome to the RITC 2026 Alogithmic Market Making Case - practice server,,95,2026-02-01 09:27:55.382936,SMMR,25.9,25.89,25.9,2178400.0,2036000.0,,,,,0,0
,,,,,,95,2026-02-01 09:27:55.382936,ATMN,25.26,25.43,25.44,2383800.0,2321600.0,,,,,0,0
,,,,,,95,2026-02-01 09:27:55.382936,WNTR,25.97,25.97,26.0,1534100.0,1610700.0,1544.0,20000.0,1544.0,15000.0,0,0
2.0,1.0,1.0,,Aggregate Position Limit,Your CRO has set the aggregate position limit to 12000 shares for this week.,96,2026-02-01 09:27:56.404361,SPNG,23.91,24.19,24.52,2641400.0,2460300.0,,,,0,0,0
1.0,1.0,1.0,,Welcome to the RITC 2026 Alogithmic Market Making Case - practice server,,96,2026-02-01 09:27:56.404361,SMMR,26.13,25.88,26.13,2010500.0,2015900.0,2160.0,,,0,0,0
,,,,,,96,2026-02-01 09:27:56.404361,ATMN,25.43,25.08,25.29,2417500.0,2378700.0,,,,0,0,0
,,,,,,96,2026-02-01 09:27:56.404361,WNTR,26.12,25.97,26.12,1931000.0,1733700.0,,5000.0,15000.0,0,0,0
2.0,1.0,1.0,,Aggregate Position Limit,Your CRO has set the aggregate position limit to 12000 shares for this week.,97,2026-02-01 09:27:57.433896,SPNG,24.52,23.41,24.52,2646100.0,2460300.0,,,0,0,0,0
1.0,1.0,1.0,,Welcome to the RITC 2026 Alogithmic Market Making Case - practice server,,97,2026-02-01 09:27:57.433896,SMMR,26.18,25.95,26.18,2135200.0,2044800.0,,,0,0,0,0
,,,,,,97,2026-02-01 09:27:57.433896,ATMN,25.43,25.08,25.29,2417500.0,2373600.0,,,0,0,0,0
,,,,,,97,2026-02-01 09:27:57.433896,WNTR,26.15,26.08,26.15,1759500.0,1884300.0,15000.0,5000.0,0,0,0,0
2.0,1.0,1.0,,Aggregate Position Limit,Your CRO has set the aggregate position limit to 12000 shares for this week.,99,2026-02-01 09:27:58.469495,SPNG,23.94,23.41,23.94,2646100.0,2508100.0,,,,0,0,0
1.0,1.0,1.0,,Welcome to the RITC 2026 Alogithmic Market Making Case - practice server,,99,2026-02-01 09:27:58.469495,SMMR,25.88,26.01,26.18,2019200.0,2032500.0,895.0,,,0,0,0
,,,,,,99,2026-02-01 09:27:58.469495,ATMN,25.08,24.98,25.08,2420600.0,2381100.0,,,,0,0,0
,,,,,,99,2026-02-01 09:27:58.469495,WNTR,25.97,26.08,26.15,1775500.0,1804500.0,1103.0,10000.0,10000.0,0,0,0
2.0,1.0,1.0,,Aggregate Position Limit,Your CRO has set the aggregate position limit to 12000 shares for this week.,100,2026-02-01 09:27:59.514812,SPNG,24.05,23.41,23.77,2646100.0,2511500.0,,,,0,0,0
1.0,1.0,1.0,,Welcome to the RITC 2026 Alogithmic Market Making Case - practice server,,100,2026-02-01 09:27:59.514812,SMMR,25.98,25.98,26.16,2118200.0,2055800.0,,,,0,0,0
,,,,,,100,2026-02-01 09:27:59.514812,ATMN,25.34,25.12,25.34,2457500.0,2342500.0,,,,0,0,0
,,,,,,100,2026-02-01 09:27:59.514812,WNTR,25.97,26.08,26.15,1655900.0,1754200.0,1103.0,15000.0,10000.0,0,0,0
2.0,1.0,1.0,,Aggregate Position Limit,Your CRO has set the aggregate position limit to 12000 shares for this week.,101,2026-02-01 09:28:00.554032,SPNG,24.3,24.23,24.3,2863700.0,2516800.0,,,,0,0,0
1.0,1.0,1.0,,Welcome to the RITC 2026 Alogithmic Market Making Case - practice server,,101,2026-02-01 09:28:00.554032,SMMR,25.97,25.88,25.97,2139200.0,2087200.0,,,,0,0,0
,,,,,,101,2026-02-01 09:28:00.554032,ATMN,24.98,24.98,25.34,2420600.0,2364600.0,,,,0,0,0
,,,,,,101,2026-02-01 09:28:00.554032,WNTR,25.97,26.08,26.12,1655900.0,1707000.0,1103.0,15000.0,15000.0,0,0,0
2.0,1.0,1.0,,Aggregate Position Limit,Your CRO has set the aggregate position limit to 12000 shares for this week.,102,2026-02-01 09:28:01.585003,SPNG,24.16,23.41,23.98,2758600.0,2510500.0,,,,,0,0
1.0,1.0,1.0,,Welcome to the RITC 2026 Alogithmic Market Making Case - practice server,,102,2026-02-01 09:28:01.585003,SMMR,26.16,25.9,26.16,1989700.0,2077200.0,1572.0,,,,0,0
,,,,,,102,2026-02-01 09:28:01.585003,ATMN,24.98,24.98,25.34,2312900.0,2255200.0,811.0,811.0,,,0,0
,,,,,,102,2026-02-01 09:28:01.585003,WNTR,25.97,26.08,26.12,1672700.0,1803200.0,,,20000.0,10000.0,0,0
2.0,1.0,1.0,,Aggregate Position Limit,Your CRO has set the aggregate position limit to 12000 shares for this week.,103,2026-02-01 09:28:02.628544,SPNG,23.98,24.01,24.26,2889000.0,2529400.0,,,,0,0,0
1.0,1.0,1.0,,Welcome to the RITC 2026 Alogithmic Market Making Case - practice server,,103,2026-02-01 09:28:02.628544,SMMR,26.19,26.14,26.19,2099400.0,2044700.0,,,,0,0,0
,,,,,,103,2026-02-01 09:28:02.628544,ATMN,24.98,25.16,25.34,2327600.0,2364600.0,579.0,,,0,0,0
,,,,,,103,2026-02-01 09:28:02.628544,WNTR,26.09,26.08,26.09,1541500.0,1816000.0,1103.0,20000.0,10000.0,0,0,0
2.0,1.0,1.0,,Aggregate Position Limit,Your CRO has set the aggregate position limit to 12000 shares for this week.,104,2026-02-01 09:28:03.662920,SPNG,23.98,24.01,24.21,2661800.0,1013.0,2400000.0,1013.0,,,0,0
1.0,1.0,1.0,,Welcome to the RITC 2026 Alogithmic Market Making Case - practice server,,104,2026-02-01 09:28:03.662920,SMMR,25.9,25.9,26.03,2099600.0,,2048400.0,,,,0,0
,,,,,,104,2026-02-01 09:28:03.662920,ATMN,25.03,25.1,25.34,2432400.0,,2364600.0,,,,0,0
,,,,,,104,2026-02-01 09:28:03.662920,WNTR,26.12,26.08,26.12,1543500.0,1544.0,1803200.0,1544.0,25000.0,5000.0,0,0
2.0,1.0,1.0,,Aggregate Position Limit,Your CRO has set the aggregate position limit to 12000 shares for this week.,105,2026-02-01 09:28:04.707962,SPNG,23.98,24.01,24.06,2661800.0,1013.0,2393400.0,1013.0,,,0,0
1.0,1.0,1.0,,Welcome to the RITC 2026 Alogithmic Market Making Case - practice server,,105,2026-02-01 09:28:04.707962,SMMR,25.95,26.0,26.03,2136700.0,,2067100.0,,,,0,0
,,,,,,105,2026-02-01 09:28:04.707962,ATMN,25.11,25.1,25.11,2432400.0,,2394800.0,,,,0,0
,,,,,,105,2026-02-01 09:28:04.707962,WNTR,26.12,26.1,26.12,1515200.0,1544.0,1807500.0,1544.0,25000.0,5000.0,0,0
2.0,1.0,1.0,,Aggregate Position Limit,Your CRO has set the aggregate position limit to 12000 shares for this week.,106,2026-02-01 09:28:05.757953,SPNG,23.79,23.41,23.62,2758600.0,2516400.0,,,,,0,0
1.0,1.0,1.0,,Welcome to the RITC 2026 Alogithmic Market Making Case - practice server,,106,2026-02-01 09:28:05.757953,SMMR,25.84,25.84,26.03,2137600.0,1946300.0,1571.0,,,,0,0
,,,,,,106,2026-02-01 09:28:05.757953,ATMN,25.44,25.1,25.28,2432400.0,2362400.0,,,,,0,0
,,,,,,106,2026-02-01 09:28:05.757953,WNTR,26.08,26.08,26.12,1543500.0,1900800.0,,25000.0,1544.0,5000.0,0,0
2.0,1.0,1.0,,Aggregate Position Limit,Your CRO has set the aggregate position limit to 12000 shares for this week.,107,2026-02-01 09:28:06.802345,SPNG,24.06,23.75,24.06,2802900.0,2523300.0,,0,0,0,0,0
1.0,1.0,1.0,,Welcome to the RITC 2026 Alogithmic Market Making Case - practice server,,107,2026-02-01 09:28:06.802345,SMMR,26.07,26.05,26.07,2130600.0,2078100.0,,0,0,0,0,0
,,,,,,107,2026-02-01 09:28:06.802345,ATMN,25.1,24.98,25.07,2417800.0,2376900.0,,0,0,0,0,0
,,,,,,107,2026-02-01 09:28:06.802345,WNTR,26.08,26.07,26.08,1533100.0,1990000.0,25000.0,0,0,0,0,0
2.0,1.0,1.0,,Aggregate Position Limit,Your CRO has set the aggregate position limit to 12000 shares for this week.,108,2026-02-01 09:28:07.827692,SPNG,24.2,23.75,24.2,2732900.0,2528800.0,,,0,0,0,0
1.0,1.0,1.0,,Welcome to the RITC 2026 Alogithmic Market Making Case - practice server,,108,2026-02-01 09:28:07.827692,SMMR,26.07,26.12,26.16,2146400.0,2079300.0,,,0,0,0,0
,,,,,,108,2026-02-01 09:28:07.827692,ATMN,25.07,25.09,25.44,2458500.0,2357000.0,,,0,0,0,0
,,,,,,108,2026-02-01 09:28:07.827692,WNTR,26.08,26.13,26.14,1598200.0,1908500.0,20000.0,5000.0,0,0,0,0
2.0,1.0,1.0,,Aggregate Position Limit,Your CRO has set the aggregate position limit to 12000 shares for this week.,109,2026-02-01 09:28:08.868513,SPNG,24.03,24.08,24.2,2641400.0,2534300.0,,,,,0,0
1.0,1.0,1.0,,Welcome to the RITC 2026 Alogithmic Market Making Case - practice server,,109,2026-02-01 09:28:08.868513,SMMR,26.19,25.91,26.19,2124700.0,2072900.0,,,,,0,0
,,,,,,109,2026-02-01 09:28:08.868513,ATMN,25.07,25.09,25.21,2449400.0,2351900.0,,,,,0,0
,,,,,,109,2026-02-01 09:28:08.868513,WNTR,26.14,26.13,26.14,1353000.0,1816000.0,30000.0,1296.0,1296.0,5000.0,0,0
2.0,1.0,1.0,,Aggregate Position Limit,Your CRO has set the aggregate position limit to 12000 shares for this week.,110,2026-02-01 09:28:09.938405,SPNG,23.75,23.75,24.2,2732900.0,2523800.0,,,,0,0,0
1.0,1.0,1.0,,Welcome to the RITC 2026 Alogithmic Market Making Case - practice server,,110,2026-02-01 09:28:09.938405,SMMR,25.83,25.83,25.97,2123100.0,2094000.0,,,,0,0,0
,,,,,,110,2026-02-01 09:28:09.938405,ATMN,25.07,25.09,25.16,2326000.0,2188500.0,811.0,811.0,,0,0,0
,,,,,,110,2026-02-01 09:28:09.938405,WNTR,26.18,26.13,26.18,1427800.0,1994400.0,1296.0,,25000.0,0,0,0
2.0,1.0,1.0,,Aggregate Position Limit,Your CRO has set the aggregate position limit to 12000 shares for this week.,111,2026-02-01 09:28:10.972795,SPNG,23.75,23.75,24.01,2636100.0,2523700.0,,,,,0,0
1.0,1.0,1.0,,Welcome to the RITC 2026 Alogithmic Market Making Case - practice server,,111,2026-02-01 09:28:10.972795,SMMR,25.83,25.93,25.97,2100300.0,2094000.0,,,,,0,0
,,,,,,111,2026-02-01 09:28:10.972795,ATMN,25.26,25.09,25.26,2326000.0,2344000.0,429.0,,,,0,0
,,,,,,111,2026-02-01 09:28:10.972795,WNTR,26.06,26.1,26.18,1552100.0,1821700.0,,20000.0,666.0,5000.0,0,0
2.0,1.0,1.0,,Aggregate Position Limit,Your CRO has set the aggregate position limit to 12000 shares for this week.,112,2026-02-01 09:28:12.023783,SPNG,24.2,23.41,24.2,2608000.0,2518800.0,,,,,0,0
1.0,1.0,1.0,,Welcome to the RITC 2026 Alogithmic Market Making Case - practice server,,112,2026-02-01 09:28:12.023783,SMMR,25.83,25.83,25.97,2140900.0,2094000.0,,,,,0,0
,,,,,,112,2026-02-01 09:28:12.023783,ATMN,25.44,25.09,25.28,2286700.0,2240800.0,601.0,601.0,,,0,0
,,,,,,112,2026-02-01 09:28:12.023783,WNTR,26.18,26.18,26.2,1372600.0,1801000.0,1144.0,1144.0,30000.0,5000.0,0,0
2.0,1.0,1.0,,Aggregate Position Limit,Your CRO has set the aggregate position limit to 12000 shares for this week.,113,2026-02-01 09:28:13.051063,SPNG,24.2,23.74,24.2,2575700.0,2505900.0,,,,,0,0
1.0,1.0,1.0,,Welcome to the RITC 2026 Alogithmic Market Making Case - practice server,,113,2026-02-01 09:28:13.051063,SMMR,26.2,25.83,25.97,2063500.0,1970600.0,1571.0,1571.0,,,0,0
,,,,,,113,2026-02-01 09:28:13.051063,ATMN,25.46,25.41,25.46,2340300.0,2345900.0,,,,,0,0
,,,,,,113,2026-02-01 09:28:13.051063,WNTR,26.18,26.19,26.2,1363600.0,1801000.0,,817.0,50000.0,5000.0,0,0
2.0,1.0,1.0,,Aggregate Position Limit,Your CRO has set the aggregate position limit to 12000 shares for this week.,114,2026-02-01 09:28:14.076034,SPNG,24.2,23.41,24.2,2705800.0,2505900.0,,,0,0,0,0
1.0,1.0,1.0,,Welcome to the RITC 2026 Alogithmic Market Making Case - practice server,,114,2026-02-01 09:28:14.076034,SMMR,26.2,25.83,26.01,2036600.0,2067000.0,1122.0,,0,0,0,0
,,,,,,114,2026-02-01 09:28:14.076034,ATMN,24.99,24.99,25.46,2365500.0,2355600.0,,,0,0,0,0
,,,,,,114,2026-02-01 09:28:14.076034,WNTR,26.23,26.23,26.24,1568400.0,1970000.0,,40000.0,0,0,0,0
2.0,1.0,1.0,,Aggregate Position Limit,Your CRO has set the aggregate position limit to 12000 shares for this week.,115,2026-02-01 09:28:15.102904,SPNG,23.38,23.38,24.2,2768400.0,2497100.0,,,0,0,0,0
1.0,1.0,1.0,,Welcome to the RITC 2026 Alogithmic Market Making Case - practice server,,115,2026-02-01 09:28:15.102904,SMMR,25.86,25.85,25.86,2049400.0,2079100.0,1122.0,,0,0,0,0
,,,,,,115,2026-02-01 09:28:15.102904,ATMN,25.35,25.11,25.3,2363400.0,2364000.0,,,0,0,0,0
,,,,,,115,2026-02-01 09:28:15.102904,WNTR,26.24,26.23,26.24,1653100.0,1991200.0,,35000.0,0,0,0,0
2.0,1.0,1.0,,Aggregate Position Limit,Your CRO has set the aggregate position limit to 12000 shares for this week.,116,2026-02-01 09:28:16.146826,SPNG,23.38,23.38,23.77,2768400.0,2544200.0,,,0,0,0,0
1.0,1.0,1.0,,Welcome to the RITC 2026 Alogithmic Market Making Case - practice server,,116,2026-02-01 09:28:16.146826,SMMR,25.99,25.85,25.87,2068500.0,2083000.0,1122.0,,0,0,0,0
,,,,,,116,2026-02-01 09:28:16.146826,ATMN,25.11,25.21,25.46,2371700.0,2355600.0,,,0,0,0,0
,,,,,,116,2026-02-01 09:28:16.146826,WNTR,26.23,26.21,26.22,1637100.0,2018500.0,,35000.0,0,0,0,0
2.0,1.0,1.0,,Aggregate Position Limit,Your CRO has set the aggregate position limit to 12000 shares for this week.,117,2026-02-01 09:28:17.172859,SPNG,23.77,23.64,23.77,2623400.0,2544200.0,,,0,0,0,0
1.0,1.0,1.0,,Welcome to the RITC 2026 Alogithmic Market Making Case - practice server,,117,2026-02-01 09:28:17.172859,SMMR,26.2,25.92,26.2,2075700.0,2080700.0,1122.0,,0,0,0,0
,,,,,,117,2026-02-01 09:28:17.172859,ATMN,25.47,25.24,25.47,2423600.0,2371500.0,,,0,0,0,0
,,,,,,117,2026-02-01 09:28:17.172859,WNTR,26.21,26.21,26.25,1900700.0,2008700.0,,10000.0,0,0,0,0
2.0,1.0,1.0,,Aggregate Position Limit,Your CRO has set the aggregate position limit to 12000 shares for this week.,118,2026-02-01 09:28:18.193358,SPNG,23.77,23.78,24.2,2582000.0,2560300.0,,,0,0,0,0
1.0,1.0,1.0,,Welcome to the RITC 2026 Alogithmic Market Making Case - practice server,,118,2026-02-01 09:28:18.193358,SMMR,25.85,25.85,26.21,2080200.0,2042700.0,1122.0,,0,0,0,0
,,,,,,118,2026-02-01 09:28:18.193358,ATMN,25.24,25.24,25.47,2423600.0,2371500.0,,,0,0,0,0
,,,,,,118,2026-02-01 09:28:18.193358,WNTR,26.26,26.21,26.26,1934900.0,2011100.0,,10000.0,0,0,0,0
2.0,1.0,1.0,,Aggregate Position Limit,Your CRO has set the aggregate position limit to 12000 shares for this week.,119,2026-02-01 09:28:19.225766,SPNG,23.77,23.78,23.98,2582000.0,2527400.0,,,0,0,0,0
1.0,1.0,1.0,,Welcome to the RITC 2026 Alogithmic Market Making Case - practice server,,119,2026-02-01 09:28:19.225766,SMMR,25.83,26.14,26.15,2066500.0,2066300.0,1122.0,,0,0,0,0
,,,,,,119,2026-02-01 09:28:19.225766,ATMN,25.15,25.15,25.45,2379200.0,2341900.0,,,0,0,0,0
,,,,,,119,2026-02-01 09:28:19.225766,WNTR,26.18,26.19,26.25,1986200.0,1915100.0,,9423.0,0,0,0,0
2.0,1.0,1.0,,Aggregate Position Limit,Your CRO has set the aggregate position limit to 12000 shares for this week.,120,2026-02-01 09:28:20.259571,SPNG,25.89,25.89,27.1,1015400.0,740700.0,,,0,0,0,0
1.0,1.0,1.0,,Welcome to the RITC 2026 Alogithmic Market Making Case - practice server,,120,2026-02-01 09:28:20.259571,SMMR,26.27,26.27,26.34,880700.0,818500.0,,,0,0,0,0
,,,,,,120,2026-02-01 09:28:20.259571,ATMN,25.47,26.61,26.82,918600.0,763000.0,,,0,0,0,0
,,,,,,120,2026-02-01 09:28:20.259571,WNTR,26.18,24.25,24.43,855700.0,958000.0,5000.0,9423.0,0,0,0,0
2.0,1.0,1.0,,Aggregate Position Limit,Your CRO has set the aggregate position limit to 12000 shares for this week.,121,2026-02-01 09:28:21.279988,SPNG,25.89,25.89,26.42,1015400.0,1035400.0,,,,,0,0
1.0,1.0,1.0,,Welcome to the RITC 2026 Alogithmic Market Making Case - practice server,,121,2026-02-01 09:28:21.279988,SMMR,26.27,26.33,26.34,998100.0,1045500.0,2245.0,2245.0,,,0,0
,,,,,,121,2026-02-01 09:28:21.279988,ATMN,26.61,26.61,26.72,918600.0,888000.0,,,,,0,0
,,,,,,121,2026-02-01 09:28:21.279988,WNTR,24.05,24.15,24.26,845500.0,1148500.0,,,5000.0,24423.0,0,0
2.0,1.0,1.0,,Aggregate Position Limit,Your CRO has set the aggregate position limit to 12000 shares for this week.,122,2026-02-01 09:28:22.311345,SPNG,25.89,25.89,25.95,1015400.0,1013.0,1337900.0,1013.0,,,0,0
1.0,1.0,1.0,,Welcome to the RITC 2026 Alogithmic Market Making Case - practice server,,122,2026-02-01 09:28:22.311345,SMMR,26.33,26.33,26.34,998100.0,1571.0,1236300.0,1571.0,,,0,0
,,,,,,122,2026-02-01 09:28:22.311345,ATMN,26.61,26.61,26.72,1019100.0,601.0,1210600.0,601.0,,,0,0
,,,,,,122,2026-02-01 09:28:22.311345,WNTR,24.05,23.89,23.99,880600.0,,1387500.0,,10000.0,29423.0,0,0
2.0,1.0,1.0,,Aggregate Position Limit,Your CRO has set the aggregate position limit to 12000 shares for this week.,123,2026-02-01 09:28:23.330506,SPNG,25.89,25.78,25.83,1249300.0,1472500.0,,,,,0,0
1.0,1.0,1.0,,Welcome to the RITC 2026 Alogithmic Market Making Case - practice server,,123,2026-02-01 09:28:23.330506,SMMR,26.34,26.31,26.34,873300.0,1341900.0,2246.0,2246.0,,,0,0
,,,,,,123,2026-02-01 09:28:23.330506,ATMN,26.61,26.61,26.72,919100.0,1436100.0,,,,,0,0
,,,,,,123,2026-02-01 09:28:23.330506,WNTR,23.89,23.89,23.99,880600.0,1601500.0,,,10000.0,25000.0,0,0
2.0,1.0,1.0,,Aggregate Position Limit,Your CRO has set the aggregate position limit to 12000 shares for this week.,124,2026-02-01 09:28:24.365374,SPNG,25.88,25.88,25.95,1454400.0,1013.0,1440300.0,,,,0,0
1.0,1.0,1.0,,Welcome to the RITC 2026 Alogithmic Market Making Case - practice server,,124,2026-02-01 09:28:24.365374,SMMR,26.22,26.31,26.34,996700.0,,1435800.0,1572.0,,,0,0
,,,,,,124,2026-02-01 09:28:24.365374,ATMN,26.61,26.46,26.58,1184000.0,,1542500.0,,,,0,0
,,,,,,124,2026-02-01 09:28:24.365374,WNTR,23.38,23.26,23.29,961400.0,,1434900.0,,5000.0,30000.0,0,0
2.0,1.0,1.0,,Aggregate Position Limit,Your CRO has set the aggregate position limit to 12000 shares for this week.,125,2026-02-01 09:28:25.392851,SPNG,25.88,25.88,25.95,1831400.0,1440300.0,,,,,0,0
1.0,1.0,1.0,,Welcome to the RITC 2026 Alogithmic Market Making Case - practice server,,125,2026-02-01 09:28:25.392851,SMMR,26.31,25.95,26.23,873300.0,1776700.0,,,,,0,0
,,,,,,125,2026-02-01 09:28:25.392851,ATMN,26.76,26.46,26.61,1366400.0,1311100.0,756.0,756.0,,,0,0
,,,,,,125,2026-02-01 09:28:25.392851,WNTR,23.25,23.25,23.29,962000.0,1400100.0,,,5000.0,40000.0,0,0
2.0,1.0,1.0,,Aggregate Position Limit,Your CRO has set the aggregate position limit to 12000 shares for this week.,126,2026-02-01 09:28:26.416447,SPNG,25.95,26.26,26.42,1835100.0,1235100.0,,,0,0,0,0
1.0,1.0,1.0,,Welcome to the RITC 2026 Alogithmic Market Making Case - practice server,,126,2026-02-01 09:28:26.416447,SMMR,26.28,25.95,26.14,873300.0,1674500.0,,,0,0,0,0
,,,,,,126,2026-02-01 09:28:26.416447,ATMN,26.76,26.49,26.76,1627300.0,1400400.0,,,0,0,0,0
,,,,,,126,2026-02-01 09:28:26.416447,WNTR,23.19,23.13,23.14,1071500.0,1316800.0,45000.0,861.0,0,0,0,0
2.0,1.0,1.0,,Aggregate Position Limit,Your CRO has set the aggregate position limit to 12000 shares for this week.,127,2026-02-01 09:28:27.435403,SPNG,26.42,25.78,26.42,1739100.0,1337300.0,,,,0,0,0
1.0,1.0,1.0,,Welcome to the RITC 2026 Alogithmic Market Making Case - practice server,,127,2026-02-01 09:28:27.435403,SMMR,26.07,26.07,26.34,983500.0,1556900.0,,,,0,0,0
,,,,,,127,2026-02-01 09:28:27.435403,ATMN,26.46,26.46,26.76,1495800.0,1625000.0,,,,0,0,0
,,,,,,127,2026-02-01 09:28:27.435403,WNTR,23.13,23.13,23.14,1071500.0,1498000.0,5000.0,861.0,40000.0,0,0,0
2.0,1.0,1.0,,Aggregate Position Limit,Your CRO has set the aggregate position limit to 12000 shares for this week.,128,2026-02-01 09:28:28.470654,SPNG,25.72,25.72,25.9,1658000.0,625.0,1558400.0,,,,0,0
1.0,1.0,1.0,,Welcome to the RITC 2026 Alogithmic Market Making Case - practice server,,128,2026-02-01 09:28:28.470654,SMMR,26.07,26.19,26.24,1072100.0,,1743600.0,,,,0,0
,,,,,,128,2026-02-01 09:28:28.470654,ATMN,26.39,26.39,26.76,1274300.0,,1726400.0,,,,0,0
,,,,,,128,2026-02-01 09:28:28.470654,WNTR,23.17,23.17,23.19,1206600.0,,1771800.0,5000.0,1057.0,25000.0,0,0
2.0,1.0,1.0,,Aggregate Position Limit,Your CRO has set the aggregate position limit to 12000 shares for this week.,129,2026-02-01 09:28:29.505067,SPNG,25.9,26.09,26.42,1885300.0,1568900.0,,,,,0,0
1.0,1.0,1.0,,Welcome to the RITC 2026 Alogithmic Market Making Case - practice server,,129,2026-02-01 09:28:29.505067,SMMR,26.34,26.19,26.24,1168700.0,1762400.0,868.0,,,,0,0
,,,,,,129,2026-02-01 09:28:29.505067,ATMN,26.39,26.72,26.76,1373700.0,1966900.0,,,,,0,0
,,,,,,129,2026-02-01 09:28:29.505067,WNTR,23.13,23.13,23.19,1319200.0,1771800.0,1479.0,5000.0,1479.0,25000.0,0,0
2.0,1.0,1.0,,Aggregate Position Limit,Your CRO has set the aggregate position limit to 12000 shares for this week.,130,2026-02-01 09:28:30.537884,SPNG,25.69,25.69,26.42,1541800.0,1666500.0,,,,0,0,0
1.0,1.0,1.0,,Welcome to the RITC 2026 Alogithmic Market Making Case - practice server,,130,2026-02-01 09:28:30.537884,SMMR,26.36,26.07,26.36,1080100.0,1746800.0,,,,0,0,0
,,,,,,130,2026-02-01 09:28:30.537884,ATMN,26.39,26.72,26.76,1373700.0,2016700.0,1076.0,1076.0,,0,0,0
,,,,,,130,2026-02-01 09:28:30.537884,WNTR,23.11,23.11,23.14,1187000.0,1802600.0,1479.0,1479.0,25000.0,0,0,0
2.0,1.0,1.0,,Aggregate Position Limit,Your CRO has set the aggregate position limit to 12000 shares for this week.,131,2026-02-01 09:28:31.571736,SPNG,25.69,25.69,26.03,1669100.0,1905100.0,,,,,0,0
1.0,1.0,1.0,,Welcome to the RITC 2026 Alogithmic Market Making Case - practice server,,131,2026-02-01 09:28:31.571736,SMMR,26.36,26.07,26.29,1183600.0,1942200.0,1736.0,1736.0,,,0,0
,,,,,,131,2026-02-01 09:28:31.571736,ATMN,26.37,26.37,26.73,1153400.0,2139800.0,,,,,0,0
,,,,,,131,2026-02-01 09:28:31.571736,WNTR,23.28,23.11,23.21,1187000.0,1922700.0,,,5000.0,20000.0,0,0
2.0,1.0,1.0,,Aggregate Position Limit,Your CRO has set the aggregate position limit to 12000 shares for this week.,132,2026-02-01 09:28:32.606423,SPNG,26.03,25.92,26.03,1935900.0,1250.0,1934400.0,1250.0,,,0,0
1.0,1.0,1.0,,Welcome to the RITC 2026 Alogithmic Market Making Case - practice server,,132,2026-02-01 09:28:32.606423,SMMR,26.29,26.07,26.29,1183600.0,,1942200.0,,,,0,0
,,,,,,132,2026-02-01 09:28:32.606423,ATMN,26.49,26.37,26.49,1288300.0,,2177800.0,,,,0,0
,,,,,,132,2026-02-01 09:28:32.606423,WNTR,23.21,23.12,23.21,1184000.0,3264.0,1628000.0,3264.0,5000.0,35000.0,0,0
2.0,1.0,1.0,,Aggregate Position Limit,Your CRO has set the aggregate position limit to 12000 shares for this week.,134,2026-02-01 09:28:33.639411,SPNG,25.92,25.92,26.12,2177200.0,1875600.0,,,,,0,0
1.0,1.0,1.0,,Welcome to the RITC 2026 Alogithmic Market Making Case - practice server,,134,2026-02-01 09:28:33.639411,SMMR,25.95,26.26,26.29,1161600.0,2038100.0,,,,,0,0
,,,,,,134,2026-02-01 09:28:33.639411,ATMN,26.49,26.4,26.49,1806000.0,2076400.0,1736.0,1736.0,,,0,0
,,,,,,134,2026-02-01 09:28:33.639411,WNTR,23.12,23.17,23.21,1308400.0,1715000.0,3264.0,3264.0,5000.0,25000.0,0,0
2.0,1.0,1.0,,Aggregate Position Limit,Your CRO has set the aggregate position limit to 12000 shares for this week.,135,2026-02-01 09:28:34.682605,SPNG,26.42,25.92,26.44,2299300.0,1775800.0,,,,0,0,0
1.0,1.0,1.0,,Welcome to the RITC 2026 Alogithmic Market Making Case - practice server,,135,2026-02-01 09:28:34.682605,SMMR,26.26,25.95,26.2,1070000.0,2081200.0,,,,0,0,0
,,,,,,135,2026-02-01 09:28:34.682605,ATMN,26.5,26.61,26.73,1928100.0,2178800.0,,,,0,0,0
,,,,,,135,2026-02-01 09:28:34.682605,WNTR,23.29,23.17,23.29,1433800.0,2027100.0,2285.0,5000.0,10000.0,0,0,0
2.0,1.0,1.0,,Aggregate Position Limit,Your CRO has set the aggregate position limit to 12000 shares for this week.,136,2026-02-01 09:28:35.710543,SPNG,25.79,26.17,26.32,2286100.0,1892500.0,,,,,0,0
1.0,1.0,1.0,,Welcome to the RITC 2026 Alogithmic Market Making Case - practice server,,136,2026-02-01 09:28:35.710543,SMMR,26.27,26.07,26.27,1292500.0,2064200.0,,,,,0,0
,,,,,,136,2026-02-01 09:28:35.710543,ATMN,26.61,26.35,26.44,1571600.0,2086100.0,1421.0,,,,0,0
,,,,,,136,2026-02-01 09:28:35.710543,WNTR,23.15,23.15,23.29,1433800.0,1923400.0,3444.0,3444.0,5000.0,10000.0,0,0
2.0,1.0,1.0,,Aggregate Position Limit,Your CRO has set the aggregate position limit to 12000 shares for this week.,137,2026-02-01 09:28:36.748368,SPNG,25.61,26.04,26.32,2284100.0,1996500.0,,,,,0,0
1.0,1.0,1.0,,Welcome to the RITC 2026 Alogithmic Market Making Case - practice server,,137,2026-02-01 09:28:36.748368,SMMR,26.27,26.15,26.27,1511100.0,1946200.0,1216.0,1216.0,,,0,0
,,,,,,137,2026-02-01 09:28:36.748368,ATMN,26.73,26.48,26.73,1663800.0,2213800.0,,,,,0,0
,,,,,,137,2026-02-01 09:28:36.748368,WNTR,23.29,23.13,23.29,1415700.0,2015100.0,,,5000.0,10000.0,0,0
2.0,1.0,1.0,,Aggregate Position Limit,Your CRO has set the aggregate position limit to 12000 shares for this week.,138,2026-02-01 09:28:37.779366,SPNG,26.32,25.6,26.32,2265800.0,1996500.0,,,0,0,0,0
1.0,1.0,1.0,,Welcome to the RITC 2026 Alogithmic Market Making Case - practice server,,138,2026-02-01 09:28:37.779366,SMMR,26.39,26.15,26.18,1634500.0,1906100.0,,,0,0,0,0
,,,,,,138,2026-02-01 09:28:37.779366,ATMN,26.35,26.35,26.73,1571600.0,2213800.0,,,0,0,0,0
,,,,,,138,2026-02-01 09:28:37.779366,WNTR,23.3,23.26,23.3,1523400.0,2010800.0,5000.0,5000.0,0,0,0,0
2.0,1.0,1.0,,Aggregate Position Limit,Your CRO has set the aggregate position limit to 12000 shares for this week.,139,2026-02-01 09:28:38.812991,SPNG,26.32,26.0,26.28,2381000.0,2067700.0,,,,0,0,0
1.0,1.0,1.0,,Welcome to the RITC 2026 Alogithmic Market Making Case - practice server,,139,2026-02-01 09:28:38.812991,SMMR,26.15,26.15,26.39,1634500.0,1915100.0,,,,0,0,0
,,,,,,139,2026-02-01 09:28:38.812991,ATMN,26.35,26.61,26.73,1705100.0,2211200.0,,,,0,0,0
,,,,,,139,2026-02-01 09:28:38.812991,WNTR,23.3,23.26,23.3,1622200.0,1892700.0,1317.0,10000.0,10000.0,0,0,0
2.0,1.0,1.0,,Aggregate Position Limit,Your CRO has set the aggregate position limit to 12000 shares for this week.,140,2026-02-01 09:28:39.847528,SPNG,26.32,26.0,26.28,2381000.0,1250.0,2030600.0,1250.0,,,0,0
1.0,1.0,1.0,,Welcome to the RITC 2026 Alogithmic Market Making Case - practice server,,140,2026-02-01 09:28:39.847528,SMMR,26.15,26.15,26.24,1728700.0,,1991900.0,,,,0,0
,,,,,,140,2026-02-01 09:28:39.847528,ATMN,26.61,26.61,26.73,1825400.0,1789.0,2093900.0,1789.0,,,0,0
,,,,,,140,2026-02-01 09:28:39.847528,WNTR,23.13,23.21,23.3,1766100.0,1832.0,1805700.0,1881.0,5000.0,10000.0,0,0
2.0,1.0,1.0,,Aggregate Position Limit,Your CRO has set the aggregate position limit to 12000 shares for this week.,141,2026-02-01 09:28:40.886417,SPNG,26.28,26.09,26.28,2376400.0,2112700.0,,,,,0,0
1.0,1.0,1.0,,Welcome to the RITC 2026 Alogithmic Market Making Case - practice server,,141,2026-02-01 09:28:40.886417,SMMR,26.15,26.15,26.24,2009600.0,1896900.0,2131.0,2131.0,,,0,0
,,,,,,141,2026-02-01 09:28:40.886417,ATMN,26.43,26.58,26.73,1945500.0,2209600.0,,,,,0,0
,,,,,,141,2026-02-01 09:28:40.886417,WNTR,23.2,23.2,23.3,2017000.0,1805700.0,,1284.0,10000.0,10000.0,0,0
2.0,1.0,1.0,,Aggregate Position Limit,Your CRO has set the aggregate position limit to 12000 shares for this week.,142,2026-02-01 09:28:41.926814,SPNG,25.67,26.14,26.28,2489000.0,2112700.0,,,,0,0,0
1.0,1.0,1.0,,Welcome to the RITC 2026 Alogithmic Market Making Case - practice server,,142,2026-02-01 09:28:41.926814,SMMR,26.15,26.15,26.21,1910400.0,1907900.0,2131.0,2131.0,,0,0,0
,,,,,,142,2026-02-01 09:28:41.926814,ATMN,26.73,26.58,26.73,1945500.0,2209600.0,,,,0,0,0
,,,,,,142,2026-02-01 09:28:41.926814,WNTR,23.34,23.3,23.34,2114800.0,2125800.0,,,10000.0,0,0,0
2.0,1.0,1.0,,Aggregate Position Limit,Your CRO has set the aggregate position limit to 12000 shares for this week.,143,2026-02-01 09:28:42.954240,SPNG,25.68,25.68,26.18,2380700.0,2151300.0,,,0,0,0,0
1.0,1.0,1.0,,Welcome to the RITC 2026 Alogithmic Market Making Case - practice server,,143,2026-02-01 09:28:42.954240,SMMR,26.09,26.07,26.09,1512900.0,1899700.0,720.0,,0,0,0,0
,,,,,,143,2026-02-01 09:28:42.954240,ATMN,26.4,26.4,26.67,1923300.0,2205000.0,,,0,0,0,0
,,,,,,143,2026-02-01 09:28:42.954240,WNTR,23.37,23.3,23.37,1968000.0,2100600.0,,20000.0,0,0,0,0
2.0,1.0,1.0,,Aggregate Position Limit,Your CRO has set the aggregate position limit to 12000 shares for this week.,144,2026-02-01 09:28:43.982960,SPNG,25.68,25.68,26.12,2380700.0,2134100.0,,,,0,0,0
1.0,1.0,1.0,,Welcome to the RITC 2026 Alogithmic Market Making Case - practice server,,144,2026-02-01 09:28:43.982960,SMMR,26.21,26.07,26.21,1619100.0,1994700.0,,,,0,0,0
,,,,,,144,2026-02-01 09:28:43.982960,ATMN,26.72,26.72,26.73,2019500.0,2209800.0,1026.0,,,0,0,0
,,,,,,144,2026-02-01 09:28:43.982960,WNTR,23.2,23.13,23.14,2006600.0,2049700.0,,10000.0,5000.0,0,0,0
2.0,1.0,1.0,,Aggregate Position Limit,Your CRO has set the aggregate position limit to 12000 shares for this week.,145,2026-02-01 09:28:45.015920,SPNG,25.68,25.68,26.12,2376000.0,2134100.0,,,0,0,0,0
1.0,1.0,1.0,,Welcome to the RITC 2026 Alogithmic Market Making Case - practice server,,145,2026-02-01 09:28:45.015920,SMMR,26.21,26.02,26.21,1594100.0,1994700.0,,,0,0,0,0
,,,,,,145,2026-02-01 09:28:45.015920,ATMN,26.49,26.49,26.55,2015200.0,2216600.0,,,0,0,0,0
,,,,,,145,2026-02-01 09:28:45.015920,WNTR,23.27,23.31,23.34,2126000.0,2035500.0,10000.0,5000.0,0,0,0,0
2.0,1.0,1.0,,Aggregate Position Limit,Your CRO has set the aggregate position limit to 12000 shares for this week.,146,2026-02-01 09:28:46.042978,SPNG,26.12,25.68,26.12,2337600.0,2134100.0,,,0,0,0,0
1.0,1.0,1.0,,Welcome to the RITC 2026 Alogithmic Market Making Case - practice server,,146,2026-02-01 09:28:46.042978,SMMR,26.21,26.02,26.21,1716200.0,2000000.0,,,0,0,0,0
,,,,,,146,2026-02-01 09:28:46.042978,ATMN,26.55,26.54,26.55,2123400.0,2191600.0,,,0,0,0,0
,,,,,,146,2026-02-01 09:28:46.042978,WNTR,23.31,23.13,23.31,1966600.0,2074300.0,15000.0,5000.0,0,0,0,0
2.0,1.0,1.0,,Aggregate Position Limit,Your CRO has set the aggregate position limit to 12000 shares for this week.,147,2026-02-01 09:28:47.072769,SPNG,26.18,25.68,26.04,2201000.0,686.0,2141100.0,,,0,0,0
1.0,1.0,1.0,,Welcome to the RITC 2026 Alogithmic Market Making Case - practice server,,147,2026-02-01 09:28:47.072769,SMMR,26.12,26.13,26.21,1830300.0,,2014100.0,,,0,0,0
,,,,,,147,2026-02-01 09:28:47.072769,ATMN,26.55,26.54,26.55,2226800.0,,2210100.0,,,0,0,0
,,,,,,147,2026-02-01 09:28:47.072769,WNTR,23.34,23.28,23.34,1912800.0,,2070300.0,15000.0,5000.0,0,0,0
2.0,1.0,1.0,,Aggregate Position Limit,Your CRO has set the aggregate position limit to 12000 shares for this week.,148,2026-02-01 09:28:48.092531,SPNG,26.04,25.68,26.04,2308300.0,2141100.0,,,,0,0,0
1.0,1.0,1.0,,Welcome to the RITC 2026 Alogithmic Market Making Case - practice server,,148,2026-02-01 09:28:48.092531,SMMR,26.13,26.02,26.12,1944900.0,2016300.0,,,,0,0,0
,,,,,,148,2026-02-01 09:28:48.092531,ATMN,26.39,26.39,26.59,1896200.0,2091000.0,709.0,,,0,0,0
,,,,,,148,2026-02-01 09:28:48.092531,WNTR,23.28,23.28,23.36,1800800.0,1973700.0,933.0,20000.0,5000.0,0,0,0
2.0,1.0,1.0,,Aggregate Position Limit,Your CRO has set the aggregate position limit to 12000 shares for this week.,149,2026-02-01 09:28:49.125733,SPNG,26.04,25.77,26.04,2276400.0,2141100.0,,,,0,0,0
1.0,1.0,1.0,,Welcome to the RITC 2026 Alogithmic Market Making Case - practice server,,149,2026-02-01 09:28:49.125733,SMMR,26.21,26.02,26.16,2055900.0,2003700.0,,,,0,0,0
,,,,,,149,2026-02-01 09:28:49.125733,ATMN,26.73,26.48,26.73,2134900.0,2211800.0,,,,0,0,0
,,,,,,149,2026-02-01 09:28:49.125733,WNTR,23.26,23.27,23.36,1807200.0,2004600.0,20000.0,5000.0,933.0,0,0,0
2.0,1.0,1.0,,Aggregate Position Limit,Your CRO has set the aggregate position limit to 12000 shares for this week.,150,2026-02-01 09:28:50.158261,SPNG,25.68,25.93,26.04,2172000.0,686.0,2141100.0,,,,0,0
1.0,1.0,1.0,,Welcome to the RITC 2026 Alogithmic Market Making Case - practice server,,150,2026-02-01 09:28:50.158261,SMMR,26.02,26.02,26.16,2156800.0,,1920200.0,837.0,,,0,0
,,,,,,150,2026-02-01 09:28:50.158261,ATMN,26.76,26.48,26.76,2134900.0,,2177900.0,,,,0,0
,,,,,,150,2026-02-01 09:28:50.158261,WNTR,23.26,23.26,23.31,1796300.0,1306.0,1991400.0,1306.0,15000.0,5000.0,0,0
2.0,1.0,1.0,,Aggregate Position Limit,Your CRO has set the aggregate position limit to 12000 shares for this week.,151,2026-02-01 09:28:51.182877,SPNG,26.28,25.93,26.28,2267100.0,2153500.0,,,,,0,0
1.0,1.0,1.0,,Welcome to the RITC 2026 Alogithmic Market Making Case - practice server,,151,2026-02-01 09:28:51.182877,SMMR,26.02,26.03,26.16,2077600.0,1920200.0,1673.0,1673.0,,,0,0
,,,,,,151,2026-02-01 09:28:51.182877,ATMN,26.48,26.48,26.76,2134900.0,2047900.0,1601.0,1601.0,,,0,0
,,,,,,151,2026-02-01 09:28:51.182877,WNTR,23.19,23.19,23.36,1702700.0,1895500.0,2290.0,2290.0,20000.0,10000.0,0,0
2.0,1.0,1.0,,Aggregate Position Limit,Your CRO has set the aggregate position limit to 12000 shares for this week.,152,2026-02-01 09:28:52.232880,SPNG,25.93,25.93,26.13,2275000.0,2175600.0,,,,0,0,0
1.0,1.0,1.0,,Welcome to the RITC 2026 Alogithmic Market Making Case - practice server,,152,2026-02-01 09:28:52.232880,SMMR,26.21,26.04,26.21,2202100.0,2039400.0,,,,0,0,0
,,,,,,152,2026-02-01 09:28:52.232880,ATMN,26.48,26.48,26.76,2134900.0,2062500.0,801.0,,,0,0,0
,,,,,,152,2026-02-01 09:28:52.232880,WNTR,23.37,23.33,23.37,1580600.0,2105400.0,,40000.0,5000.0,0,0,0
2.0,1.0,1.0,,Aggregate Position Limit,Your CRO has set the aggregate position limit to 12000 shares for this week.,153,2026-02-01 09:28:53.270771,SPNG,25.83,25.83,26.13,2251600.0,2175600.0,,,,,0,0
1.0,1.0,1.0,,Welcome to the RITC 2026 Alogithmic Market Making Case - practice server,,153,2026-02-01 09:28:53.270771,SMMR,26.04,26.04,26.21,2205800.0,2039400.0,,,,,0,0
,,,,,,153,2026-02-01 09:28:53.270771,ATMN,26.61,26.64,26.76,2236700.0,2053300.0,1601.0,1601.0,,,0,0
,,,,,,153,2026-02-01 09:28:53.270771,WNTR,23.25,23.33,23.37,1853200.0,2011000.0,3328.0,3328.0,15000.0,5000.0,0,0
2.0,1.0,1.0,,Aggregate Position Limit,Your CRO has set the aggregate position limit to 12000 shares for this week.,154,2026-02-01 09:28:54.292571,SPNG,25.83,25.68,25.75,2259700.0,2150300.0,,,,,0,0
1.0,1.0,1.0,,Welcome to the RITC 2026 Alogithmic Market Making Case - practice server,,154,2026-02-01 09:28:54.292571,SMMR,26.24,26.04,26.24,2197100.0,2032900.0,,,,,0,0
,,,,,,154,2026-02-01 09:28:54.292571,ATMN,26.48,26.39,26.42,2121200.0,2197700.0,,,,,0,0
,,,,,,154,2026-02-01 09:28:54.292571,WNTR,23.25,23.36,23.38,1721700.0,2003700.0,2162.0,20000.0,2162.0,5000.0,0,0
2.0,1.0,1.0,,Aggregate Position Limit,Your CRO has set the aggregate position limit to 12000 shares for this week.,155,2026-02-01 09:28:55.313834,SPNG,25.75,26.11,26.13,2175200.0,1372.0,2175600.0,,0,0,0,0
1.0,1.0,1.0,,Welcome to the RITC 2026 Alogithmic Market Making Case - practice server,,155,2026-02-01 09:28:55.313834,SMMR,26.26,26.04,26.2,2197100.0,,2063600.0,,0,0,0,0
,,,,,,155,2026-02-01 09:28:55.313834,ATMN,26.69,26.51,26.69,2335500.0,,2178100.0,,0,0,0,0
,,,,,,155,2026-02-01 09:28:55.313834,WNTR,23.26,23.26,23.45,1719700.0,,2210600.0,25000.0,0,0,0,0
2.0,1.0,1.0,,Aggregate Position Limit,Your CRO has set the aggregate position limit to 12000 shares for this week.,156,2026-02-01 09:28:56.332875,SPNG,26.11,26.11,26.13,2305400.0,2176600.0,,,0,0,0,0
1.0,1.0,1.0,,Welcome to the RITC 2026 Alogithmic Market Making Case - practice server,,156,2026-02-01 09:28:56.332875,SMMR,26.26,26.15,26.2,2204200.0,2086300.0,,,0,0,0,0
,,,,,,156,2026-02-01 09:28:56.332875,ATMN,26.35,26.35,26.59,2008600.0,2186400.0,,,0,0,0,0
,,,,,,156,2026-02-01 09:28:56.332875,WNTR,23.26,23.33,23.39,1722600.0,2137000.0,25000.0,5000.0,0,0,0,0
2.0,1.0,1.0,,Aggregate Position Limit,Your CRO has set the aggregate position limit to 12000 shares for this week.,157,2026-02-01 09:28:57.361880,SPNG,25.65,25.65,26.13,2293400.0,2094300.0,774.0,,,,0,0
1.0,1.0,1.0,,Welcome to the RITC 2026 Alogithmic Market Making Case - practice server,,157,2026-02-01 09:28:57.361880,SMMR,26.15,26.15,26.2,2090400.0,2015000.0,1361.0,1361.0,,,0,0
,,,,,,157,2026-02-01 09:28:57.361880,ATMN,26.77,26.35,26.77,2122600.0,2192200.0,,,,,0,0
,,,,,,157,2026-02-01 09:28:57.361880,WNTR,23.33,23.33,23.39,1585600.0,1938900.0,1513.0,1513.0,25000.0,10000.0,0,0
2.0,1.0,1.0,,Aggregate Position Limit,Your CRO has set the aggregate position limit to 12000 shares for this week.,158,2026-02-01 09:28:58.384078,SPNG,25.97,25.97,26.13,2300500.0,2208700.0,,,,0,0,0
1.0,1.0,1.0,,Welcome to the RITC 2026 Alogithmic Market Making Case - practice server,,158,2026-02-01 09:28:58.384078,SMMR,26.03,26.03,26.19,2179500.0,1996600.0,1361.0,,,0,0,0
,,,,,,158,2026-02-01 09:28:58.384078,ATMN,26.45,26.35,26.45,2255400.0,2212200.0,,,,0,0,0
,,,,,,158,2026-02-01 09:28:58.384078,WNTR,23.26,23.25,23.26,1694900.0,2047700.0,,25000.0,10000.0,0,0,0
2.0,1.0,1.0,,Aggregate Position Limit,Your CRO has set the aggregate position limit to 12000 shares for this week.,159,2026-02-01 09:28:59.403129,SPNG,25.64,25.64,26.13,2280600.0,879.0,2084700.0,,,0,0,0
1.0,1.0,1.0,,Welcome to the RITC 2026 Alogithmic Market Making Case - practice server,,159,2026-02-01 09:28:59.403129,SMMR,26.19,26.17,26.19,2197100.0,,2107200.0,,,0,0,0
,,,,,,159,2026-02-01 09:28:59.403129,ATMN,26.79,26.35,26.57,2353000.0,,2173400.0,,,0,0,0
,,,,,,159,2026-02-01 09:28:59.403129,WNTR,23.26,23.32,23.35,1681500.0,,2081400.0,25000.0,10000.0,0,0,0
2.0,1.0,1.0,,Aggregate Position Limit,Your CRO has set the aggregate position limit to 12000 shares for this week.,160,2026-02-01 09:29:00.438698,SPNG,26.24,25.64,26.24,2302600.0,2159100.0,,,,0,0,0
1.0,1.0,1.0,,Welcome to the RITC 2026 Alogithmic Market Making Case - practice server,,160,2026-02-01 09:29:00.438698,SMMR,26.2,26.17,26.2,2100500.0,2110200.0,1503.0,,,0,0,0
,,,,,,160,2026-02-01 09:29:00.438698,ATMN,26.64,26.35,26.64,2330700.0,2182200.0,,,,0,0,0
,,,,,,160,2026-02-01 09:29:00.438698,WNTR,23.43,23.42,23.43,1562100.0,2036700.0,2652.0,25000.0,10000.0,0,0,0
2.0,1.0,1.0,,Aggregate Position Limit,Your CRO has set the aggregate position limit to 12000 shares for this week.,161,2026-02-01 09:29:01.472415,SPNG,25.94,25.7,25.94,2208300.0,1426.0,2101900.0,1426.0,,,0,0
1.0,1.0,1.0,,Welcome to the RITC 2026 Alogithmic Market Making Case - practice server,,161,2026-02-01 09:29:01.472415,SMMR,26.15,26.03,26.12,2179500.0,,2033000.0,1991.0,,,0,0
,,,,,,161,2026-02-01 09:29:01.472415,ATMN,26.79,26.69,26.79,2327800.0,,2192000.0,,,,0,0
,,,,,,161,2026-02-01 09:29:01.472415,WNTR,23.43,23.42,23.43,1559800.0,,1924300.0,,30000.0,15000.0,0,0
2.0,1.0,1.0,,Aggregate Position Limit,Your CRO has set the aggregate position limit to 12000 shares for this week.,162,2026-02-01 09:29:02.506372,SPNG,26.31,25.7,26.12,2309800.0,2190400.0,,,,0,0,0
1.0,1.0,1.0,,Welcome to the RITC 2026 Alogithmic Market Making Case - practice server,,162,2026-02-01 09:29:02.506372,SMMR,26.21,26.07,26.21,2193400.0,2096700.0,,,,0,0,0
,,,,,,162,2026-02-01 09:29:02.506372,ATMN,26.69,26.69,26.72,2327800.0,2190000.0,,,,0,0,0
,,,,,,162,2026-02-01 09:29:02.506372,WNTR,23.41,23.32,23.41,1558200.0,2041300.0,30000.0,5000.0,879.0,0,0,0
2.0,1.0,1.0,,Aggregate Position Limit,Your CRO has set the aggregate position limit to 12000 shares for this week.,163,2026-02-01 09:29:03.541662,SPNG,25.7,25.7,26.38,2301600.0,2193600.0,,,0,0,0,0
1.0,1.0,1.0,,Welcome to the RITC 2026 Alogithmic Market Making Case - practice server,,163,2026-02-01 09:29:03.541662,SMMR,26.03,26.03,26.12,2179500.0,2108800.0,,,0,0,0,0
,,,,,,163,2026-02-01 09:29:03.541662,ATMN,26.72,26.57,26.72,2323800.0,2190000.0,,,0,0,0,0
,,,,,,163,2026-02-01 09:29:03.541662,WNTR,23.32,23.35,23.45,1557700.0,2132400.0,35000.0,5000.0,0,0,0,0
2.0,1.0,1.0,,Aggregate Position Limit,Your CRO has set the aggregate position limit to 12000 shares for this week.,164,2026-02-01 09:29:04.572877,SPNG,26.44,25.7,26.29,2160700.0,999.0,2102800.0,999.0,,,0,0
1.0,1.0,1.0,,Welcome to the RITC 2026 Alogithmic Market Making Case - practice server,,164,2026-02-01 09:29:04.572877,SMMR,26.12,26.17,26.21,2080000.0,942.0,2096700.0,,,,0,0
,,,,,,164,2026-02-01 09:29:04.572877,ATMN,26.79,26.57,26.73,2226400.0,981.0,2083200.0,981.0,,,0,0
,,,,,,164,2026-02-01 09:29:04.572877,WNTR,23.36,23.38,23.45,1603700.0,1566.0,1931600.0,1566.0,25000.0,10000.0,0,0
2.0,1.0,1.0,,Aggregate Position Limit,Your CRO has set the aggregate position limit to 12000 shares for this week.,165,2026-02-01 09:29:05.642822,SPNG,26.44,26.15,26.23,2267100.0,2220900.0,,,0,0,0,0
1.0,1.0,1.0,,Welcome to the RITC 2026 Alogithmic Market Making Case - practice server,,165,2026-02-01 09:29:05.642822,SMMR,26.02,26.02,26.09,2151500.0,2077800.0,,,0,0,0,0
,,,,,,165,2026-02-01 09:29:05.642822,ATMN,26.57,26.35,26.53,2339700.0,2201200.0,,,0,0,0,0
,,,,,,165,2026-02-01 09:29:05.642822,WNTR,23.32,23.32,23.38,1694200.0,2030900.0,25000.0,10000.0,0,0,0,0
2.0,1.0,1.0,,Aggregate Position Limit,Your CRO has set the aggregate position limit to 12000 shares for this week.,166,2026-02-01 09:29:06.670798,SPNG,26.23,25.64,26.23,2281300.0,2220900.0,,,,,0,0
1.0,1.0,1.0,,Welcome to the RITC 2026 Alogithmic Market Making Case - practice server,,166,2026-02-01 09:29:06.670798,SMMR,26.23,26.02,26.07,2054500.0,2003100.0,1651.0,1651.0,,,0,0
,,,,,,166,2026-02-01 09:29:06.670798,ATMN,26.82,26.35,26.82,2340400.0,2235500.0,,,,,0,0
,,,,,,166,2026-02-01 09:29:06.670798,WNTR,23.3,23.34,23.38,1591900.0,1917000.0,2063.0,2063.0,25000.0,10000.0,0,0
2.0,1.0,1.0,,Aggregate Position Limit,Your CRO has set the aggregate position limit to 12000 shares for this week.,167,2026-02-01 09:29:07.702595,SPNG,26.08,25.64,25.7,2275000.0,2240700.0,,,,0,0,0
1.0,1.0,1.0,,Welcome to the RITC 2026 Alogithmic Market Making Case - practice server,,167,2026-02-01 09:29:07.702595,SMMR,26.23,26.23,26.24,2186200.0,2076600.0,,,,0,0,0
,,,,,,167,2026-02-01 09:29:07.702595,ATMN,26.86,26.35,26.86,2340400.0,2176100.0,,,,0,0,0
,,,,,,167,2026-02-01 09:29:07.702595,WNTR,23.3,23.36,23.38,1710900.0,1845200.0,25000.0,1357.0,15000.0,0,0,0
2.0,1.0,1.0,,Aggregate Position Limit,Your CRO has set the aggregate position limit to 12000 shares for this week.,168,2026-02-01 09:29:08.742511,SPNG,26.08,25.64,25.7,2271000.0,2240700.0,,,,,0,0
1.0,1.0,1.0,,Welcome to the RITC 2026 Alogithmic Market Making Case - practice server,,168,2026-02-01 09:29:08.742511,SMMR,26.23,26.02,26.21,2171400.0,2073100.0,,,,,0,0
,,,,,,168,2026-02-01 09:29:08.742511,ATMN,26.33,26.33,26.86,2229000.0,2074700.0,970.0,970.0,,,0,0
,,,,,,168,2026-02-01 09:29:08.742511,WNTR,23.36,23.36,23.38,1599400.0,1851400.0,1900.0,1900.0,25000.0,15000.0,0,0
2.0,1.0,1.0,,Aggregate Position Limit,Your CRO has set the aggregate position limit to 12000 shares for this week.,169,2026-02-01 09:29:09.775995,SPNG,25.64,25.64,26.29,2194800.0,999.0,2217300.0,,,,0,0
1.0,1.0,1.0,,Welcome to the RITC 2026 Alogithmic Market Making Case - practice server,,169,2026-02-01 09:29:09.775995,SMMR,26.21,26.1,26.21,2045600.0,1343.0,1966100.0,1343.0,,,0,0
,,,,,,169,2026-02-01 09:29:09.775995,ATMN,26.91,26.33,26.66,2229000.0,1146.0,2017600.0,1146.0,,,0,0
,,,,,,169,2026-02-01 09:29:09.775995,WNTR,23.38,23.3,23.38,1680700.0,1900.0,1748300.0,1900.0,20000.0,20000.0,0,0
2.0,1.0,1.0,,Aggregate Position Limit,Your CRO has set the aggregate position limit to 12000 shares for this week.,170,2026-02-01 09:29:10.830229,SPNG,26.45,25.64,26.45,2288100.0,2216900.0,,,,,0,0
1.0,1.0,1.0,,Welcome to the RITC 2026 Alogithmic Market Making Case - practice server,,170,2026-02-01 09:29:10.830229,SMMR,26.1,26.15,26.26,2043600.0,1989800.0,1647.0,1647.0,,,0,0
,,,,,,170,2026-02-01 09:29:10.830229,ATMN,26.27,26.69,26.81,2353900.0,2132200.0,,,,,0,0
,,,,,,170,2026-02-01 09:29:10.830229,WNTR,23.42,23.35,23.42,1710500.0,2080300.0,1900.0,,20000.0,10000.0,0,0
2.0,1.0,1.0,,Aggregate Position Limit,Your CRO has set the aggregate position limit to 12000 shares for this week.,171,2026-02-01 09:29:11.848790,SPNG,25.72,25.72,26.25,2303600.0,2229800.0,,,,,0,0
1.0,1.0,1.0,,Welcome to the RITC 2026 Alogithmic Market Making Case - practice server,,171,2026-02-01 09:29:11.848790,SMMR,26.1,26.1,26.18,2037700.0,1983600.0,1819.0,1819.0,,,0,0
,,,,,,171,2026-02-01 09:29:11.848790,ATMN,26.69,26.27,26.69,2355900.0,2132200.0,,,,,0,0
,,,,,,171,2026-02-01 09:29:11.848790,WNTR,23.42,23.35,23.42,1592800.0,2070700.0,3423.0,,25000.0,10000.0,0,0
2.0,1.0,1.0,,Aggregate Position Limit,Your CRO has set the aggregate position limit to 12000 shares for this week.,173,2026-02-01 09:29:12.907794,SPNG,26.25,25.72,26.25,2189200.0,616.0,2221200.0,,,,0,0
1.0,1.0,1.0,,Welcome to the RITC 2026 Alogithmic Market Making Case - practice server,,173,2026-02-01 09:29:12.907794,SMMR,26.08,26.02,26.03,2154900.0,,2098400.0,,,,0,0
,,,,,,173,2026-02-01 09:29:12.907794,ATMN,26.23,26.23,26.81,2352400.0,,2132200.0,,,,0,0
,,,,,,173,2026-02-01 09:29:12.907794,WNTR,23.42,23.28,23.39,1774100.0,,1813200.0,20000.0,1012.0,15000.0,0,0
2.0,1.0,1.0,,Aggregate Position Limit,Your CRO has set the aggregate position limit to 12000 shares for this week.,174,2026-02-01 09:29:13.952746,SPNG,26.25,26.12,26.25,2314600.0,2225800.0,,0,0,0,0,0
1.0,1.0,1.0,,Welcome to the RITC 2026 Alogithmic Market Making Case - practice server,,174,2026-02-01 09:29:13.952746,SMMR,26.03,26.08,26.14,2165800.0,2095000.0,,0,0,0,0,0
,,,,,,174,2026-02-01 09:29:13.952746,ATMN,26.55,26.55,26.63,2364900.0,2050400.0,819.0,0,0,0,0,0
,,,,,,174,2026-02-01 09:29:13.952746,WNTR,23.41,23.25,23.41,2286100.0,2311000.0,,0,0,0,0,0
2.0,1.0,1.0,,Aggregate Position Limit,Your CRO has set the aggregate position limit to 12000 shares for this week.,175,2026-02-01 09:29:14.989477,SPNG,26.46,25.72,26.46,2327700.0,2189300.0,,,0,0,0,0
1.0,1.0,1.0,,Welcome to the RITC 2026 Alogithmic Market Making Case - practice server,,175,2026-02-01 09:29:14.989477,SMMR,26.14,26.08,26.14,2175600.0,2095000.0,,,0,0,0,0
,,,,,,175,2026-02-01 09:29:14.989477,ATMN,26.91,26.55,26.91,2371400.0,2107800.0,,,0,0,0,0
,,,,,,175,2026-02-01 09:29:14.989477,WNTR,23.24,23.24,23.26,2259300.0,1970400.0,18846.0,1012.0,0,0,0,0
2.0,1.0,1.0,,Aggregate Position Limit,Your CRO has set the aggregate position limit to 12000 shares for this week.,176,2026-02-01 09:29:16.021560,SPNG,26.47,25.64,26.47,2314900.0,2175400.0,,0,0,0,0,0
1.0,1.0,1.0,,Welcome to the RITC 2026 Alogithmic Market Making Case - practice server,,176,2026-02-01 09:29:16.021560,SMMR,26.08,26.08,26.14,2164400.0,2106100.0,,0,0,0,0,0
,,,,,,176,2026-02-01 09:29:16.021560,ATMN,26.22,26.22,26.91,2374500.0,2107800.0,,0,0,0,0,0
,,,,,,176,2026-02-01 09:29:16.021560,WNTR,23.24,23.24,23.26,2260700.0,2170400.0,1012.0,0,0,0,0,0
2.0,1.0,1.0,,Aggregate Position Limit,Your CRO has set the aggregate position limit to 12000 shares for this week.,177,2026-02-01 09:29:17.065323,SPNG,25.74,25.64,25.74,2314900.0,2223300.0,,0,0,0,0,0
1.0,1.0,1.0,,Welcome to the RITC 2026 Alogithmic Market Making Case - practice server,,177,2026-02-01 09:29:17.065323,SMMR,26.02,26.02,26.14,2137800.0,2106100.0,,0,0,0,0,0
,,,,,,177,2026-02-01 09:29:17.065323,ATMN,26.93,26.75,26.93,2370500.0,2096600.0,,0,0,0,0,0
,,,,,,177,2026-02-01 09:29:17.065323,WNTR,23.34,23.24,23.34,2266400.0,2159700.0,1012.0,0,0,0,0,0
2.0,1.0,1.0,,Aggregate Position Limit,Your CRO has set the aggregate position limit to 12000 shares for this week.,178,2026-02-01 09:29:18.092068,SPNG,25.74,25.78,26.47,2280900.0,2215500.0,,0,0,0,0,0
1.0,1.0,1.0,,Welcome to the RITC 2026 Alogithmic Market Making Case - practice server,,178,2026-02-01 09:29:18.092068,SMMR,26.18,26.02,26.18,2155200.0,2090500.0,,0,0,0,0,0
,,,,,,178,2026-02-01 09:29:18.092068,ATMN,26.21,26.21,26.8,2379700.0,2133400.0,,0,0,0,0,0
,,,,,,178,2026-02-01 09:29:18.092068,WNTR,23.34,23.36,23.39,2207100.0,2146800.0,1012.0,0,0,0,0,0
2.0,1.0,1.0,,Aggregate Position Limit,Your CRO has set the aggregate position limit to 12000 shares for this week.,179,2026-02-01 09:29:19.119597,SPNG,25.61,25.61,26.09,2299300.0,2252600.0,,0,0,0,0,0
1.0,1.0,1.0,,Welcome to the RITC 2026 Alogithmic Market Making Case - practice server,,179,2026-02-01 09:29:19.119597,SMMR,26.3,26.15,26.3,2190000.0,2134500.0,,0,0,0,0,0
,,,,,,179,2026-02-01 09:29:19.119597,ATMN,26.8,26.53,26.8,2383300.0,2133400.0,,0,0,0,0,0
,,,,,,179,2026-02-01 09:29:19.119597,WNTR,23.34,23.37,23.39,2176000.0,2182400.0,1012.0,0,0,0,0,0
2.0,1.0,1.0,,Aggregate Position Limit,Your CRO has set the aggregate position limit to 12000 shares for this week.,180,2026-02-01 09:29:20.147857,SPNG,26.09,25.89,0.0,200000.0,,0,0,0,0,0,0
1.0,1.0,1.0,,Welcome to the RITC 2026 Alogithmic Market Making Case - practice server,,180,2026-02-01 09:29:20.147857,SMMR,26.3,26.07,27.02,880900.0,817700.0,0,0,0,0,0,0
,,,,,,180,2026-02-01 09:29:20.147857,ATMN,26.53,24.37,0.0,200000.0,,0,0,0,0,0,0
,,,,,,180,2026-02-01 09:29:20.147857,WNTR,23.39,25.75,0.0,200000.0,,0,0,0,0,0,0
2.0,1.0,1.0,,Aggregate Position Limit,Your CRO has set the aggregate position limit to 12000 shares for this week.,181,2026-02-01 09:29:21.161848,SPNG,26.41,26.81,26.98,1130100.0,787000.0,,0,0,0,0,0
1.0,1.0,1.0,,Welcome to the RITC 2026 Alogithmic Market Making Case - practice server,,181,2026-02-01 09:29:21.161848,SMMR,26.3,26.07,26.99,880900.0,1121100.0,,0,0,0,0,0
,,,,,,181,2026-02-01 09:29:21.161848,ATMN,24.78,24.78,25.35,983500.0,1020200.0,,0,0,0,0,0
,,,,,,181,2026-02-01 09:29:21.161848,WNTR,24.77,24.74,24.77,1014600.0,855900.0,5000.0,0,0,0,0,0
