news_id,period,tick,ticker,headline,body,tick,timestamp,ticker,last_price,bid_price,ask_price,BUY_ANON,SELL_ANON
2.0,1.0,1.0,Week 1,Delta limit and penalty,The delta limit for this sub-heat is 11000 and the penalty percentage is 2%,1,2026-02-02 01:04:21.486164,RTM,50.0,49.99,50.01,100000000.0,100000000.0
1.0,1.0,1.0,Week 1,Risk free rate and current annualized volatility of RTM,The current risk free rate is 0%. RTM is an ETF that mimics one of the major indices in the simulated world and its current annualized realized volatility is 18%. This simulation consists of 20 trading days that are each 15 ticks in length.,1,2026-02-02 01:04:21.486164,RTM1C45,5.0,4.99,5.01,1000000.0,1000000.0
,,,,,,1,2026-02-02 01:04:21.486164,RTM1P45,0.02,0.01,0.03,1000000.0,1000000.0
,,,,,,1,2026-02-02 01:04:21.486164,RTM1C46,4.02,4.01,4.03,1000000.0,1000000.0
,,,,,,1,2026-02-02 01:04:21.486164,RTM1P46,0.02,0.01,0.03,1000000.0,1000000.0
,,,,,,1,2026-02-02 01:04:21.486164,RTM1C47,3.06,3.05,3.07,1000000.0,1000000.0
,,,,,,1,2026-02-02 01:04:21.486164,RTM1P47,0.06,0.05,0.07,1000000.0,1000000.0
,,,,,,1,2026-02-02 01:04:21.486164,RTM1C48,2.17,2.16,2.18,1000000.0,1000000.0
,,,,,,1,2026-02-02 01:04:21.486164,RTM1P48,0.17,0.16,0.18,1000000.0,1000000.0
,,,,,,1,2026-02-02 01:04:21.486164,RTM1C49,1.32,1.31,1.33,1000000.0,1000000.0
,,,,,,1,2026-02-02 01:04:21.486164,RTM1P49,0.32,0.31,0.33,1000000.0,1000000.0
,,,,,,1,2026-02-02 01:04:21.486164,RTM1C50,0.75,0.74,0.76,1000000.0,1000000.0
,,,,,,1,2026-02-02 01:04:21.486164,RTM1P50,0.75,0.74,0.76,1000000.0,1000000.0
,,,,,,1,2026-02-02 01:04:21.486164,RTM1C51,0.32,0.31,0.33,1000000.0,1000000.0
,,,,,,1,2026-02-02 01:04:21.486164,RTM1P51,1.32,1.31,1.33,1000000.0,1000000.0
,,,,,,1,2026-02-02 01:04:21.486164,RTM1C52,0.13,0.12,0.14,1000000.0,1000000.0
,,,,,,1,2026-02-02 01:04:21.486164,RTM1P52,2.13,2.12,2.14,1000000.0,1000000.0
,,,,,,1,2026-02-02 01:04:21.486164,RTM1C53,0.06,0.05,0.07,1000000.0,1000000.0
,,,,,,1,2026-02-02 01:04:21.486164,RTM1P53,3.06,3.05,3.07,1000000.0,1000000.0
,,,,,,1,2026-02-02 01:04:21.486164,RTM1C54,0.02,0.01,0.03,1000000.0,1000000.0
,,,,,,1,2026-02-02 01:04:21.486164,RTM1P54,4.02,4.01,4.03,1000000.0,1000000.0
2.0,1.0,1.0,Week 1,Delta limit and penalty,The delta limit for this sub-heat is 11000 and the penalty percentage is 2%,2,2026-02-02 01:04:22.564194,RTM,50.05,50.04,50.06,100000000.0,100000000.0
1.0,1.0,1.0,Week 1,Risk free rate and current annualized volatility of RTM,The current risk free rate is 0%. RTM is an ETF that mimics one of the major indices in the simulated world and its current annualized realized volatility is 18%. This simulation consists of 20 trading days that are each 15 ticks in length.,2,2026-02-02 01:04:22.564194,RTM1C45,5.04,5.04,5.06,1000000.0,1000000.0
,,,,,,2,2026-02-02 01:04:22.564194,RTM1P45,0.02,0.01,0.03,1000000.0,1000000.0
,,,,,,2,2026-02-02 01:04:22.564194,RTM1C46,4.06,4.05,4.07,1000000.0,1000000.0
,,,,,,2,2026-02-02 01:04:22.564194,RTM1P46,0.02,0.01,0.03,1000000.0,1000000.0
,,,,,,2,2026-02-02 01:04:22.564194,RTM1C47,3.07,3.06,3.08,1000000.0,1000000.0
,,,,,,2,2026-02-02 01:04:22.564194,RTM1P47,0.02,0.01,0.03,1000000.0,1000000.0
,,,,,,2,2026-02-02 01:04:22.564194,RTM1C48,2.16,2.15,2.17,1000000.0,1000000.0
,,,,,,2,2026-02-02 01:04:22.564194,RTM1P48,0.11,0.1,0.12,1000000.0,1000000.0
,,,,,,2,2026-02-02 01:04:22.564194,RTM1C49,1.32,1.31,1.33,1000000.0,1000000.0
,,,,,,2,2026-02-02 01:04:22.564194,RTM1P49,0.27,0.26,0.28,1000000.0,1000000.0
,,,,,,2,2026-02-02 01:04:22.564194,RTM1C50,0.7,0.69,0.71,1000000.0,1000000.0
,,,,,,2,2026-02-02 01:04:22.564194,RTM1P50,0.65,0.64,0.66,1000000.0,1000000.0
,,,,,,2,2026-02-02 01:04:22.564194,RTM1C51,0.41,0.39,0.41,1000000.0,1000000.0
,,,,,,2,2026-02-02 01:04:22.564194,RTM1P51,1.35,1.34,1.36,1000000.0,1000000.0
,,,,,,2,2026-02-02 01:04:22.564194,RTM1C52,0.19,0.18,0.2,1000000.0,1000000.0
,,,,,,2,2026-02-02 01:04:22.564194,RTM1P52,2.15,2.14,2.16,1000000.0,1000000.0
,,,,,,2,2026-02-02 01:04:22.564194,RTM1C53,0.04,0.03,0.05,1000000.0,1000000.0
,,,,,,2,2026-02-02 01:04:22.564194,RTM1P53,2.99,2.98,3.0,1000000.0,1000000.0
,,,,,,2,2026-02-02 01:04:22.564194,RTM1C54,0.02,0.01,0.03,1000000.0,1000000.0
,,,,,,2,2026-02-02 01:04:22.564194,RTM1P54,3.97,3.96,3.98,1000000.0,1000000.0
2.0,1.0,1.0,Week 1,Delta limit and penalty,The delta limit for this sub-heat is 11000 and the penalty percentage is 2%,3,2026-02-02 01:04:23.638198,RTM,50.13,50.13,50.15,100000000.0,100000000.0
1.0,1.0,1.0,Week 1,Risk free rate and current annualized volatility of RTM,The current risk free rate is 0%. RTM is an ETF that mimics one of the major indices in the simulated world and its current annualized realized volatility is 18%. This simulation consists of 20 trading days that are each 15 ticks in length.,3,2026-02-02 01:04:23.638198,RTM1C45,5.14,5.13,5.15,1000000.0,1000000.0
,,,,,,3,2026-02-02 01:04:23.638198,RTM1P45,0.02,0.01,0.03,1000000.0,1000000.0
,,,,,,3,2026-02-02 01:04:23.638198,RTM1C46,4.15,4.14,4.16,1000000.0,1000000.0
,,,,,,3,2026-02-02 01:04:23.638198,RTM1P46,0.02,0.01,0.03,1000000.0,1000000.0
,,,,,,3,2026-02-02 01:04:23.638198,RTM1C47,3.15,3.14,3.16,1000000.0,1000000.0
,,,,,,3,2026-02-02 01:04:23.638198,RTM1P47,0.02,0.01,0.03,1000000.0,1000000.0
,,,,,,3,2026-02-02 01:04:23.638198,RTM1C48,2.23,2.22,2.24,1000000.0,1000000.0
,,,,,,3,2026-02-02 01:04:23.638198,RTM1P48,0.09,0.08,0.1,1000000.0,1000000.0
,,,,,,3,2026-02-02 01:04:23.638198,RTM1C49,1.5,1.49,1.51,1000000.0,1000000.0
,,,,,,3,2026-02-02 01:04:23.638198,RTM1P49,0.36,0.35,0.37,1000000.0,1000000.0
,,,,,,3,2026-02-02 01:04:23.638198,RTM1C50,0.76,0.75,0.77,1000000.0,1000000.0
,,,,,,3,2026-02-02 01:04:23.638198,RTM1P50,0.62,0.61,0.63,1000000.0,1000000.0
,,,,,,3,2026-02-02 01:04:23.638198,RTM1C51,0.31,0.3,0.32,1000000.0,1000000.0
,,,,,,3,2026-02-02 01:04:23.638198,RTM1P51,1.17,1.16,1.18,1000000.0,1000000.0
,,,,,,3,2026-02-02 01:04:23.638198,RTM1C52,0.2,0.19,0.21,1000000.0,1000000.0
,,,,,,3,2026-02-02 01:04:23.638198,RTM1P52,2.06,2.05,2.07,1000000.0,1000000.0
,,,,,,3,2026-02-02 01:04:23.638198,RTM1C53,0.06,0.05,0.07,1000000.0,1000000.0
,,,,,,3,2026-02-02 01:04:23.638198,RTM1P53,2.92,2.91,2.93,1000000.0,1000000.0
,,,,,,3,2026-02-02 01:04:23.638198,RTM1C54,0.02,0.01,0.03,1000000.0,1000000.0
,,,,,,3,2026-02-02 01:04:23.638198,RTM1P54,3.89,3.88,3.9,1000000.0,1000000.0
2.0,1.0,1.0,Week 1,Delta limit and penalty,The delta limit for this sub-heat is 11000 and the penalty percentage is 2%,4,2026-02-02 01:04:24.713897,RTM,50.13,50.11,50.13,100000000.0,100000000.0
1.0,1.0,1.0,Week 1,Risk free rate and current annualized volatility of RTM,The current risk free rate is 0%. RTM is an ETF that mimics one of the major indices in the simulated world and its current annualized realized volatility is 18%. This simulation consists of 20 trading days that are each 15 ticks in length.,4,2026-02-02 01:04:24.713897,RTM1C45,5.12,5.11,5.13,1000000.0,1000000.0
,,,,,,4,2026-02-02 01:04:24.713897,RTM1P45,0.02,0.01,0.03,1000000.0,1000000.0
,,,,,,4,2026-02-02 01:04:24.713897,RTM1C46,4.12,4.11,4.13,1000000.0,1000000.0
,,,,,,4,2026-02-02 01:04:24.713897,RTM1P46,0.02,0.01,0.03,1000000.0,1000000.0
,,,,,,4,2026-02-02 01:04:24.713897,RTM1C47,3.16,3.15,3.17,1000000.0,1000000.0
,,,,,,4,2026-02-02 01:04:24.713897,RTM1P47,0.04,0.03,0.05,1000000.0,1000000.0
,,,,,,4,2026-02-02 01:04:24.713897,RTM1C48,2.21,2.2,2.22,1000000.0,1000000.0
,,,,,,4,2026-02-02 01:04:24.713897,RTM1P48,0.09,0.08,0.1,1000000.0,1000000.0
,,,,,,4,2026-02-02 01:04:24.713897,RTM1C49,1.44,1.43,1.45,1000000.0,1000000.0
,,,,,,4,2026-02-02 01:04:24.713897,RTM1P49,0.32,0.31,0.33,1000000.0,1000000.0
,,,,,,4,2026-02-02 01:04:24.713897,RTM1C50,0.8,0.79,0.81,1000000.0,1000000.0
,,,,,,4,2026-02-02 01:04:24.713897,RTM1P50,0.68,0.67,0.69,1000000.0,1000000.0
,,,,,,4,2026-02-02 01:04:24.713897,RTM1C51,0.47,0.46,0.48,1000000.0,1000000.0
,,,,,,4,2026-02-02 01:04:24.713897,RTM1P51,1.35,1.34,1.36,1000000.0,1000000.0
,,,,,,4,2026-02-02 01:04:24.713897,RTM1C52,0.11,0.1,0.12,1000000.0,1000000.0
,,,,,,4,2026-02-02 01:04:24.713897,RTM1P52,1.99,1.98,2.0,1000000.0,1000000.0
,,,,,,4,2026-02-02 01:04:24.713897,RTM1C53,0.05,0.04,0.06,1000000.0,1000000.0
,,,,,,4,2026-02-02 01:04:24.713897,RTM1P53,2.93,2.92,2.94,1000000.0,1000000.0
,,,,,,4,2026-02-02 01:04:24.713897,RTM1C54,0.02,0.01,0.03,1000000.0,1000000.0
,,,,,,4,2026-02-02 01:04:24.713897,RTM1P54,3.9,3.89,3.91,1000000.0,1000000.0
2.0,1.0,1.0,Week 1,Delta limit and penalty,The delta limit for this sub-heat is 11000 and the penalty percentage is 2%,5,2026-02-02 01:04:25.818167,RTM,50.31,50.29,50.31,100000000.0,100000000.0
1.0,1.0,1.0,Week 1,Risk free rate and current annualized volatility of RTM,The current risk free rate is 0%. RTM is an ETF that mimics one of the major indices in the simulated world and its current annualized realized volatility is 18%. This simulation consists of 20 trading days that are each 15 ticks in length.,5,2026-02-02 01:04:25.818167,RTM1C45,5.3,5.29,5.31,1000000.0,1000000.0
,,,,,,5,2026-02-02 01:04:25.818167,RTM1P45,0.02,0.01,0.03,1000000.0,1000000.0
,,,,,,5,2026-02-02 01:04:25.818167,RTM1C46,4.3,4.29,4.31,1000000.0,1000000.0
,,,,,,5,2026-02-02 01:04:25.818167,RTM1P46,0.02,0.01,0.03,1000000.0,1000000.0
,,,,,,5,2026-02-02 01:04:25.818167,RTM1C47,3.31,3.3,3.32,1000000.0,1000000.0
,,,,,,5,2026-02-02 01:04:25.818167,RTM1P47,0.02,0.01,0.03,1000000.0,1000000.0
,,,,,,5,2026-02-02 01:04:25.818167,RTM1C48,2.39,2.38,2.4,1000000.0,1000000.0
,,,,,,5,2026-02-02 01:04:25.818167,RTM1P48,0.09,0.08,0.1,1000000.0,1000000.0
,,,,,,5,2026-02-02 01:04:25.818167,RTM1C49,1.52,1.51,1.53,1000000.0,1000000.0
,,,,,,5,2026-02-02 01:04:25.818167,RTM1P49,0.22,0.21,0.23,1000000.0,1000000.0
,,,,,,5,2026-02-02 01:04:25.818167,RTM1C50,0.82,0.81,0.83,1000000.0,1000000.0
,,,,,,5,2026-02-02 01:04:25.818167,RTM1P50,0.52,0.51,0.53,1000000.0,1000000.0
,,,,,,5,2026-02-02 01:04:25.818167,RTM1C51,0.36,0.35,0.37,1000000.0,1000000.0
,,,,,,5,2026-02-02 01:04:25.818167,RTM1P51,1.07,1.06,1.08,1000000.0,1000000.0
,,,,,,5,2026-02-02 01:04:25.818167,RTM1C52,0.23,0.22,0.24,1000000.0,1000000.0
,,,,,,5,2026-02-02 01:04:25.818167,RTM1P52,1.94,1.93,1.95,1000000.0,1000000.0
,,,,,,5,2026-02-02 01:04:25.818167,RTM1C53,0.1,0.09,0.11,1000000.0,1000000.0
,,,,,,5,2026-02-02 01:04:25.818167,RTM1P53,2.8,2.79,2.81,1000000.0,1000000.0
,,,,,,5,2026-02-02 01:04:25.818167,RTM1C54,0.02,0.01,0.03,1000000.0,1000000.0
,,,,,,5,2026-02-02 01:04:25.818167,RTM1P54,3.72,3.71,3.73,1000000.0,1000000.0
2.0,1.0,1.0,Week 1,Delta limit and penalty,The delta limit for this sub-heat is 11000 and the penalty percentage is 2%,7,2026-02-02 01:04:26.904028,RTM,50.16,50.15,50.17,100000000.0,100000000.0
1.0,1.0,1.0,Week 1,Risk free rate and current annualized volatility of RTM,The current risk free rate is 0%. RTM is an ETF that mimics one of the major indices in the simulated world and its current annualized realized volatility is 18%. This simulation consists of 20 trading days that are each 15 ticks in length.,7,2026-02-02 01:04:26.904028,RTM1C45,5.16,5.15,5.17,1000000.0,1000000.0
,,,,,,7,2026-02-02 01:04:26.904028,RTM1P45,0.02,0.01,0.03,1000000.0,1000000.0
,,,,,,7,2026-02-02 01:04:26.904028,RTM1C46,4.17,4.16,4.18,1000000.0,1000000.0
,,,,,,7,2026-02-02 01:04:26.904028,RTM1P46,0.02,0.01,0.03,1000000.0,1000000.0
,,,,,,7,2026-02-02 01:04:26.904028,RTM1C47,3.18,3.17,3.19,1000000.0,1000000.0
,,,,,,7,2026-02-02 01:04:26.904028,RTM1P47,0.02,0.01,0.03,1000000.0,1000000.0
,,,,,,7,2026-02-02 01:04:26.904028,RTM1C48,2.24,2.23,2.25,1000000.0,1000000.0
,,,,,,7,2026-02-02 01:04:26.904028,RTM1P48,0.08,0.07,0.09,1000000.0,1000000.0
,,,,,,7,2026-02-02 01:04:26.904028,RTM1C49,1.53,1.52,1.54,1000000.0,1000000.0
,,,,,,7,2026-02-02 01:04:26.904028,RTM1P49,0.37,0.36,0.38,1000000.0,1000000.0
,,,,,,7,2026-02-02 01:04:26.904028,RTM1C50,0.8,0.79,0.81,1000000.0,1000000.0
,,,,,,7,2026-02-02 01:04:26.904028,RTM1P50,0.64,0.63,0.65,1000000.0,1000000.0
,,,,,,7,2026-02-02 01:04:26.904028,RTM1C51,0.42,0.41,0.43,1000000.0,1000000.0
,,,,,,7,2026-02-02 01:04:26.904028,RTM1P51,1.26,1.25,1.27,1000000.0,1000000.0
,,,,,,7,2026-02-02 01:04:26.904028,RTM1C52,0.17,0.16,0.18,1000000.0,1000000.0
,,,,,,7,2026-02-02 01:04:26.904028,RTM1P52,2.01,2.0,2.02,1000000.0,1000000.0
,,,,,,7,2026-02-02 01:04:26.904028,RTM1C53,0.08,0.07,0.09,1000000.0,1000000.0
,,,,,,7,2026-02-02 01:04:26.904028,RTM1P53,2.92,2.91,2.93,1000000.0,1000000.0
,,,,,,7,2026-02-02 01:04:26.904028,RTM1C54,0.02,0.01,0.03,1000000.0,1000000.0
,,,,,,7,2026-02-02 01:04:26.904028,RTM1P54,3.85,3.84,3.86,1000000.0,1000000.0
2.0,1.0,1.0,Week 1,Delta limit and penalty,The delta limit for this sub-heat is 11000 and the penalty percentage is 2%,8,2026-02-02 01:04:27.952956,RTM,50.07,50.06,50.08,100000000.0,100000000.0
1.0,1.0,1.0,Week 1,Risk free rate and current annualized volatility of RTM,The current risk free rate is 0%. RTM is an ETF that mimics one of the major indices in the simulated world and its current annualized realized volatility is 18%. This simulation consists of 20 trading days that are each 15 ticks in length.,8,2026-02-02 01:04:27.952956,RTM1C45,5.08,5.07,5.09,1000000.0,1000000.0
,,,,,,8,2026-02-02 01:04:27.952956,RTM1P45,0.02,0.01,0.03,1000000.0,1000000.0
,,,,,,8,2026-02-02 01:04:27.952956,RTM1C46,4.08,4.07,4.09,1000000.0,1000000.0
,,,,,,8,2026-02-02 01:04:27.952956,RTM1P46,0.02,0.01,0.03,1000000.0,1000000.0
,,,,,,8,2026-02-02 01:04:27.952956,RTM1C47,3.12,3.11,3.13,1000000.0,1000000.0
,,,,,,8,2026-02-02 01:04:27.952956,RTM1P47,0.05,0.04,0.06,1000000.0,1000000.0
,,,,,,8,2026-02-02 01:04:27.952956,RTM1C48,2.22,2.21,2.23,1000000.0,1000000.0
,,,,,,8,2026-02-02 01:04:27.952956,RTM1P48,0.15,0.14,0.16,1000000.0,1000000.0
,,,,,,8,2026-02-02 01:04:27.952956,RTM1C49,1.35,1.34,1.36,1000000.0,1000000.0
,,,,,,8,2026-02-02 01:04:27.952956,RTM1P49,0.28,0.27,0.29,1000000.0,1000000.0
,,,,,,8,2026-02-02 01:04:27.952956,RTM1C50,0.72,0.71,0.73,1000000.0,1000000.0
,,,,,,8,2026-02-02 01:04:27.952956,RTM1P50,0.65,0.64,0.66,1000000.0,1000000.0
,,,,,,8,2026-02-02 01:04:27.952956,RTM1C51,0.39,0.38,0.4,1000000.0,1000000.0
,,,,,,8,2026-02-02 01:04:27.952956,RTM1P51,1.31,1.3,1.32,1000000.0,1000000.0
,,,,,,8,2026-02-02 01:04:27.952956,RTM1C52,0.22,0.21,0.23,1000000.0,1000000.0
,,,,,,8,2026-02-02 01:04:27.952956,RTM1P52,2.15,2.14,2.16,1000000.0,1000000.0
,,,,,,8,2026-02-02 01:04:27.952956,RTM1C53,0.07,0.06,0.08,1000000.0,1000000.0
,,,,,,8,2026-02-02 01:04:27.952956,RTM1P53,2.99,2.98,3.0,1000000.0,1000000.0
,,,,,,8,2026-02-02 01:04:27.952956,RTM1C54,0.02,0.01,0.03,1000000.0,1000000.0
,,,,,,8,2026-02-02 01:04:27.952956,RTM1P54,3.94,3.93,3.95,1000000.0,1000000.0
2.0,1.0,1.0,Week 1,Delta limit and penalty,The delta limit for this sub-heat is 11000 and the penalty percentage is 2%,9,2026-02-02 01:04:29.013831,RTM,49.84,49.83,49.85,100000000.0,100000000.0
1.0,1.0,1.0,Week 1,Risk free rate and current annualized volatility of RTM,The current risk free rate is 0%. RTM is an ETF that mimics one of the major indices in the simulated world and its current annualized realized volatility is 18%. This simulation consists of 20 trading days that are each 15 ticks in length.,9,2026-02-02 01:04:29.013831,RTM1C45,4.85,4.84,4.86,1000000.0,1000000.0
,,,,,,9,2026-02-02 01:04:29.013831,RTM1P45,0.02,0.01,0.03,1000000.0,1000000.0
,,,,,,9,2026-02-02 01:04:29.013831,RTM1C46,3.86,3.85,3.87,1000000.0,1000000.0
,,,,,,9,2026-02-02 01:04:29.013831,RTM1P46,0.02,0.01,0.03,1000000.0,1000000.0
,,,,,,9,2026-02-02 01:04:29.013831,RTM1C47,2.9,2.89,2.91,1000000.0,1000000.0
,,,,,,9,2026-02-02 01:04:29.013831,RTM1P47,0.05,0.04,0.06,1000000.0,1000000.0
,,,,,,9,2026-02-02 01:04:29.013831,RTM1C48,2.02,2.01,2.03,1000000.0,1000000.0
,,,,,,9,2026-02-02 01:04:29.013831,RTM1P48,0.17,0.16,0.18,1000000.0,1000000.0
,,,,,,9,2026-02-02 01:04:29.013831,RTM1C49,1.17,1.16,1.18,1000000.0,1000000.0
,,,,,,9,2026-02-02 01:04:29.013831,RTM1P49,0.32,0.31,0.33,1000000.0,1000000.0
,,,,,,9,2026-02-02 01:04:29.013831,RTM1C50,0.75,0.74,0.76,1000000.0,1000000.0
,,,,,,9,2026-02-02 01:04:29.013831,RTM1P50,0.91,0.9,0.92,1000000.0,1000000.0
,,,,,,9,2026-02-02 01:04:29.013831,RTM1C51,0.29,0.28,0.3,1000000.0,1000000.0
,,,,,,9,2026-02-02 01:04:29.013831,RTM1P51,1.45,1.44,1.46,1000000.0,1000000.0
,,,,,,9,2026-02-02 01:04:29.013831,RTM1C52,0.13,0.12,0.14,1000000.0,1000000.0
,,,,,,9,2026-02-02 01:04:29.013831,RTM1P52,2.29,2.28,2.3,1000000.0,1000000.0
,,,,,,9,2026-02-02 01:04:29.013831,RTM1C53,0.06,0.05,0.07,1000000.0,1000000.0
,,,,,,9,2026-02-02 01:04:29.013831,RTM1P53,3.22,3.21,3.23,1000000.0,1000000.0
,,,,,,9,2026-02-02 01:04:29.013831,RTM1C54,0.02,0.01,0.03,1000000.0,1000000.0
,,,,,,9,2026-02-02 01:04:29.013831,RTM1P54,4.16,4.15,4.17,1000000.0,1000000.0
2.0,1.0,1.0,Week 1,Delta limit and penalty,The delta limit for this sub-heat is 11000 and the penalty percentage is 2%,10,2026-02-02 01:04:30.063921,RTM,49.96,49.95,49.97,100000000.0,100000000.0
1.0,1.0,1.0,Week 1,Risk free rate and current annualized volatility of RTM,The current risk free rate is 0%. RTM is an ETF that mimics one of the major indices in the simulated world and its current annualized realized volatility is 18%. This simulation consists of 20 trading days that are each 15 ticks in length.,10,2026-02-02 01:04:30.063921,RTM1C45,4.96,4.95,4.97,1000000.0,1000000.0
,,,,,,10,2026-02-02 01:04:30.063921,RTM1P45,0.02,0.01,0.03,1000000.0,1000000.0
,,,,,,10,2026-02-02 01:04:30.063921,RTM1C46,3.97,3.96,3.98,1000000.0,1000000.0
,,,,,,10,2026-02-02 01:04:30.063921,RTM1P46,0.02,0.01,0.03,1000000.0,1000000.0
,,,,,,10,2026-02-02 01:04:30.063921,RTM1C47,3.0,2.99,3.01,1000000.0,1000000.0
,,,,,,10,2026-02-02 01:04:30.063921,RTM1P47,0.05,0.04,0.06,1000000.0,1000000.0
,,,,,,10,2026-02-02 01:04:30.063921,RTM1C48,2.13,2.12,2.14,1000000.0,1000000.0
,,,,,,10,2026-02-02 01:04:30.063921,RTM1P48,0.17,0.16,0.18,1000000.0,1000000.0
,,,,,,10,2026-02-02 01:04:30.063921,RTM1C49,1.3,1.29,1.31,1000000.0,1000000.0
,,,,,,10,2026-02-02 01:04:30.063921,RTM1P49,0.35,0.34,0.36,1000000.0,1000000.0
,,,,,,10,2026-02-02 01:04:30.063921,RTM1C50,0.72,0.71,0.73,1000000.0,1000000.0
,,,,,,10,2026-02-02 01:04:30.063921,RTM1P50,0.76,0.75,0.77,1000000.0,1000000.0
,,,,,,10,2026-02-02 01:04:30.063921,RTM1C51,0.35,0.34,0.36,1000000.0,1000000.0
,,,,,,10,2026-02-02 01:04:30.063921,RTM1P51,1.39,1.38,1.4,1000000.0,1000000.0
,,,,,,10,2026-02-02 01:04:30.063921,RTM1C52,0.17,0.16,0.18,1000000.0,1000000.0
,,,,,,10,2026-02-02 01:04:30.063921,RTM1P52,2.21,2.2,2.22,1000000.0,1000000.0
,,,,,,10,2026-02-02 01:04:30.063921,RTM1C53,0.04,0.03,0.05,1000000.0,1000000.0
,,,,,,10,2026-02-02 01:04:30.063921,RTM1P53,3.08,3.07,3.09,1000000.0,1000000.0
,,,,,,10,2026-02-02 01:04:30.063921,RTM1C54,0.02,0.01,0.03,1000000.0,1000000.0
,,,,,,10,2026-02-02 01:04:30.063921,RTM1P54,4.06,4.05,4.07,1000000.0,1000000.0
2.0,1.0,1.0,Week 1,Delta limit and penalty,The delta limit for this sub-heat is 11000 and the penalty percentage is 2%,11,2026-02-02 01:04:31.123790,RTM,49.9,49.89,49.91,100000000.0,100000000.0
1.0,1.0,1.0,Week 1,Risk free rate and current annualized volatility of RTM,The current risk free rate is 0%. RTM is an ETF that mimics one of the major indices in the simulated world and its current annualized realized volatility is 18%. This simulation consists of 20 trading days that are each 15 ticks in length.,11,2026-02-02 01:04:31.123790,RTM1C45,4.9,4.89,4.91,1000000.0,1000000.0
,,,,,,11,2026-02-02 01:04:31.123790,RTM1P45,0.02,0.01,0.03,1000000.0,1000000.0
,,,,,,11,2026-02-02 01:04:31.123790,RTM1C46,3.91,3.9,3.92,1000000.0,1000000.0
,,,,,,11,2026-02-02 01:04:31.123790,RTM1P46,0.02,0.01,0.03,1000000.0,1000000.0
,,,,,,11,2026-02-02 01:04:31.123790,RTM1C47,2.96,2.95,2.97,1000000.0,1000000.0
,,,,,,11,2026-02-02 01:04:31.123790,RTM1P47,0.06,0.05,0.07,1000000.0,1000000.0
,,,,,,11,2026-02-02 01:04:31.123790,RTM1C48,2.01,2.0,2.02,1000000.0,1000000.0
,,,,,,11,2026-02-02 01:04:31.123790,RTM1P48,0.11,0.1,0.12,1000000.0,1000000.0
,,,,,,11,2026-02-02 01:04:31.123790,RTM1C49,1.28,1.27,1.29,1000000.0,1000000.0
,,,,,,11,2026-02-02 01:04:31.123790,RTM1P49,0.37,0.36,0.38,1000000.0,1000000.0
,,,,,,11,2026-02-02 01:04:31.123790,RTM1C50,0.65,0.64,0.66,1000000.0,1000000.0
,,,,,,11,2026-02-02 01:04:31.123790,RTM1P50,0.75,0.74,0.76,1000000.0,1000000.0
,,,,,,11,2026-02-02 01:04:31.123790,RTM1C51,0.36,0.35,0.37,1000000.0,1000000.0
,,,,,,11,2026-02-02 01:04:31.123790,RTM1P51,1.46,1.45,1.47,1000000.0,1000000.0
,,,,,,11,2026-02-02 01:04:31.123790,RTM1C52,0.17,0.16,0.18,1000000.0,1000000.0
,,,,,,11,2026-02-02 01:04:31.123790,RTM1P52,2.27,2.26,2.28,1000000.0,1000000.0
,,,,,,11,2026-02-02 01:04:31.123790,RTM1C53,0.08,0.07,0.09,1000000.0,1000000.0
,,,,,,11,2026-02-02 01:04:31.123790,RTM1P53,3.18,3.17,3.19,1000000.0,1000000.0
,,,,,,11,2026-02-02 01:04:31.123790,RTM1C54,0.02,0.01,0.03,1000000.0,1000000.0
,,,,,,11,2026-02-02 01:04:31.123790,RTM1P54,4.11,4.1,4.12,1000000.0,1000000.0
2.0,1.0,1.0,Week 1,Delta limit and penalty,The delta limit for this sub-heat is 11000 and the penalty percentage is 2%,12,2026-02-02 01:04:32.171126,RTM,50.05,50.04,50.06,100000000.0,100000000.0
1.0,1.0,1.0,Week 1,Risk free rate and current annualized volatility of RTM,The current risk free rate is 0%. RTM is an ETF that mimics one of the major indices in the simulated world and its current annualized realized volatility is 18%. This simulation consists of 20 trading days that are each 15 ticks in length.,12,2026-02-02 01:04:32.171126,RTM1C45,5.05,5.04,5.06,1000000.0,1000000.0
,,,,,,12,2026-02-02 01:04:32.171126,RTM1P45,0.02,0.01,0.03,1000000.0,1000000.0
,,,,,,12,2026-02-02 01:04:32.171126,RTM1C46,4.06,4.05,4.07,1000000.0,1000000.0
,,,,,,12,2026-02-02 01:04:32.171126,RTM1P46,0.02,0.01,0.03,1000000.0,1000000.0
,,,,,,12,2026-02-02 01:04:32.171126,RTM1C47,3.09,3.08,3.1,1000000.0,1000000.0
,,,,,,12,2026-02-02 01:04:32.171126,RTM1P47,0.04,0.03,0.05,1000000.0,1000000.0
,,,,,,12,2026-02-02 01:04:32.171126,RTM1C48,2.21,2.2,2.22,1000000.0,1000000.0
,,,,,,12,2026-02-02 01:04:32.171126,RTM1P48,0.16,0.15,0.17,1000000.0,1000000.0
,,,,,,12,2026-02-02 01:04:32.171126,RTM1C49,1.34,1.33,1.35,1000000.0,1000000.0
,,,,,,12,2026-02-02 01:04:32.171126,RTM1P49,0.29,0.28,0.3,1000000.0,1000000.0
,,,,,,12,2026-02-02 01:04:32.171126,RTM1C50,0.83,0.82,0.84,1000000.0,1000000.0
,,,,,,12,2026-02-02 01:04:32.171126,RTM1P50,0.78,0.77,0.79,1000000.0,1000000.0
,,,,,,12,2026-02-02 01:04:32.171126,RTM1C51,0.46,0.45,0.47,1000000.0,1000000.0
,,,,,,12,2026-02-02 01:04:32.171126,RTM1P51,1.41,1.4,1.42,1000000.0,1000000.0
,,,,,,12,2026-02-02 01:04:32.171126,RTM1C52,0.12,0.11,0.13,1000000.0,1000000.0
,,,,,,12,2026-02-02 01:04:32.171126,RTM1P52,2.07,2.06,2.08,1000000.0,1000000.0
,,,,,,12,2026-02-02 01:04:32.171126,RTM1C53,0.09,0.08,0.1,1000000.0,1000000.0
,,,,,,12,2026-02-02 01:04:32.171126,RTM1P53,3.04,3.03,3.05,1000000.0,1000000.0
,,,,,,12,2026-02-02 01:04:32.171126,RTM1C54,0.02,0.01,0.03,1000000.0,1000000.0
,,,,,,12,2026-02-02 01:04:32.171126,RTM1P54,3.96,3.95,3.97,1000000.0,1000000.0
2.0,1.0,1.0,Week 1,Delta limit and penalty,The delta limit for this sub-heat is 11000 and the penalty percentage is 2%,13,2026-02-02 01:04:33.223626,RTM,49.66,49.65,49.67,100000000.0,100000000.0
1.0,1.0,1.0,Week 1,Risk free rate and current annualized volatility of RTM,The current risk free rate is 0%. RTM is an ETF that mimics one of the major indices in the simulated world and its current annualized realized volatility is 18%. This simulation consists of 20 trading days that are each 15 ticks in length.,13,2026-02-02 01:04:33.223626,RTM1C45,4.66,4.65,4.67,1000000.0,1000000.0
,,,,,,13,2026-02-02 01:04:33.223626,RTM1P45,0.02,0.01,0.03,1000000.0,1000000.0
,,,,,,13,2026-02-02 01:04:33.223626,RTM1C46,3.68,3.67,3.69,1000000.0,1000000.0
,,,,,,13,2026-02-02 01:04:33.223626,RTM1P46,0.02,0.01,0.03,1000000.0,1000000.0
,,,,,,13,2026-02-02 01:04:33.223626,RTM1C47,2.7,2.69,2.71,1000000.0,1000000.0
,,,,,,13,2026-02-02 01:04:33.223626,RTM1P47,0.04,0.03,0.05,1000000.0,1000000.0
,,,,,,13,2026-02-02 01:04:33.223626,RTM1C48,1.86,1.85,1.87,1000000.0,1000000.0
,,,,,,13,2026-02-02 01:04:33.223626,RTM1P48,0.2,0.19,0.21,1000000.0,1000000.0
,,,,,,13,2026-02-02 01:04:33.223626,RTM1C49,1.13,1.12,1.14,1000000.0,1000000.0
,,,,,,13,2026-02-02 01:04:33.223626,RTM1P49,0.47,0.46,0.48,1000000.0,1000000.0
,,,,,,13,2026-02-02 01:04:33.223626,RTM1C50,0.63,0.62,0.64,1000000.0,1000000.0
,,,,,,13,2026-02-02 01:04:33.223626,RTM1P50,0.97,0.96,0.98,1000000.0,1000000.0
,,,,,,13,2026-02-02 01:04:33.223626,RTM1C51,0.26,0.25,0.27,1000000.0,1000000.0
,,,,,,13,2026-02-02 01:04:33.223626,RTM1P51,1.6,1.59,1.61,1000000.0,1000000.0
,,,,,,13,2026-02-02 01:04:33.223626,RTM1C52,0.15,0.14,0.16,1000000.0,1000000.0
,,,,,,13,2026-02-02 01:04:33.223626,RTM1P52,2.49,2.48,2.5,1000000.0,1000000.0
,,,,,,13,2026-02-02 01:04:33.223626,RTM1C53,0.04,0.03,0.05,1000000.0,1000000.0
,,,,,,13,2026-02-02 01:04:33.223626,RTM1P53,3.38,3.37,3.39,1000000.0,1000000.0
,,,,,,13,2026-02-02 01:04:33.223626,RTM1C54,0.02,0.01,0.03,1000000.0,1000000.0
,,,,,,13,2026-02-02 01:04:33.223626,RTM1P54,4.36,4.35,4.37,1000000.0,1000000.0
2.0,1.0,1.0,Week 1,Delta limit and penalty,The delta limit for this sub-heat is 11000 and the penalty percentage is 2%,14,2026-02-02 01:04:34.305049,RTM,49.87,49.85,49.87,100000000.0,100000000.0
1.0,1.0,1.0,Week 1,Risk free rate and current annualized volatility of RTM,The current risk free rate is 0%. RTM is an ETF that mimics one of the major indices in the simulated world and its current annualized realized volatility is 18%. This simulation consists of 20 trading days that are each 15 ticks in length.,14,2026-02-02 01:04:34.305049,RTM1C45,4.86,4.85,4.87,1000000.0,1000000.0
,,,,,,14,2026-02-02 01:04:34.305049,RTM1P45,0.02,0.01,0.03,1000000.0,1000000.0
,,,,,,14,2026-02-02 01:04:34.305049,RTM1C46,3.88,3.87,3.89,1000000.0,1000000.0
,,,,,,14,2026-02-02 01:04:34.305049,RTM1P46,0.02,0.01,0.03,1000000.0,1000000.0
,,,,,,14,2026-02-02 01:04:34.305049,RTM1C47,2.9,2.89,2.91,1000000.0,1000000.0
,,,,,,14,2026-02-02 01:04:34.305049,RTM1P47,0.04,0.03,0.05,1000000.0,1000000.0
,,,,,,14,2026-02-02 01:04:34.305049,RTM1C48,1.98,1.97,1.99,1000000.0,1000000.0
,,,,,,14,2026-02-02 01:04:34.305049,RTM1P48,0.12,0.11,0.13,1000000.0,1000000.0
,,,,,,14,2026-02-02 01:04:34.305049,RTM1C49,1.26,1.25,1.27,1000000.0,1000000.0
,,,,,,14,2026-02-02 01:04:34.305049,RTM1P49,0.4,0.39,0.41,1000000.0,1000000.0
,,,,,,14,2026-02-02 01:04:34.305049,RTM1C50,0.7,0.69,0.71,1000000.0,1000000.0
,,,,,,14,2026-02-02 01:04:34.305049,RTM1P50,0.84,0.83,0.85,1000000.0,1000000.0
,,,,,,14,2026-02-02 01:04:34.305049,RTM1C51,0.31,0.3,0.32,1000000.0,1000000.0
,,,,,,14,2026-02-02 01:04:34.305049,RTM1P51,1.45,1.44,1.46,1000000.0,1000000.0
,,,,,,14,2026-02-02 01:04:34.305049,RTM1C52,0.14,0.13,0.15,1000000.0,1000000.0
,,,,,,14,2026-02-02 01:04:34.305049,RTM1P52,2.28,2.27,2.29,1000000.0,1000000.0
,,,,,,14,2026-02-02 01:04:34.305049,RTM1C53,0.04,0.03,0.05,1000000.0,1000000.0
,,,,,,14,2026-02-02 01:04:34.305049,RTM1P53,3.18,3.17,3.19,1000000.0,1000000.0
,,,,,,14,2026-02-02 01:04:34.305049,RTM1C54,0.02,0.01,0.03,1000000.0,1000000.0
,,,,,,14,2026-02-02 01:04:34.305049,RTM1P54,4.16,4.15,4.17,1000000.0,1000000.0
2.0,1.0,1.0,Week 1,Delta limit and penalty,The delta limit for this sub-heat is 11000 and the penalty percentage is 2%,15,2026-02-02 01:04:35.349836,RTM,49.9,49.9,49.92,100000000.0,100000000.0
1.0,1.0,1.0,Week 1,Risk free rate and current annualized volatility of RTM,The current risk free rate is 0%. RTM is an ETF that mimics one of the major indices in the simulated world and its current annualized realized volatility is 18%. This simulation consists of 20 trading days that are each 15 ticks in length.,15,2026-02-02 01:04:35.349836,RTM1C45,4.92,4.91,4.93,1000000.0,1000000.0
,,,,,,15,2026-02-02 01:04:35.349836,RTM1P45,0.02,0.01,0.03,1000000.0,1000000.0
,,,,,,15,2026-02-02 01:04:35.349836,RTM1C46,3.93,3.92,3.94,1000000.0,1000000.0
,,,,,,15,2026-02-02 01:04:35.349836,RTM1P46,0.02,0.01,0.03,1000000.0,1000000.0
,,,,,,15,2026-02-02 01:04:35.349836,RTM1C47,2.95,2.94,2.96,1000000.0,1000000.0
,,,,,,15,2026-02-02 01:04:35.349836,RTM1P47,0.03,0.02,0.04,1000000.0,1000000.0
,,,,,,15,2026-02-02 01:04:35.349836,RTM1C48,2.04,2.03,2.05,1000000.0,1000000.0
,,,,,,15,2026-02-02 01:04:35.349836,RTM1P48,0.13,0.12,0.14,1000000.0,1000000.0
,,,,,,15,2026-02-02 01:04:35.349836,RTM1C49,1.37,1.36,1.38,1000000.0,1000000.0
,,,,,,15,2026-02-02 01:04:35.349836,RTM1P49,0.45,0.44,0.46,1000000.0,1000000.0
,,,,,,15,2026-02-02 01:04:35.349836,RTM1C50,0.74,0.73,0.75,1000000.0,1000000.0
,,,,,,15,2026-02-02 01:04:35.349836,RTM1P50,0.82,0.81,0.83,1000000.0,1000000.0
,,,,,,15,2026-02-02 01:04:35.349836,RTM1C51,0.31,0.3,0.32,1000000.0,1000000.0
,,,,,,15,2026-02-02 01:04:35.349836,RTM1P51,1.4,1.39,1.41,1000000.0,1000000.0
,,,,,,15,2026-02-02 01:04:35.349836,RTM1C52,0.19,0.18,0.2,1000000.0,1000000.0
,,,,,,15,2026-02-02 01:04:35.349836,RTM1P52,2.27,2.26,2.28,1000000.0,1000000.0
,,,,,,15,2026-02-02 01:04:35.349836,RTM1C53,0.06,0.05,0.07,1000000.0,1000000.0
,,,,,,15,2026-02-02 01:04:35.349836,RTM1P53,3.15,3.14,3.16,1000000.0,1000000.0
,,,,,,15,2026-02-02 01:04:35.349836,RTM1C54,0.02,0.01,0.03,1000000.0,1000000.0
,,,,,,15,2026-02-02 01:04:35.349836,RTM1P54,4.1,4.09,4.11,1000000.0,1000000.0
2.0,1.0,1.0,Week 1,Delta limit and penalty,The delta limit for this sub-heat is 11000 and the penalty percentage is 2%,16,2026-02-02 01:04:36.399829,RTM,49.8,49.78,49.8,100000000.0,100000000.0
1.0,1.0,1.0,Week 1,Risk free rate and current annualized volatility of RTM,The current risk free rate is 0%. RTM is an ETF that mimics one of the major indices in the simulated world and its current annualized realized volatility is 18%. This simulation consists of 20 trading days that are each 15 ticks in length.,16,2026-02-02 01:04:36.399829,RTM1C45,4.79,4.78,4.8,1000000.0,1000000.0
,,,,,,16,2026-02-02 01:04:36.399829,RTM1P45,0.02,0.01,0.03,1000000.0,1000000.0
,,,,,,16,2026-02-02 01:04:36.399829,RTM1C46,3.8,3.79,3.81,1000000.0,1000000.0
,,,,,,16,2026-02-02 01:04:36.399829,RTM1P46,0.02,0.01,0.03,1000000.0,1000000.0
,,,,,,16,2026-02-02 01:04:36.399829,RTM1C47,2.83,2.82,2.84,1000000.0,1000000.0
,,,,,,16,2026-02-02 01:04:36.399829,RTM1P47,0.05,0.04,0.06,1000000.0,1000000.0
,,,,,,16,2026-02-02 01:04:36.399829,RTM1C48,1.98,1.97,1.99,1000000.0,1000000.0
,,,,,,16,2026-02-02 01:04:36.399829,RTM1P48,0.19,0.18,0.2,1000000.0,1000000.0
,,,,,,16,2026-02-02 01:04:36.399829,RTM1C49,1.27,1.26,1.28,1000000.0,1000000.0
,,,,,,16,2026-02-02 01:04:36.399829,RTM1P49,0.48,0.47,0.49,1000000.0,1000000.0
,,,,,,16,2026-02-02 01:04:36.399829,RTM1C50,0.6,0.59,0.61,1000000.0,1000000.0
,,,,,,16,2026-02-02 01:04:36.399829,RTM1P50,0.82,0.81,0.83,1000000.0,1000000.0
,,,,,,16,2026-02-02 01:04:36.399829,RTM1C51,0.39,0.38,0.4,1000000.0,1000000.0
,,,,,,16,2026-02-02 01:04:36.399829,RTM1P51,1.6,1.59,1.61,1000000.0,1000000.0
,,,,,,16,2026-02-02 01:04:36.399829,RTM1C52,0.13,0.12,0.14,1000000.0,1000000.0
,,,,,,16,2026-02-02 01:04:36.399829,RTM1P52,2.34,2.33,2.35,1000000.0,1000000.0
,,,,,,16,2026-02-02 01:04:36.399829,RTM1C53,0.07,0.06,0.08,1000000.0,1000000.0
,,,,,,16,2026-02-02 01:04:36.399829,RTM1P53,3.29,3.28,3.3,1000000.0,1000000.0
,,,,,,16,2026-02-02 01:04:36.399829,RTM1C54,0.02,0.01,0.03,1000000.0,1000000.0
,,,,,,16,2026-02-02 01:04:36.399829,RTM1P54,4.24,4.23,4.25,1000000.0,1000000.0
2.0,1.0,1.0,Week 1,Delta limit and penalty,The delta limit for this sub-heat is 11000 and the penalty percentage is 2%,17,2026-02-02 01:04:37.453825,RTM,49.69,49.68,49.7,100000000.0,100000000.0
1.0,1.0,1.0,Week 1,Risk free rate and current annualized volatility of RTM,The current risk free rate is 0%. RTM is an ETF that mimics one of the major indices in the simulated world and its current annualized realized volatility is 18%. This simulation consists of 20 trading days that are each 15 ticks in length.,17,2026-02-02 01:04:37.453825,RTM1C45,4.69,4.68,4.7,1000000.0,1000000.0
,,,,,,17,2026-02-02 01:04:37.453825,RTM1P45,0.02,0.01,0.03,1000000.0,1000000.0
,,,,,,17,2026-02-02 01:04:37.453825,RTM1C46,3.7,3.69,3.71,1000000.0,1000000.0
,,,,,,17,2026-02-02 01:04:37.453825,RTM1P46,0.02,0.01,0.03,1000000.0,1000000.0
,,,,,,17,2026-02-02 01:04:37.453825,RTM1C47,2.77,2.76,2.78,1000000.0,1000000.0
,,,,,,17,2026-02-02 01:04:37.453825,RTM1P47,0.07,0.06,0.08,1000000.0,1000000.0
,,,,,,17,2026-02-02 01:04:37.453825,RTM1C48,1.89,1.88,1.9,1000000.0,1000000.0
,,,,,,17,2026-02-02 01:04:37.453825,RTM1P48,0.2,0.19,0.21,1000000.0,1000000.0
,,,,,,17,2026-02-02 01:04:37.453825,RTM1C49,1.12,1.11,1.13,1000000.0,1000000.0
,,,,,,17,2026-02-02 01:04:37.453825,RTM1P49,0.43,0.42,0.44,1000000.0,1000000.0
,,,,,,17,2026-02-02 01:04:37.453825,RTM1C50,0.62,0.61,0.63,1000000.0,1000000.0
,,,,,,17,2026-02-02 01:04:37.453825,RTM1P50,0.92,0.91,0.93,1000000.0,1000000.0
,,,,,,17,2026-02-02 01:04:37.453825,RTM1C51,0.26,0.25,0.27,1000000.0,1000000.0
,,,,,,17,2026-02-02 01:04:37.453825,RTM1P51,1.57,1.56,1.58,1000000.0,1000000.0
,,,,,,17,2026-02-02 01:04:37.453825,RTM1C52,0.11,0.1,0.12,1000000.0,1000000.0
,,,,,,17,2026-02-02 01:04:37.453825,RTM1P52,2.42,2.41,2.43,1000000.0,1000000.0
,,,,,,17,2026-02-02 01:04:37.453825,RTM1C53,0.03,0.02,0.04,1000000.0,1000000.0
,,,,,,17,2026-02-02 01:04:37.453825,RTM1P53,3.34,3.33,3.35,1000000.0,1000000.0
,,,,,,17,2026-02-02 01:04:37.453825,RTM1C54,0.02,0.01,0.03,1000000.0,1000000.0
,,,,,,17,2026-02-02 01:04:37.453825,RTM1P54,4.32,4.31,4.33,1000000.0,1000000.0
2.0,1.0,1.0,Week 1,Delta limit and penalty,The delta limit for this sub-heat is 11000 and the penalty percentage is 2%,18,2026-02-02 01:04:38.513368,RTM,49.9,49.9,49.92,100000000.0,100000000.0
1.0,1.0,1.0,Week 1,Risk free rate and current annualized volatility of RTM,The current risk free rate is 0%. RTM is an ETF that mimics one of the major indices in the simulated world and its current annualized realized volatility is 18%. This simulation consists of 20 trading days that are each 15 ticks in length.,18,2026-02-02 01:04:38.513368,RTM1C45,4.91,4.9,4.92,1000000.0,1000000.0
,,,,,,18,2026-02-02 01:04:38.513368,RTM1P45,0.02,0.01,0.03,1000000.0,1000000.0
,,,,,,18,2026-02-02 01:04:38.513368,RTM1C46,3.92,3.91,3.93,1000000.0,1000000.0
,,,,,,18,2026-02-02 01:04:38.513368,RTM1P46,0.02,0.01,0.03,1000000.0,1000000.0
,,,,,,18,2026-02-02 01:04:38.513368,RTM1C47,2.94,2.93,2.95,1000000.0,1000000.0
,,,,,,18,2026-02-02 01:04:38.513368,RTM1P47,0.04,0.03,0.05,1000000.0,1000000.0
,,,,,,18,2026-02-02 01:04:38.513368,RTM1C48,2.11,2.1,2.12,1000000.0,1000000.0
,,,,,,18,2026-02-02 01:04:38.513368,RTM1P48,0.2,0.19,0.21,1000000.0,1000000.0
,,,,,,18,2026-02-02 01:04:38.513368,RTM1C49,1.31,1.3,1.32,1000000.0,1000000.0
,,,,,,18,2026-02-02 01:04:38.513368,RTM1P49,0.4,0.39,0.41,1000000.0,1000000.0
,,,,,,18,2026-02-02 01:04:38.513368,RTM1C50,0.75,0.74,0.76,1000000.0,1000000.0
,,,,,,18,2026-02-02 01:04:38.513368,RTM1P50,0.84,0.83,0.85,1000000.0,1000000.0
,,,,,,18,2026-02-02 01:04:38.513368,RTM1C51,0.38,0.37,0.39,1000000.0,1000000.0
,,,,,,18,2026-02-02 01:04:38.513368,RTM1P51,1.47,1.46,1.48,1000000.0,1000000.0
,,,,,,18,2026-02-02 01:04:38.513368,RTM1C52,0.15,0.14,0.16,1000000.0,1000000.0
,,,,,,18,2026-02-02 01:04:38.513368,RTM1P52,2.25,2.24,2.26,1000000.0,1000000.0
,,,,,,18,2026-02-02 01:04:38.513368,RTM1C53,0.08,0.07,0.09,1000000.0,1000000.0
,,,,,,18,2026-02-02 01:04:38.513368,RTM1P53,3.17,3.16,3.18,1000000.0,1000000.0
,,,,,,18,2026-02-02 01:04:38.513368,RTM1C54,0.02,0.01,0.03,1000000.0,1000000.0
,,,,,,18,2026-02-02 01:04:38.513368,RTM1P54,4.11,4.1,4.12,1000000.0,1000000.0
2.0,1.0,1.0,Week 1,Delta limit and penalty,The delta limit for this sub-heat is 11000 and the penalty percentage is 2%,19,2026-02-02 01:04:39.559035,RTM,49.92,49.91,49.93,100000000.0,100000000.0
1.0,1.0,1.0,Week 1,Risk free rate and current annualized volatility of RTM,The current risk free rate is 0%. RTM is an ETF that mimics one of the major indices in the simulated world and its current annualized realized volatility is 18%. This simulation consists of 20 trading days that are each 15 ticks in length.,19,2026-02-02 01:04:39.559035,RTM1C45,4.92,4.91,4.93,1000000.0,1000000.0
,,,,,,19,2026-02-02 01:04:39.559035,RTM1P45,0.02,0.01,0.03,1000000.0,1000000.0
,,,,,,19,2026-02-02 01:04:39.559035,RTM1C46,3.94,3.93,3.95,1000000.0,1000000.0
,,,,,,19,2026-02-02 01:04:39.559035,RTM1P46,0.02,0.01,0.03,1000000.0,1000000.0
,,,,,,19,2026-02-02 01:04:39.559035,RTM1C47,2.98,2.97,2.99,1000000.0,1000000.0
,,,,,,19,2026-02-02 01:04:39.559035,RTM1P47,0.06,0.05,0.07,1000000.0,1000000.0
,,,,,,19,2026-02-02 01:04:39.559035,RTM1C48,2.11,2.1,2.12,1000000.0,1000000.0
,,,,,,19,2026-02-02 01:04:39.559035,RTM1P48,0.19,0.18,0.2,1000000.0,1000000.0
,,,,,,19,2026-02-02 01:04:39.559035,RTM1C49,1.28,1.27,1.29,1000000.0,1000000.0
,,,,,,19,2026-02-02 01:04:39.559035,RTM1P49,0.36,0.35,0.37,1000000.0,1000000.0
,,,,,,19,2026-02-02 01:04:39.559035,RTM1C50,0.81,0.8,0.82,1000000.0,1000000.0
,,,,,,19,2026-02-02 01:04:39.559035,RTM1P50,0.89,0.88,0.9,1000000.0,1000000.0
,,,,,,19,2026-02-02 01:04:39.559035,RTM1C51,0.35,0.34,0.36,1000000.0,1000000.0
,,,,,,19,2026-02-02 01:04:39.559035,RTM1P51,1.44,1.43,1.45,1000000.0,1000000.0
,,,,,,19,2026-02-02 01:04:39.559035,RTM1C52,0.19,0.18,0.2,1000000.0,1000000.0
,,,,,,19,2026-02-02 01:04:39.559035,RTM1P52,2.28,2.27,2.29,1000000.0,1000000.0
,,,,,,19,2026-02-02 01:04:39.559035,RTM1C53,0.05,0.04,0.06,1000000.0,1000000.0
,,,,,,19,2026-02-02 01:04:39.559035,RTM1P53,3.13,3.12,3.14,1000000.0,1000000.0
,,,,,,19,2026-02-02 01:04:39.559035,RTM1C54,0.02,0.01,0.03,1000000.0,1000000.0
,,,,,,19,2026-02-02 01:04:39.559035,RTM1P54,4.1,4.09,4.11,1000000.0,1000000.0
2.0,1.0,1.0,Week 1,Delta limit and penalty,The delta limit for this sub-heat is 11000 and the penalty percentage is 2%,20,2026-02-02 01:04:40.606008,RTM,49.88,49.87,49.89,100000000.0,100000000.0
1.0,1.0,1.0,Week 1,Risk free rate and current annualized volatility of RTM,The current risk free rate is 0%. RTM is an ETF that mimics one of the major indices in the simulated world and its current annualized realized volatility is 18%. This simulation consists of 20 trading days that are each 15 ticks in length.,20,2026-02-02 01:04:40.606008,RTM1C45,4.89,4.88,4.9,1000000.0,1000000.0
,,,,,,20,2026-02-02 01:04:40.606008,RTM1P45,0.02,0.01,0.03,1000000.0,1000000.0
,,,,,,20,2026-02-02 01:04:40.606008,RTM1C46,3.9,3.89,3.91,1000000.0,1000000.0
,,,,,,20,2026-02-02 01:04:40.606008,RTM1P46,0.02,0.01,0.03,1000000.0,1000000.0
,,,,,,20,2026-02-02 01:04:40.606008,RTM1C47,2.95,2.94,2.96,1000000.0,1000000.0
,,,,,,20,2026-02-02 01:04:40.606008,RTM1P47,0.07,0.06,0.08,1000000.0,1000000.0
,,,,,,20,2026-02-02 01:04:40.606008,RTM1C48,2.09,2.08,2.1,1000000.0,1000000.0
,,,,,,20,2026-02-02 01:04:40.606008,RTM1P48,0.2,0.19,0.21,1000000.0,1000000.0
,,,,,,20,2026-02-02 01:04:40.606008,RTM1C49,1.26,1.25,1.27,1000000.0,1000000.0
,,,,,,20,2026-02-02 01:04:40.606008,RTM1P49,0.38,0.37,0.39,1000000.0,1000000.0
,,,,,,20,2026-02-02 01:04:40.606008,RTM1C50,0.74,0.73,0.75,1000000.0,1000000.0
,,,,,,20,2026-02-02 01:04:40.606008,RTM1P50,0.85,0.84,0.86,1000000.0,1000000.0
,,,,,,20,2026-02-02 01:04:40.606008,RTM1C51,0.38,0.37,0.39,1000000.0,1000000.0
,,,,,,20,2026-02-02 01:04:40.606008,RTM1P51,1.49,1.48,1.5,1000000.0,1000000.0
,,,,,,20,2026-02-02 01:04:40.606008,RTM1C52,0.19,0.18,0.2,1000000.0,1000000.0
,,,,,,20,2026-02-02 01:04:40.606008,RTM1P52,2.3,2.29,2.31,1000000.0,1000000.0
,,,,,,20,2026-02-02 01:04:40.606008,RTM1C53,0.04,0.03,0.05,1000000.0,1000000.0
,,,,,,20,2026-02-02 01:04:40.606008,RTM1P53,3.15,3.14,3.16,1000000.0,1000000.0
,,,,,,20,2026-02-02 01:04:40.606008,RTM1C54,0.02,0.01,0.03,1000000.0,1000000.0
,,,,,,20,2026-02-02 01:04:40.606008,RTM1P54,4.14,4.13,4.15,1000000.0,1000000.0
2.0,1.0,1.0,Week 1,Delta limit and penalty,The delta limit for this sub-heat is 11000 and the penalty percentage is 2%,21,2026-02-02 01:04:41.657863,RTM,50.14,50.14,50.16,100000000.0,100000000.0
1.0,1.0,1.0,Week 1,Risk free rate and current annualized volatility of RTM,The current risk free rate is 0%. RTM is an ETF that mimics one of the major indices in the simulated world and its current annualized realized volatility is 18%. This simulation consists of 20 trading days that are each 15 ticks in length.,21,2026-02-02 01:04:41.657863,RTM1C45,5.15,5.14,5.16,1000000.0,1000000.0
,,,,,,21,2026-02-02 01:04:41.657863,RTM1P45,0.02,0.01,0.03,1000000.0,1000000.0
,,,,,,21,2026-02-02 01:04:41.657863,RTM1C46,4.16,4.15,4.17,1000000.0,1000000.0
,,,,,,21,2026-02-02 01:04:41.657863,RTM1P46,0.02,0.01,0.03,1000000.0,1000000.0
,,,,,,21,2026-02-02 01:04:41.657863,RTM1C47,3.2,3.19,3.21,1000000.0,1000000.0
,,,,,,21,2026-02-02 01:04:41.657863,RTM1P47,0.05,0.04,0.06,1000000.0,1000000.0
,,,,,,21,2026-02-02 01:04:41.657863,RTM1C48,2.26,2.25,2.27,1000000.0,1000000.0
,,,,,,21,2026-02-02 01:04:41.657863,RTM1P48,0.11,0.1,0.12,1000000.0,1000000.0
,,,,,,21,2026-02-02 01:04:41.657863,RTM1C49,1.5,1.49,1.51,1000000.0,1000000.0
,,,,,,21,2026-02-02 01:04:41.657863,RTM1P49,0.35,0.34,0.36,1000000.0,1000000.0
,,,,,,21,2026-02-02 01:04:41.657863,RTM1C50,0.88,0.87,0.89,1000000.0,1000000.0
,,,,,,21,2026-02-02 01:04:41.657863,RTM1P50,0.73,0.72,0.74,1000000.0,1000000.0
,,,,,,21,2026-02-02 01:04:41.657863,RTM1C51,0.41,0.4,0.42,1000000.0,1000000.0
,,,,,,21,2026-02-02 01:04:41.657863,RTM1P51,1.26,1.25,1.27,1000000.0,1000000.0
,,,,,,21,2026-02-02 01:04:41.657863,RTM1C52,0.23,0.22,0.24,1000000.0,1000000.0
,,,,,,21,2026-02-02 01:04:41.657863,RTM1P52,2.08,2.07,2.09,1000000.0,1000000.0
,,,,,,21,2026-02-02 01:04:41.657863,RTM1C53,0.06,0.05,0.07,1000000.0,1000000.0
,,,,,,21,2026-02-02 01:04:41.657863,RTM1P53,2.91,2.9,2.92,1000000.0,1000000.0
,,,,,,21,2026-02-02 01:04:41.657863,RTM1C54,0.04,0.03,0.05,1000000.0,1000000.0
,,,,,,21,2026-02-02 01:04:41.657863,RTM1P54,3.89,3.88,3.9,1000000.0,1000000.0
2.0,1.0,1.0,Week 1,Delta limit and penalty,The delta limit for this sub-heat is 11000 and the penalty percentage is 2%,22,2026-02-02 01:04:42.723239,RTM,50.19,50.19,50.21,100000000.0,100000000.0
1.0,1.0,1.0,Week 1,Risk free rate and current annualized volatility of RTM,The current risk free rate is 0%. RTM is an ETF that mimics one of the major indices in the simulated world and its current annualized realized volatility is 18%. This simulation consists of 20 trading days that are each 15 ticks in length.,22,2026-02-02 01:04:42.723239,RTM1C45,5.2,5.19,5.21,1000000.0,1000000.0
,,,,,,22,2026-02-02 01:04:42.723239,RTM1P45,0.02,0.01,0.03,1000000.0,1000000.0
,,,,,,22,2026-02-02 01:04:42.723239,RTM1C46,4.2,4.19,4.21,1000000.0,1000000.0
,,,,,,22,2026-02-02 01:04:42.723239,RTM1P46,0.02,0.01,0.03,1000000.0,1000000.0
,,,,,,22,2026-02-02 01:04:42.723239,RTM1C47,3.23,3.22,3.24,1000000.0,1000000.0
,,,,,,22,2026-02-02 01:04:42.723239,RTM1P47,0.03,0.02,0.04,1000000.0,1000000.0
,,,,,,22,2026-02-02 01:04:42.723239,RTM1C48,2.35,2.34,2.36,1000000.0,1000000.0
,,,,,,22,2026-02-02 01:04:42.723239,RTM1P48,0.15,0.14,0.16,1000000.0,1000000.0
,,,,,,22,2026-02-02 01:04:42.723239,RTM1C49,1.57,1.56,1.58,1000000.0,1000000.0
,,,,,,22,2026-02-02 01:04:42.723239,RTM1P49,0.37,0.36,0.38,1000000.0,1000000.0
,,,,,,22,2026-02-02 01:04:42.723239,RTM1C50,0.9,0.89,0.91,1000000.0,1000000.0
,,,,,,22,2026-02-02 01:04:42.723239,RTM1P50,0.7,0.69,0.71,1000000.0,1000000.0
,,,,,,22,2026-02-02 01:04:42.723239,RTM1C51,0.52,0.51,0.53,1000000.0,1000000.0
,,,,,,22,2026-02-02 01:04:42.723239,RTM1P51,1.32,1.31,1.33,1000000.0,1000000.0
,,,,,,22,2026-02-02 01:04:42.723239,RTM1C52,0.18,0.17,0.19,1000000.0,1000000.0
,,,,,,22,2026-02-02 01:04:42.723239,RTM1P52,1.99,1.98,2.0,1000000.0,1000000.0
,,,,,,22,2026-02-02 01:04:42.723239,RTM1C53,0.06,0.05,0.07,1000000.0,1000000.0
,,,,,,22,2026-02-02 01:04:42.723239,RTM1P53,2.87,2.86,2.88,1000000.0,1000000.0
,,,,,,22,2026-02-02 01:04:42.723239,RTM1C54,0.03,0.02,0.04,1000000.0,1000000.0
,,,,,,22,2026-02-02 01:04:42.723239,RTM1P54,3.83,3.82,3.84,1000000.0,1000000.0
2.0,1.0,1.0,Week 1,Delta limit and penalty,The delta limit for this sub-heat is 11000 and the penalty percentage is 2%,23,2026-02-02 01:04:43.772037,RTM,50.45,50.45,50.47,100000000.0,100000000.0
1.0,1.0,1.0,Week 1,Risk free rate and current annualized volatility of RTM,The current risk free rate is 0%. RTM is an ETF that mimics one of the major indices in the simulated world and its current annualized realized volatility is 18%. This simulation consists of 20 trading days that are each 15 ticks in length.,23,2026-02-02 01:04:43.772037,RTM1C45,5.46,5.45,5.47,1000000.0,1000000.0
,,,,,,23,2026-02-02 01:04:43.772037,RTM1P45,0.02,0.01,0.03,1000000.0,1000000.0
,,,,,,23,2026-02-02 01:04:43.772037,RTM1C46,4.46,4.45,4.47,1000000.0,1000000.0
,,,,,,23,2026-02-02 01:04:43.772037,RTM1P46,0.02,0.01,0.03,1000000.0,1000000.0
,,,,,,23,2026-02-02 01:04:43.772037,RTM1C47,3.48,3.47,3.49,1000000.0,1000000.0
,,,,,,23,2026-02-02 01:04:43.772037,RTM1P47,0.02,0.01,0.03,1000000.0,1000000.0
,,,,,,23,2026-02-02 01:04:43.772037,RTM1C48,2.58,2.57,2.59,1000000.0,1000000.0
,,,,,,23,2026-02-02 01:04:43.772037,RTM1P48,0.12,0.11,0.13,1000000.0,1000000.0
,,,,,,23,2026-02-02 01:04:43.772037,RTM1C49,1.78,1.77,1.79,1000000.0,1000000.0
,,,,,,23,2026-02-02 01:04:43.772037,RTM1P49,0.32,0.31,0.33,1000000.0,1000000.0
,,,,,,23,2026-02-02 01:04:43.772037,RTM1C50,1.02,1.01,1.03,1000000.0,1000000.0
,,,,,,23,2026-02-02 01:04:43.772037,RTM1P50,0.56,0.55,0.57,1000000.0,1000000.0
,,,,,,23,2026-02-02 01:04:43.772037,RTM1C51,0.55,0.54,0.56,1000000.0,1000000.0
,,,,,,23,2026-02-02 01:04:43.772037,RTM1P51,1.1,1.09,1.11,1000000.0,1000000.0
,,,,,,23,2026-02-02 01:04:43.772037,RTM1C52,0.31,0.3,0.32,1000000.0,1000000.0
,,,,,,23,2026-02-02 01:04:43.772037,RTM1P52,1.85,1.84,1.86,1000000.0,1000000.0
,,,,,,23,2026-02-02 01:04:43.772037,RTM1C53,0.09,0.08,0.1,1000000.0,1000000.0
,,,,,,23,2026-02-02 01:04:43.772037,RTM1P53,2.63,2.62,2.64,1000000.0,1000000.0
,,,,,,23,2026-02-02 01:04:43.772037,RTM1C54,0.05,0.04,0.06,1000000.0,1000000.0
,,,,,,23,2026-02-02 01:04:43.772037,RTM1P54,3.59,3.58,3.6,1000000.0,1000000.0
2.0,1.0,1.0,Week 1,Delta limit and penalty,The delta limit for this sub-heat is 11000 and the penalty percentage is 2%,24,2026-02-02 01:04:44.823187,RTM,50.42,50.42,50.44,100000000.0,100000000.0
1.0,1.0,1.0,Week 1,Risk free rate and current annualized volatility of RTM,The current risk free rate is 0%. RTM is an ETF that mimics one of the major indices in the simulated world and its current annualized realized volatility is 18%. This simulation consists of 20 trading days that are each 15 ticks in length.,24,2026-02-02 01:04:44.823187,RTM1C45,5.43,5.42,5.44,1000000.0,1000000.0
,,,,,,24,2026-02-02 01:04:44.823187,RTM1P45,0.02,0.01,0.03,1000000.0,1000000.0
,,,,,,24,2026-02-02 01:04:44.823187,RTM1C46,4.44,4.43,4.45,1000000.0,1000000.0
,,,,,,24,2026-02-02 01:04:44.823187,RTM1P46,0.02,0.01,0.03,1000000.0,1000000.0
,,,,,,24,2026-02-02 01:04:44.823187,RTM1C47,3.46,3.45,3.47,1000000.0,1000000.0
,,,,,,24,2026-02-02 01:04:44.823187,RTM1P47,0.03,0.02,0.04,1000000.0,1000000.0
,,,,,,24,2026-02-02 01:04:44.823187,RTM1C48,2.51,2.5,2.52,1000000.0,1000000.0
,,,,,,24,2026-02-02 01:04:44.823187,RTM1P48,0.08,0.07,0.09,1000000.0,1000000.0
,,,,,,24,2026-02-02 01:04:44.823187,RTM1C49,1.69,1.68,1.7,1000000.0,1000000.0
,,,,,,24,2026-02-02 01:04:44.823187,RTM1P49,0.26,0.25,0.27,1000000.0,1000000.0
,,,,,,24,2026-02-02 01:04:44.823187,RTM1C50,1.03,1.02,1.04,1000000.0,1000000.0
,,,,,,24,2026-02-02 01:04:44.823187,RTM1P50,0.6,0.59,0.61,1000000.0,1000000.0
,,,,,,24,2026-02-02 01:04:44.823187,RTM1C51,0.62,0.61,0.63,1000000.0,1000000.0
,,,,,,24,2026-02-02 01:04:44.823187,RTM1P51,1.19,1.18,1.2,1000000.0,1000000.0
,,,,,,24,2026-02-02 01:04:44.823187,RTM1C52,0.26,0.25,0.27,1000000.0,1000000.0
,,,,,,24,2026-02-02 01:04:44.823187,RTM1P52,1.83,1.82,1.84,1000000.0,1000000.0
,,,,,,24,2026-02-02 01:04:44.823187,RTM1C53,0.07,0.06,0.08,1000000.0,1000000.0
,,,,,,24,2026-02-02 01:04:44.823187,RTM1P53,2.64,2.63,2.65,1000000.0,1000000.0
,,,,,,24,2026-02-02 01:04:44.823187,RTM1C54,0.03,0.02,0.04,1000000.0,1000000.0
,,,,,,24,2026-02-02 01:04:44.823187,RTM1P54,3.6,3.59,3.61,1000000.0,1000000.0
2.0,1.0,1.0,Week 1,Delta limit and penalty,The delta limit for this sub-heat is 11000 and the penalty percentage is 2%,25,2026-02-02 01:04:45.886840,RTM,50.71,50.71,50.73,100000000.0,100000000.0
1.0,1.0,1.0,Week 1,Risk free rate and current annualized volatility of RTM,The current risk free rate is 0%. RTM is an ETF that mimics one of the major indices in the simulated world and its current annualized realized volatility is 18%. This simulation consists of 20 trading days that are each 15 ticks in length.,25,2026-02-02 01:04:45.886840,RTM1C45,5.72,5.71,5.73,1000000.0,1000000.0
,,,,,,25,2026-02-02 01:04:45.886840,RTM1P45,0.02,0.01,0.03,1000000.0,1000000.0
,,,,,,25,2026-02-02 01:04:45.886840,RTM1C46,4.72,4.71,4.73,1000000.0,1000000.0
,,,,,,25,2026-02-02 01:04:45.886840,RTM1P46,0.02,0.01,0.03,1000000.0,1000000.0
,,,,,,25,2026-02-02 01:04:45.886840,RTM1C47,3.75,3.74,3.76,1000000.0,1000000.0
,,,,,,25,2026-02-02 01:04:45.886840,RTM1P47,0.03,0.02,0.04,1000000.0,1000000.0
,,,,,,25,2026-02-02 01:04:45.886840,RTM1C48,2.8,2.79,2.81,1000000.0,1000000.0
,,,,,,25,2026-02-02 01:04:45.886840,RTM1P48,0.09,0.08,0.1,1000000.0,1000000.0
,,,,,,25,2026-02-02 01:04:45.886840,RTM1C49,1.93,1.92,1.94,1000000.0,1000000.0
,,,,,,25,2026-02-02 01:04:45.886840,RTM1P49,0.22,0.21,0.23,1000000.0,1000000.0
,,,,,,25,2026-02-02 01:04:45.886840,RTM1C50,1.22,1.21,1.23,1000000.0,1000000.0
,,,,,,25,2026-02-02 01:04:45.886840,RTM1P50,0.51,0.5,0.52,1000000.0,1000000.0
,,,,,,25,2026-02-02 01:04:45.886840,RTM1C51,0.69,0.68,0.7,1000000.0,1000000.0
,,,,,,25,2026-02-02 01:04:45.886840,RTM1P51,0.97,0.96,0.98,1000000.0,1000000.0
,,,,,,25,2026-02-02 01:04:45.886840,RTM1C52,0.37,0.36,0.38,1000000.0,1000000.0
,,,,,,25,2026-02-02 01:04:45.886840,RTM1P52,1.65,1.64,1.66,1000000.0,1000000.0
,,,,,,25,2026-02-02 01:04:45.886840,RTM1C53,0.13,0.12,0.14,1000000.0,1000000.0
,,,,,,25,2026-02-02 01:04:45.886840,RTM1P53,2.42,2.41,2.43,1000000.0,1000000.0
,,,,,,25,2026-02-02 01:04:45.886840,RTM1C54,0.07,0.06,0.08,1000000.0,1000000.0
,,,,,,25,2026-02-02 01:04:45.886840,RTM1P54,3.36,3.35,3.37,1000000.0,1000000.0
2.0,1.0,1.0,Week 1,Delta limit and penalty,The delta limit for this sub-heat is 11000 and the penalty percentage is 2%,26,2026-02-02 01:04:46.938125,RTM,50.68,50.68,50.7,100000000.0,100000000.0
1.0,1.0,1.0,Week 1,Risk free rate and current annualized volatility of RTM,The current risk free rate is 0%. RTM is an ETF that mimics one of the major indices in the simulated world and its current annualized realized volatility is 18%. This simulation consists of 20 trading days that are each 15 ticks in length.,26,2026-02-02 01:04:46.938125,RTM1C45,5.7,5.69,5.71,1000000.0,1000000.0
,,,,,,26,2026-02-02 01:04:46.938125,RTM1P45,0.02,0.01,0.03,1000000.0,1000000.0
,,,,,,26,2026-02-02 01:04:46.938125,RTM1C46,4.7,4.69,4.71,1000000.0,1000000.0
,,,,,,26,2026-02-02 01:04:46.938125,RTM1P46,0.02,0.01,0.03,1000000.0,1000000.0
,,,,,,26,2026-02-02 01:04:46.938125,RTM1C47,3.73,3.72,3.74,1000000.0,1000000.0
,,,,,,26,2026-02-02 01:04:46.938125,RTM1P47,0.04,0.03,0.05,1000000.0,1000000.0
,,,,,,26,2026-02-02 01:04:46.938125,RTM1C48,2.78,2.77,2.79,1000000.0,1000000.0
,,,,,,26,2026-02-02 01:04:46.938125,RTM1P48,0.09,0.08,0.1,1000000.0,1000000.0
,,,,,,26,2026-02-02 01:04:46.938125,RTM1C49,1.93,1.92,1.94,1000000.0,1000000.0
,,,,,,26,2026-02-02 01:04:46.938125,RTM1P49,0.23,0.22,0.24,1000000.0,1000000.0
,,,,,,26,2026-02-02 01:04:46.938125,RTM1C50,1.22,1.21,1.23,1000000.0,1000000.0
,,,,,,26,2026-02-02 01:04:46.938125,RTM1P50,0.53,0.52,0.54,1000000.0,1000000.0
,,,,,,26,2026-02-02 01:04:46.938125,RTM1C51,0.73,0.72,0.74,1000000.0,1000000.0
,,,,,,26,2026-02-02 01:04:46.938125,RTM1P51,1.03,1.02,1.04,1000000.0,1000000.0
,,,,,,26,2026-02-02 01:04:46.938125,RTM1C52,0.31,0.3,0.32,1000000.0,1000000.0
,,,,,,26,2026-02-02 01:04:46.938125,RTM1P52,1.62,1.61,1.63,1000000.0,1000000.0
,,,,,,26,2026-02-02 01:04:46.938125,RTM1C53,0.13,0.12,0.14,1000000.0,1000000.0
,,,,,,26,2026-02-02 01:04:46.938125,RTM1P53,2.44,2.43,2.45,1000000.0,1000000.0
,,,,,,26,2026-02-02 01:04:46.938125,RTM1C54,0.04,0.03,0.05,1000000.0,1000000.0
,,,,,,26,2026-02-02 01:04:46.938125,RTM1P54,3.35,3.34,3.36,1000000.0,1000000.0
2.0,1.0,1.0,Week 1,Delta limit and penalty,The delta limit for this sub-heat is 11000 and the penalty percentage is 2%,28,2026-02-02 01:04:48.012004,RTM,50.81,50.8,50.82,100000000.0,100000000.0
1.0,1.0,1.0,Week 1,Risk free rate and current annualized volatility of RTM,The current risk free rate is 0%. RTM is an ETF that mimics one of the major indices in the simulated world and its current annualized realized volatility is 18%. This simulation consists of 20 trading days that are each 15 ticks in length.,28,2026-02-02 01:04:48.012004,RTM1C45,5.81,5.8,5.82,1000000.0,1000000.0
,,,,,,28,2026-02-02 01:04:48.012004,RTM1P45,0.02,0.01,0.03,1000000.0,1000000.0
,,,,,,28,2026-02-02 01:04:48.012004,RTM1C46,4.82,4.81,4.83,1000000.0,1000000.0
,,,,,,28,2026-02-02 01:04:48.012004,RTM1P46,0.02,0.01,0.03,1000000.0,1000000.0
,,,,,,28,2026-02-02 01:04:48.012004,RTM1C47,3.83,3.82,3.84,1000000.0,1000000.0
,,,,,,28,2026-02-02 01:04:48.012004,RTM1P47,0.02,0.01,0.03,1000000.0,1000000.0
,,,,,,28,2026-02-02 01:04:48.012004,RTM1C48,2.89,2.88,2.9,1000000.0,1000000.0
,,,,,,28,2026-02-02 01:04:48.012004,RTM1P48,0.08,0.07,0.09,1000000.0,1000000.0
,,,,,,28,2026-02-02 01:04:48.012004,RTM1C49,2.02,2.01,2.03,1000000.0,1000000.0
,,,,,,28,2026-02-02 01:04:48.012004,RTM1P49,0.21,0.2,0.22,1000000.0,1000000.0
,,,,,,28,2026-02-02 01:04:48.012004,RTM1C50,1.34,1.33,1.35,1000000.0,1000000.0
,,,,,,28,2026-02-02 01:04:48.012004,RTM1P50,0.53,0.52,0.54,1000000.0,1000000.0
,,,,,,28,2026-02-02 01:04:48.012004,RTM1C51,0.73,0.72,0.74,1000000.0,1000000.0
,,,,,,28,2026-02-02 01:04:48.012004,RTM1P51,0.92,0.91,0.93,1000000.0,1000000.0
,,,,,,28,2026-02-02 01:04:48.012004,RTM1C52,0.34,0.33,0.35,1000000.0,1000000.0
,,,,,,28,2026-02-02 01:04:48.012004,RTM1P52,1.53,1.52,1.54,1000000.0,1000000.0
,,,,,,28,2026-02-02 01:04:48.012004,RTM1C53,0.17,0.16,0.18,1000000.0,1000000.0
,,,,,,28,2026-02-02 01:04:48.012004,RTM1P53,2.36,2.35,2.37,1000000.0,1000000.0
,,,,,,28,2026-02-02 01:04:48.012004,RTM1C54,0.08,0.07,0.09,1000000.0,1000000.0
,,,,,,28,2026-02-02 01:04:48.012004,RTM1P54,3.27,3.26,3.28,1000000.0,1000000.0
2.0,1.0,1.0,Week 1,Delta limit and penalty,The delta limit for this sub-heat is 11000 and the penalty percentage is 2%,29,2026-02-02 01:04:49.066645,RTM,50.85,50.84,50.86,100000000.0,100000000.0
1.0,1.0,1.0,Week 1,Risk free rate and current annualized volatility of RTM,The current risk free rate is 0%. RTM is an ETF that mimics one of the major indices in the simulated world and its current annualized realized volatility is 18%. This simulation consists of 20 trading days that are each 15 ticks in length.,29,2026-02-02 01:04:49.066645,RTM1C45,5.86,5.85,5.87,1000000.0,1000000.0
,,,,,,29,2026-02-02 01:04:49.066645,RTM1P45,0.02,0.01,0.03,1000000.0,1000000.0
,,,,,,29,2026-02-02 01:04:49.066645,RTM1C46,4.86,4.85,4.87,1000000.0,1000000.0
,,,,,,29,2026-02-02 01:04:49.066645,RTM1P46,0.02,0.01,0.03,1000000.0,1000000.0
,,,,,,29,2026-02-02 01:04:49.066645,RTM1C47,3.88,3.87,3.89,1000000.0,1000000.0
,,,,,,29,2026-02-02 01:04:49.066645,RTM1P47,0.02,0.01,0.03,1000000.0,1000000.0
,,,,,,29,2026-02-02 01:04:49.066645,RTM1C48,2.93,2.92,2.94,1000000.0,1000000.0
,,,,,,29,2026-02-02 01:04:49.066645,RTM1P48,0.07,0.06,0.08,1000000.0,1000000.0
,,,,,,29,2026-02-02 01:04:49.066645,RTM1C49,2.1,2.09,2.11,1000000.0,1000000.0
,,,,,,29,2026-02-02 01:04:49.066645,RTM1P49,0.24,0.23,0.25,1000000.0,1000000.0
,,,,,,29,2026-02-02 01:04:49.066645,RTM1C50,1.33,1.32,1.34,1000000.0,1000000.0
,,,,,,29,2026-02-02 01:04:49.066645,RTM1P50,0.47,0.46,0.48,1000000.0,1000000.0
,,,,,,29,2026-02-02 01:04:49.066645,RTM1C51,0.78,0.77,0.79,1000000.0,1000000.0
,,,,,,29,2026-02-02 01:04:49.066645,RTM1P51,0.93,0.92,0.94,1000000.0,1000000.0
,,,,,,29,2026-02-02 01:04:49.066645,RTM1C52,0.37,0.36,0.38,1000000.0,1000000.0
,,,,,,29,2026-02-02 01:04:49.066645,RTM1P52,1.51,1.5,1.52,1000000.0,1000000.0
,,,,,,29,2026-02-02 01:04:49.066645,RTM1C53,0.2,0.19,0.21,1000000.0,1000000.0
,,,,,,29,2026-02-02 01:04:49.066645,RTM1P53,2.35,2.34,2.36,1000000.0,1000000.0
,,,,,,29,2026-02-02 01:04:49.066645,RTM1C54,0.07,0.06,0.08,1000000.0,1000000.0
,,,,,,29,2026-02-02 01:04:49.066645,RTM1P54,3.21,3.2,3.22,1000000.0,1000000.0
2.0,1.0,1.0,Week 1,Delta limit and penalty,The delta limit for this sub-heat is 11000 and the penalty percentage is 2%,30,2026-02-02 01:04:50.123995,RTM,51.04,51.03,51.05,100000000.0,100000000.0
1.0,1.0,1.0,Week 1,Risk free rate and current annualized volatility of RTM,The current risk free rate is 0%. RTM is an ETF that mimics one of the major indices in the simulated world and its current annualized realized volatility is 18%. This simulation consists of 20 trading days that are each 15 ticks in length.,30,2026-02-02 01:04:50.123995,RTM1C45,6.04,6.03,6.05,1000000.0,1000000.0
,,,,,,30,2026-02-02 01:04:50.123995,RTM1P45,0.02,0.01,0.03,1000000.0,1000000.0
,,,,,,30,2026-02-02 01:04:50.123995,RTM1C46,5.05,5.04,5.06,1000000.0,1000000.0
,,,,,,30,2026-02-02 01:04:50.123995,RTM1P46,0.02,0.01,0.03,1000000.0,1000000.0
,,,,,,30,2026-02-02 01:04:50.123995,RTM1C47,4.06,4.05,4.07,1000000.0,1000000.0
,,,,,,30,2026-02-02 01:04:50.123995,RTM1P47,0.02,0.01,0.03,1000000.0,1000000.0
,,,,,,30,2026-02-02 01:04:50.123995,RTM1C48,3.11,3.1,3.12,1000000.0,1000000.0
,,,,,,30,2026-02-02 01:04:50.123995,RTM1P48,0.07,0.06,0.08,1000000.0,1000000.0
,,,,,,30,2026-02-02 01:04:50.123995,RTM1C49,2.17,2.16,2.18,1000000.0,1000000.0
,,,,,,30,2026-02-02 01:04:50.123995,RTM1P49,0.13,0.12,0.14,1000000.0,1000000.0
,,,,,,30,2026-02-02 01:04:50.123995,RTM1C50,1.47,1.46,1.48,1000000.0,1000000.0
,,,,,,30,2026-02-02 01:04:50.123995,RTM1P50,0.42,0.41,0.43,1000000.0,1000000.0
,,,,,,30,2026-02-02 01:04:50.123995,RTM1C51,0.86,0.85,0.87,1000000.0,1000000.0
,,,,,,30,2026-02-02 01:04:50.123995,RTM1P51,0.82,0.81,0.83,1000000.0,1000000.0
,,,,,,30,2026-02-02 01:04:50.123995,RTM1C52,0.49,0.48,0.5,1000000.0,1000000.0
,,,,,,30,2026-02-02 01:04:50.123995,RTM1P52,1.45,1.44,1.46,1000000.0,1000000.0
,,,,,,30,2026-02-02 01:04:50.123995,RTM1C53,0.21,0.2,0.22,1000000.0,1000000.0
,,,,,,30,2026-02-02 01:04:50.123995,RTM1P53,2.16,2.15,2.17,1000000.0,1000000.0
,,,,,,30,2026-02-02 01:04:50.123995,RTM1C54,0.1,0.09,0.11,1000000.0,1000000.0
,,,,,,30,2026-02-02 01:04:50.123995,RTM1P54,3.06,3.05,3.07,1000000.0,1000000.0
2.0,1.0,1.0,Week 1,Delta limit and penalty,The delta limit for this sub-heat is 11000 and the penalty percentage is 2%,31,2026-02-02 01:04:51.183019,RTM,50.94,50.93,50.95,100000000.0,100000000.0
1.0,1.0,1.0,Week 1,Risk free rate and current annualized volatility of RTM,The current risk free rate is 0%. RTM is an ETF that mimics one of the major indices in the simulated world and its current annualized realized volatility is 18%. This simulation consists of 20 trading days that are each 15 ticks in length.,31,2026-02-02 01:04:51.183019,RTM1C45,5.95,5.94,5.96,1000000.0,1000000.0
,,,,,,31,2026-02-02 01:04:51.183019,RTM1P45,0.02,0.01,0.03,1000000.0,1000000.0
,,,,,,31,2026-02-02 01:04:51.183019,RTM1C46,4.95,4.94,4.96,1000000.0,1000000.0
,,,,,,31,2026-02-02 01:04:51.183019,RTM1P46,0.02,0.01,0.03,1000000.0,1000000.0
,,,,,,31,2026-02-02 01:04:51.183019,RTM1C47,3.97,3.96,3.98,1000000.0,1000000.0
,,,,,,31,2026-02-02 01:04:51.183019,RTM1P47,0.02,0.01,0.03,1000000.0,1000000.0
,,,,,,31,2026-02-02 01:04:51.183019,RTM1C48,3.01,3.0,3.02,1000000.0,1000000.0
,,,,,,31,2026-02-02 01:04:51.183019,RTM1P48,0.07,0.06,0.08,1000000.0,1000000.0
,,,,,,31,2026-02-02 01:04:51.183019,RTM1C49,2.1,2.09,2.11,1000000.0,1000000.0
,,,,,,31,2026-02-02 01:04:51.183019,RTM1P49,0.15,0.14,0.16,1000000.0,1000000.0
,,,,,,31,2026-02-02 01:04:51.183019,RTM1C50,1.37,1.36,1.38,1000000.0,1000000.0
,,,,,,31,2026-02-02 01:04:51.183019,RTM1P50,0.43,0.42,0.44,1000000.0,1000000.0
,,,,,,31,2026-02-02 01:04:51.183019,RTM1C51,0.83,0.82,0.84,1000000.0,1000000.0
,,,,,,31,2026-02-02 01:04:51.183019,RTM1P51,0.88,0.87,0.89,1000000.0,1000000.0
,,,,,,31,2026-02-02 01:04:51.183019,RTM1C52,0.43,0.42,0.44,1000000.0,1000000.0
,,,,,,31,2026-02-02 01:04:51.183019,RTM1P52,1.49,1.48,1.5,1000000.0,1000000.0
,,,,,,31,2026-02-02 01:04:51.183019,RTM1C53,0.19,0.18,0.2,1000000.0,1000000.0
,,,,,,31,2026-02-02 01:04:51.183019,RTM1P53,2.25,2.24,2.26,1000000.0,1000000.0
,,,,,,31,2026-02-02 01:04:51.183019,RTM1C54,0.07,0.06,0.08,1000000.0,1000000.0
,,,,,,31,2026-02-02 01:04:51.183019,RTM1P54,3.13,3.12,3.14,1000000.0,1000000.0
2.0,1.0,1.0,Week 1,Delta limit and penalty,The delta limit for this sub-heat is 11000 and the penalty percentage is 2%,32,2026-02-02 01:04:52.241325,RTM,50.78,50.77,50.79,100000000.0,100000000.0
1.0,1.0,1.0,Week 1,Risk free rate and current annualized volatility of RTM,The current risk free rate is 0%. RTM is an ETF that mimics one of the major indices in the simulated world and its current annualized realized volatility is 18%. This simulation consists of 20 trading days that are each 15 ticks in length.,32,2026-02-02 01:04:52.241325,RTM1C45,5.78,5.77,5.79,1000000.0,1000000.0
,,,,,,32,2026-02-02 01:04:52.241325,RTM1P45,0.02,0.01,0.03,1000000.0,1000000.0
,,,,,,32,2026-02-02 01:04:52.241325,RTM1C46,4.78,4.77,4.79,1000000.0,1000000.0
,,,,,,32,2026-02-02 01:04:52.241325,RTM1P46,0.02,0.01,0.03,1000000.0,1000000.0
,,,,,,32,2026-02-02 01:04:52.241325,RTM1C47,3.81,3.8,3.82,1000000.0,1000000.0
,,,,,,32,2026-02-02 01:04:52.241325,RTM1P47,0.03,0.02,0.04,1000000.0,1000000.0
,,,,,,32,2026-02-02 01:04:52.241325,RTM1C48,2.86,2.85,2.87,1000000.0,1000000.0
,,,,,,32,2026-02-02 01:04:52.241325,RTM1P48,0.08,0.07,0.09,1000000.0,1000000.0
,,,,,,32,2026-02-02 01:04:52.241325,RTM1C49,1.98,1.97,1.99,1000000.0,1000000.0
,,,,,,32,2026-02-02 01:04:52.241325,RTM1P49,0.2,0.19,0.21,1000000.0,1000000.0
,,,,,,32,2026-02-02 01:04:52.241325,RTM1C50,1.27,1.26,1.28,1000000.0,1000000.0
,,,,,,32,2026-02-02 01:04:52.241325,RTM1P50,0.49,0.48,0.5,1000000.0,1000000.0
,,,,,,32,2026-02-02 01:04:52.241325,RTM1C51,0.71,0.7,0.72,1000000.0,1000000.0
,,,,,,32,2026-02-02 01:04:52.241325,RTM1P51,0.93,0.92,0.94,1000000.0,1000000.0
,,,,,,32,2026-02-02 01:04:52.241325,RTM1C52,0.37,0.36,0.38,1000000.0,1000000.0
,,,,,,32,2026-02-02 01:04:52.241325,RTM1P52,1.59,1.58,1.6,1000000.0,1000000.0
,,,,,,32,2026-02-02 01:04:52.241325,RTM1C53,0.19,0.18,0.2,1000000.0,1000000.0
,,,,,,32,2026-02-02 01:04:52.241325,RTM1P53,2.42,2.41,2.43,1000000.0,1000000.0
,,,,,,32,2026-02-02 01:04:52.241325,RTM1C54,0.06,0.05,0.07,1000000.0,1000000.0
,,,,,,32,2026-02-02 01:04:52.241325,RTM1P54,3.29,3.28,3.3,1000000.0,1000000.0
2.0,1.0,1.0,Week 1,Delta limit and penalty,The delta limit for this sub-heat is 11000 and the penalty percentage is 2%,33,2026-02-02 01:04:53.308981,RTM,50.67,50.66,50.68,100000000.0,100000000.0
1.0,1.0,1.0,Week 1,Risk free rate and current annualized volatility of RTM,The current risk free rate is 0%. RTM is an ETF that mimics one of the major indices in the simulated world and its current annualized realized volatility is 18%. This simulation consists of 20 trading days that are each 15 ticks in length.,33,2026-02-02 01:04:53.308981,RTM1C45,5.68,5.67,5.69,1000000.0,1000000.0
,,,,,,33,2026-02-02 01:04:53.308981,RTM1P45,0.02,0.01,0.03,1000000.0,1000000.0
,,,,,,33,2026-02-02 01:04:53.308981,RTM1C46,4.68,4.67,4.69,1000000.0,1000000.0
,,,,,,33,2026-02-02 01:04:53.308981,RTM1P46,0.02,0.01,0.03,1000000.0,1000000.0
,,,,,,33,2026-02-02 01:04:53.308981,RTM1C47,3.69,3.68,3.7,1000000.0,1000000.0
,,,,,,33,2026-02-02 01:04:53.308981,RTM1P47,0.02,0.01,0.03,1000000.0,1000000.0
,,,,,,33,2026-02-02 01:04:53.308981,RTM1C48,2.77,2.76,2.78,1000000.0,1000000.0
,,,,,,33,2026-02-02 01:04:53.308981,RTM1P48,0.09,0.08,0.1,1000000.0,1000000.0
,,,,,,33,2026-02-02 01:04:53.308981,RTM1C49,1.85,1.84,1.86,1000000.0,1000000.0
,,,,,,33,2026-02-02 01:04:53.308981,RTM1P49,0.18,0.17,0.19,1000000.0,1000000.0
,,,,,,33,2026-02-02 01:04:53.308981,RTM1C50,1.25,1.24,1.26,1000000.0,1000000.0
,,,,,,33,2026-02-02 01:04:53.308981,RTM1P50,0.58,0.57,0.59,1000000.0,1000000.0
,,,,,,33,2026-02-02 01:04:53.308981,RTM1C51,0.65,0.64,0.66,1000000.0,1000000.0
,,,,,,33,2026-02-02 01:04:53.308981,RTM1P51,0.97,0.96,0.98,1000000.0,1000000.0
,,,,,,33,2026-02-02 01:04:53.308981,RTM1C52,0.33,0.32,0.34,1000000.0,1000000.0
,,,,,,33,2026-02-02 01:04:53.308981,RTM1P52,1.65,1.64,1.66,1000000.0,1000000.0
,,,,,,33,2026-02-02 01:04:53.308981,RTM1C53,0.15,0.14,0.16,1000000.0,1000000.0
,,,,,,33,2026-02-02 01:04:53.308981,RTM1P53,2.48,2.47,2.49,1000000.0,1000000.0
,,,,,,33,2026-02-02 01:04:53.308981,RTM1C54,0.06,0.05,0.07,1000000.0,1000000.0
,,,,,,33,2026-02-02 01:04:53.308981,RTM1P54,3.39,3.38,3.4,1000000.0,1000000.0
2.0,1.0,1.0,Week 1,Delta limit and penalty,The delta limit for this sub-heat is 11000 and the penalty percentage is 2%,34,2026-02-02 01:04:54.364205,RTM,50.8,50.79,50.81,100000000.0,100000000.0
1.0,1.0,1.0,Week 1,Risk free rate and current annualized volatility of RTM,The current risk free rate is 0%. RTM is an ETF that mimics one of the major indices in the simulated world and its current annualized realized volatility is 18%. This simulation consists of 20 trading days that are each 15 ticks in length.,34,2026-02-02 01:04:54.364205,RTM1C45,5.8,5.79,5.81,1000000.0,1000000.0
,,,,,,34,2026-02-02 01:04:54.364205,RTM1P45,0.02,0.01,0.03,1000000.0,1000000.0
,,,,,,34,2026-02-02 01:04:54.364205,RTM1C46,4.8,4.79,4.81,1000000.0,1000000.0
,,,,,,34,2026-02-02 01:04:54.364205,RTM1P46,0.02,0.01,0.03,1000000.0,1000000.0
,,,,,,34,2026-02-02 01:04:54.364205,RTM1C47,3.81,3.8,3.82,1000000.0,1000000.0
,,,,,,34,2026-02-02 01:04:54.364205,RTM1P47,0.02,0.01,0.03,1000000.0,1000000.0
,,,,,,34,2026-02-02 01:04:54.364205,RTM1C48,2.88,2.87,2.89,1000000.0,1000000.0
,,,,,,34,2026-02-02 01:04:54.364205,RTM1P48,0.09,0.08,0.1,1000000.0,1000000.0
,,,,,,34,2026-02-02 01:04:54.364205,RTM1C49,2.0,1.99,2.01,1000000.0,1000000.0
,,,,,,34,2026-02-02 01:04:54.364205,RTM1P49,0.21,0.2,0.22,1000000.0,1000000.0
,,,,,,34,2026-02-02 01:04:54.364205,RTM1C50,1.29,1.28,1.3,1000000.0,1000000.0
,,,,,,34,2026-02-02 01:04:54.364205,RTM1P50,0.5,0.49,0.51,1000000.0,1000000.0
,,,,,,34,2026-02-02 01:04:54.364205,RTM1C51,0.67,0.66,0.68,1000000.0,1000000.0
,,,,,,34,2026-02-02 01:04:54.364205,RTM1P51,0.87,0.86,0.88,1000000.0,1000000.0
,,,,,,34,2026-02-02 01:04:54.364205,RTM1C52,0.36,0.35,0.37,1000000.0,1000000.0
,,,,,,34,2026-02-02 01:04:54.364205,RTM1P52,1.56,1.55,1.57,1000000.0,1000000.0
,,,,,,34,2026-02-02 01:04:54.364205,RTM1C53,0.19,0.18,0.2,1000000.0,1000000.0
,,,,,,34,2026-02-02 01:04:54.364205,RTM1P53,2.39,2.38,2.4,1000000.0,1000000.0
,,,,,,34,2026-02-02 01:04:54.364205,RTM1C54,0.07,0.06,0.08,1000000.0,1000000.0
,,,,,,34,2026-02-02 01:04:54.364205,RTM1P54,3.27,3.26,3.28,1000000.0,1000000.0
2.0,1.0,1.0,Week 1,Delta limit and penalty,The delta limit for this sub-heat is 11000 and the penalty percentage is 2%,35,2026-02-02 01:04:55.407217,RTM,51.03,51.02,51.04,100000000.0,100000000.0
1.0,1.0,1.0,Week 1,Risk free rate and current annualized volatility of RTM,The current risk free rate is 0%. RTM is an ETF that mimics one of the major indices in the simulated world and its current annualized realized volatility is 18%. This simulation consists of 20 trading days that are each 15 ticks in length.,35,2026-02-02 01:04:55.407217,RTM1C45,6.03,6.02,6.04,1000000.0,1000000.0
,,,,,,35,2026-02-02 01:04:55.407217,RTM1P45,0.02,0.01,0.03,1000000.0,1000000.0
,,,,,,35,2026-02-02 01:04:55.407217,RTM1C46,5.04,5.03,5.05,1000000.0,1000000.0
,,,,,,35,2026-02-02 01:04:55.407217,RTM1P46,0.02,0.01,0.03,1000000.0,1000000.0
,,,,,,35,2026-02-02 01:04:55.407217,RTM1C47,4.04,4.03,4.05,1000000.0,1000000.0
,,,,,,35,2026-02-02 01:04:55.407217,RTM1P47,0.02,0.01,0.03,1000000.0,1000000.0
,,,,,,35,2026-02-02 01:04:55.407217,RTM1C48,3.11,3.1,3.12,1000000.0,1000000.0
,,,,,,35,2026-02-02 01:04:55.407217,RTM1P48,0.08,0.07,0.09,1000000.0,1000000.0
,,,,,,35,2026-02-02 01:04:55.407217,RTM1C49,2.2,2.19,2.21,1000000.0,1000000.0
,,,,,,35,2026-02-02 01:04:55.407217,RTM1P49,0.17,0.16,0.18,1000000.0,1000000.0
,,,,,,35,2026-02-02 01:04:55.407217,RTM1C50,1.44,1.43,1.45,1000000.0,1000000.0
,,,,,,35,2026-02-02 01:04:55.407217,RTM1P50,0.41,0.4,0.42,1000000.0,1000000.0
,,,,,,35,2026-02-02 01:04:55.407217,RTM1C51,0.79,0.78,0.8,1000000.0,1000000.0
,,,,,,35,2026-02-02 01:04:55.407217,RTM1P51,0.76,0.75,0.77,1000000.0,1000000.0
,,,,,,35,2026-02-02 01:04:55.407217,RTM1C52,0.45,0.44,0.46,1000000.0,1000000.0
,,,,,,35,2026-02-02 01:04:55.407217,RTM1P52,1.43,1.42,1.44,1000000.0,1000000.0
,,,,,,35,2026-02-02 01:04:55.407217,RTM1C53,0.25,0.24,0.26,1000000.0,1000000.0
,,,,,,35,2026-02-02 01:04:55.407217,RTM1P53,2.22,2.21,2.23,1000000.0,1000000.0
,,,,,,35,2026-02-02 01:04:55.407217,RTM1C54,0.08,0.07,0.09,1000000.0,1000000.0
,,,,,,35,2026-02-02 01:04:55.407217,RTM1P54,3.05,3.04,3.06,1000000.0,1000000.0
3.0,1.0,35.0,,News 1,The analysts have informed you that the realized volatility of RTM next week will be between 26% and 31%,36,2026-02-02 01:04:56.458950,RTM,50.95,50.95,50.97,100000000.0,100000000.0
2.0,1.0,1.0,Week 1,Delta limit and penalty,The delta limit for this sub-heat is 11000 and the penalty percentage is 2%,36,2026-02-02 01:04:56.458950,RTM1C45,5.97,5.96,5.98,1000000.0,1000000.0
1.0,1.0,1.0,Week 1,Risk free rate and current annualized volatility of RTM,The current risk free rate is 0%. RTM is an ETF that mimics one of the major indices in the simulated world and its current annualized realized volatility is 18%. This simulation consists of 20 trading days that are each 15 ticks in length.,36,2026-02-02 01:04:56.458950,RTM1P45,0.02,0.01,0.03,1000000.0,1000000.0
,,,,,,36,2026-02-02 01:04:56.458950,RTM1C46,4.97,4.96,4.98,1000000.0,1000000.0
,,,,,,36,2026-02-02 01:04:56.458950,RTM1P46,0.02,0.01,0.03,1000000.0,1000000.0
,,,,,,36,2026-02-02 01:04:56.458950,RTM1C47,3.98,3.97,3.99,1000000.0,1000000.0
,,,,,,36,2026-02-02 01:04:56.458950,RTM1P47,0.02,0.01,0.03,1000000.0,1000000.0
,,,,,,36,2026-02-02 01:04:56.458950,RTM1C48,3.05,3.04,3.06,1000000.0,1000000.0
,,,,,,36,2026-02-02 01:04:56.458950,RTM1P48,0.09,0.08,0.1,1000000.0,1000000.0
,,,,,,36,2026-02-02 01:04:56.458950,RTM1C49,2.15,2.14,2.16,1000000.0,1000000.0
,,,,,,36,2026-02-02 01:04:56.458950,RTM1P49,0.19,0.18,0.2,1000000.0,1000000.0
,,,,,,36,2026-02-02 01:04:56.458950,RTM1C50,1.39,1.38,1.4,1000000.0,1000000.0
,,,,,,36,2026-02-02 01:04:56.458950,RTM1P50,0.42,0.41,0.43,1000000.0,1000000.0
,,,,,,36,2026-02-02 01:04:56.458950,RTM1C51,0.77,0.76,0.78,1000000.0,1000000.0
,,,,,,36,2026-02-02 01:04:56.458950,RTM1P51,0.8,0.79,0.81,1000000.0,1000000.0
,,,,,,36,2026-02-02 01:04:56.458950,RTM1C52,0.46,0.45,0.47,1000000.0,1000000.0
,,,,,,36,2026-02-02 01:04:56.458950,RTM1P52,1.5,1.49,1.51,1000000.0,1000000.0
,,,,,,36,2026-02-02 01:04:56.458950,RTM1C53,0.23,0.22,0.24,1000000.0,1000000.0
,,,,,,36,2026-02-02 01:04:56.458950,RTM1P53,2.26,2.25,2.27,1000000.0,1000000.0
,,,,,,36,2026-02-02 01:04:56.458950,RTM1C54,0.09,0.08,0.1,1000000.0,1000000.0
,,,,,,36,2026-02-02 01:04:56.458950,RTM1P54,3.13,3.12,3.14,1000000.0,1000000.0
3.0,1.0,35.0,,News 1,The analysts have informed you that the realized volatility of RTM next week will be between 26% and 31%,37,2026-02-02 01:04:57.523169,RTM,51.06,51.06,51.08,100000000.0,100000000.0
2.0,1.0,1.0,Week 1,Delta limit and penalty,The delta limit for this sub-heat is 11000 and the penalty percentage is 2%,37,2026-02-02 01:04:57.523169,RTM1C45,6.07,6.06,6.08,1000000.0,1000000.0
1.0,1.0,1.0,Week 1,Risk free rate and current annualized volatility of RTM,The current risk free rate is 0%. RTM is an ETF that mimics one of the major indices in the simulated world and its current annualized realized volatility is 18%. This simulation consists of 20 trading days that are each 15 ticks in length.,37,2026-02-02 01:04:57.523169,RTM1P45,0.02,0.01,0.03,1000000.0,1000000.0
,,,,,,37,2026-02-02 01:04:57.523169,RTM1C46,5.08,5.07,5.09,1000000.0,1000000.0
,,,,,,37,2026-02-02 01:04:57.523169,RTM1P46,0.02,0.01,0.03,1000000.0,1000000.0
,,,,,,37,2026-02-02 01:04:57.523169,RTM1C47,4.09,4.08,4.1,1000000.0,1000000.0
,,,,,,37,2026-02-02 01:04:57.523169,RTM1P47,0.02,0.01,0.03,1000000.0,1000000.0
,,,,,,37,2026-02-02 01:04:57.523169,RTM1C48,3.13,3.12,3.14,1000000.0,1000000.0
,,,,,,37,2026-02-02 01:04:57.523169,RTM1P48,0.06,0.05,0.07,1000000.0,1000000.0
,,,,,,37,2026-02-02 01:04:57.523169,RTM1C49,2.26,2.25,2.27,1000000.0,1000000.0
,,,,,,37,2026-02-02 01:04:57.523169,RTM1P49,0.18,0.17,0.19,1000000.0,1000000.0
,,,,,,37,2026-02-02 01:04:57.523169,RTM1C50,1.48,1.47,1.49,1000000.0,1000000.0
,,,,,,37,2026-02-02 01:04:57.523169,RTM1P50,0.41,0.4,0.42,1000000.0,1000000.0
,,,,,,37,2026-02-02 01:04:57.523169,RTM1C51,0.9,0.89,0.91,1000000.0,1000000.0
,,,,,,37,2026-02-02 01:04:57.523169,RTM1P51,0.83,0.82,0.84,1000000.0,1000000.0
,,,,,,37,2026-02-02 01:04:57.523169,RTM1C52,0.51,0.5,0.52,1000000.0,1000000.0
,,,,,,37,2026-02-02 01:04:57.523169,RTM1P52,1.44,1.43,1.45,1000000.0,1000000.0
,,,,,,37,2026-02-02 01:04:57.523169,RTM1C53,0.24,0.23,0.25,1000000.0,1000000.0
,,,,,,37,2026-02-02 01:04:57.523169,RTM1P53,2.17,2.16,2.18,1000000.0,1000000.0
,,,,,,37,2026-02-02 01:04:57.523169,RTM1C54,0.12,0.11,0.13,1000000.0,1000000.0
,,,,,,37,2026-02-02 01:04:57.523169,RTM1P54,3.04,3.03,3.05,1000000.0,1000000.0
3.0,1.0,35.0,,News 1,The analysts have informed you that the realized volatility of RTM next week will be between 26% and 31%,38,2026-02-02 01:04:58.616341,RTM,51.02,51.01,51.03,100000000.0,100000000.0
2.0,1.0,1.0,Week 1,Delta limit and penalty,The delta limit for this sub-heat is 11000 and the penalty percentage is 2%,38,2026-02-02 01:04:58.616341,RTM1C45,6.02,6.01,6.03,1000000.0,1000000.0
1.0,1.0,1.0,Week 1,Risk free rate and current annualized volatility of RTM,The current risk free rate is 0%. RTM is an ETF that mimics one of the major indices in the simulated world and its current annualized realized volatility is 18%. This simulation consists of 20 trading days that are each 15 ticks in length.,38,2026-02-02 01:04:58.616341,RTM1P45,0.02,0.01,0.03,1000000.0,1000000.0
,,,,,,38,2026-02-02 01:04:58.616341,RTM1C46,5.02,5.01,5.03,1000000.0,1000000.0
,,,,,,38,2026-02-02 01:04:58.616341,RTM1P46,0.02,0.01,0.03,1000000.0,1000000.0
,,,,,,38,2026-02-02 01:04:58.616341,RTM1C47,4.03,4.02,4.04,1000000.0,1000000.0
,,,,,,38,2026-02-02 01:04:58.616341,RTM1P47,0.02,0.01,0.03,1000000.0,1000000.0
,,,,,,38,2026-02-02 01:04:58.616341,RTM1C48,3.1,3.09,3.11,1000000.0,1000000.0
,,,,,,38,2026-02-02 01:04:58.616341,RTM1P48,0.08,0.07,0.09,1000000.0,1000000.0
,,,,,,38,2026-02-02 01:04:58.616341,RTM1C49,2.22,2.21,2.23,1000000.0,1000000.0
,,,,,,38,2026-02-02 01:04:58.616341,RTM1P49,0.2,0.19,0.21,1000000.0,1000000.0
,,,,,,38,2026-02-02 01:04:58.616341,RTM1C50,1.47,1.46,1.48,1000000.0,1000000.0
,,,,,,38,2026-02-02 01:04:58.616341,RTM1P50,0.45,0.44,0.46,1000000.0,1000000.0
,,,,,,38,2026-02-02 01:04:58.616341,RTM1C51,0.87,0.86,0.88,1000000.0,1000000.0
,,,,,,38,2026-02-02 01:04:58.616341,RTM1P51,0.85,0.84,0.86,1000000.0,1000000.0
,,,,,,38,2026-02-02 01:04:58.616341,RTM1C52,0.45,0.44,0.46,1000000.0,1000000.0
,,,,,,38,2026-02-02 01:04:58.616341,RTM1P52,1.43,1.42,1.44,1000000.0,1000000.0
,,,,,,38,2026-02-02 01:04:58.616341,RTM1C53,0.22,0.21,0.23,1000000.0,1000000.0
,,,,,,38,2026-02-02 01:04:58.616341,RTM1P53,2.2,2.19,2.21,1000000.0,1000000.0
,,,,,,38,2026-02-02 01:04:58.616341,RTM1C54,0.1,0.09,0.11,1000000.0,1000000.0
,,,,,,38,2026-02-02 01:04:58.616341,RTM1P54,3.08,3.07,3.09,1000000.0,1000000.0
3.0,1.0,35.0,,News 1,The analysts have informed you that the realized volatility of RTM next week will be between 26% and 31%,39,2026-02-02 01:04:59.704247,RTM,50.97,50.95,50.97,100000000.0,100000000.0
2.0,1.0,1.0,Week 1,Delta limit and penalty,The delta limit for this sub-heat is 11000 and the penalty percentage is 2%,39,2026-02-02 01:04:59.704247,RTM1C45,5.96,5.95,5.97,1000000.0,1000000.0
1.0,1.0,1.0,Week 1,Risk free rate and current annualized volatility of RTM,The current risk free rate is 0%. RTM is an ETF that mimics one of the major indices in the simulated world and its current annualized realized volatility is 18%. This simulation consists of 20 trading days that are each 15 ticks in length.,39,2026-02-02 01:04:59.704247,RTM1P45,0.02,0.01,0.03,1000000.0,1000000.0
,,,,,,39,2026-02-02 01:04:59.704247,RTM1C46,4.97,4.96,4.98,1000000.0,1000000.0
,,,,,,39,2026-02-02 01:04:59.704247,RTM1P46,0.02,0.01,0.03,1000000.0,1000000.0
,,,,,,39,2026-02-02 01:04:59.704247,RTM1C47,3.99,3.98,4.0,1000000.0,1000000.0
,,,,,,39,2026-02-02 01:04:59.704247,RTM1P47,0.02,0.01,0.03,1000000.0,1000000.0
,,,,,,39,2026-02-02 01:04:59.704247,RTM1C48,3.04,3.03,3.05,1000000.0,1000000.0
,,,,,,39,2026-02-02 01:04:59.704247,RTM1P48,0.08,0.07,0.09,1000000.0,1000000.0
,,,,,,39,2026-02-02 01:04:59.704247,RTM1C49,2.15,2.14,2.16,1000000.0,1000000.0
,,,,,,39,2026-02-02 01:04:59.704247,RTM1P49,0.18,0.17,0.19,1000000.0,1000000.0
,,,,,,39,2026-02-02 01:04:59.704247,RTM1C50,1.43,1.42,1.44,1000000.0,1000000.0
,,,,,,39,2026-02-02 01:04:59.704247,RTM1P50,0.47,0.46,0.48,1000000.0,1000000.0
,,,,,,39,2026-02-02 01:04:59.704247,RTM1C51,0.85,0.84,0.86,1000000.0,1000000.0
,,,,,,39,2026-02-02 01:04:59.704247,RTM1P51,0.89,0.88,0.9,1000000.0,1000000.0
,,,,,,39,2026-02-02 01:04:59.704247,RTM1C52,0.43,0.42,0.44,1000000.0,1000000.0
,,,,,,39,2026-02-02 01:04:59.704247,RTM1P52,1.47,1.46,1.48,1000000.0,1000000.0
,,,,,,39,2026-02-02 01:04:59.704247,RTM1C53,0.22,0.21,0.23,1000000.0,1000000.0
,,,,,,39,2026-02-02 01:04:59.704247,RTM1P53,2.25,2.24,2.26,1000000.0,1000000.0
,,,,,,39,2026-02-02 01:04:59.704247,RTM1C54,0.08,0.07,0.09,1000000.0,1000000.0
,,,,,,39,2026-02-02 01:04:59.704247,RTM1P54,3.12,3.11,3.13,1000000.0,1000000.0
3.0,1.0,35.0,,News 1,The analysts have informed you that the realized volatility of RTM next week will be between 26% and 31%,40,2026-02-02 01:05:00.768213,RTM,51.09,51.09,51.11,100000000.0,100000000.0
2.0,1.0,1.0,Week 1,Delta limit and penalty,The delta limit for this sub-heat is 11000 and the penalty percentage is 2%,40,2026-02-02 01:05:00.768213,RTM1C45,6.1,6.09,6.11,1000000.0,1000000.0
1.0,1.0,1.0,Week 1,Risk free rate and current annualized volatility of RTM,The current risk free rate is 0%. RTM is an ETF that mimics one of the major indices in the simulated world and its current annualized realized volatility is 18%. This simulation consists of 20 trading days that are each 15 ticks in length.,40,2026-02-02 01:05:00.768213,RTM1P45,0.02,0.01,0.03,1000000.0,1000000.0
,,,,,,40,2026-02-02 01:05:00.768213,RTM1C46,5.11,5.1,5.12,1000000.0,1000000.0
,,,,,,40,2026-02-02 01:05:00.768213,RTM1P46,0.02,0.01,0.03,1000000.0,1000000.0
,,,,,,40,2026-02-02 01:05:00.768213,RTM1C47,4.12,4.11,4.13,1000000.0,1000000.0
,,,,,,40,2026-02-02 01:05:00.768213,RTM1P47,0.02,0.01,0.03,1000000.0,1000000.0
,,,,,,40,2026-02-02 01:05:00.768213,RTM1C48,3.16,3.15,3.17,1000000.0,1000000.0
,,,,,,40,2026-02-02 01:05:00.768213,RTM1P48,0.06,0.05,0.07,1000000.0,1000000.0
,,,,,,40,2026-02-02 01:05:00.768213,RTM1C49,2.27,2.26,2.28,1000000.0,1000000.0
,,,,,,40,2026-02-02 01:05:00.768213,RTM1P49,0.17,0.16,0.18,1000000.0,1000000.0
,,,,,,40,2026-02-02 01:05:00.768213,RTM1C50,1.53,1.52,1.54,1000000.0,1000000.0
,,,,,,40,2026-02-02 01:05:00.768213,RTM1P50,0.43,0.42,0.44,1000000.0,1000000.0
,,,,,,40,2026-02-02 01:05:00.768213,RTM1C51,0.94,0.93,0.95,1000000.0,1000000.0
,,,,,,40,2026-02-02 01:05:00.768213,RTM1P51,0.84,0.83,0.85,1000000.0,1000000.0
,,,,,,40,2026-02-02 01:05:00.768213,RTM1C52,0.49,0.48,0.5,1000000.0,1000000.0
,,,,,,40,2026-02-02 01:05:00.768213,RTM1P52,1.39,1.38,1.4,1000000.0,1000000.0
,,,,,,40,2026-02-02 01:05:00.768213,RTM1C53,0.26,0.25,0.27,1000000.0,1000000.0
,,,,,,40,2026-02-02 01:05:00.768213,RTM1P53,2.16,2.15,2.17,1000000.0,1000000.0
,,,,,,40,2026-02-02 01:05:00.768213,RTM1C54,0.11,0.1,0.12,1000000.0,1000000.0
,,,,,,40,2026-02-02 01:05:00.768213,RTM1P54,3.0,2.99,3.01,1000000.0,1000000.0
3.0,1.0,35.0,,News 1,The analysts have informed you that the realized volatility of RTM next week will be between 26% and 31%,41,2026-02-02 01:05:01.823786,RTM,51.08,51.06,51.08,100000000.0,100000000.0
2.0,1.0,1.0,Week 1,Delta limit and penalty,The delta limit for this sub-heat is 11000 and the penalty percentage is 2%,41,2026-02-02 01:05:01.823786,RTM1C45,6.07,6.06,6.08,1000000.0,1000000.0
1.0,1.0,1.0,Week 1,Risk free rate and current annualized volatility of RTM,The current risk free rate is 0%. RTM is an ETF that mimics one of the major indices in the simulated world and its current annualized realized volatility is 18%. This simulation consists of 20 trading days that are each 15 ticks in length.,41,2026-02-02 01:05:01.823786,RTM1P45,0.02,0.01,0.03,1000000.0,1000000.0
,,,,,,41,2026-02-02 01:05:01.823786,RTM1C46,5.08,5.07,5.09,1000000.0,1000000.0
,,,,,,41,2026-02-02 01:05:01.823786,RTM1P46,0.02,0.01,0.03,1000000.0,1000000.0
,,,,,,41,2026-02-02 01:05:01.823786,RTM1C47,4.09,4.08,4.1,1000000.0,1000000.0
,,,,,,41,2026-02-02 01:05:01.823786,RTM1P47,0.02,0.01,0.03,1000000.0,1000000.0
,,,,,,41,2026-02-02 01:05:01.823786,RTM1C48,3.16,3.15,3.17,1000000.0,1000000.0
,,,,,,41,2026-02-02 01:05:01.823786,RTM1P48,0.08,0.07,0.09,1000000.0,1000000.0
,,,,,,41,2026-02-02 01:05:01.823786,RTM1C49,2.25,2.24,2.26,1000000.0,1000000.0
,,,,,,41,2026-02-02 01:05:01.823786,RTM1P49,0.18,0.17,0.19,1000000.0,1000000.0
,,,,,,41,2026-02-02 01:05:01.823786,RTM1C50,1.48,1.47,1.49,1000000.0,1000000.0
,,,,,,41,2026-02-02 01:05:01.823786,RTM1P50,0.41,0.4,0.42,1000000.0,1000000.0
,,,,,,41,2026-02-02 01:05:01.823786,RTM1C51,0.92,0.91,0.93,1000000.0,1000000.0
,,,,,,41,2026-02-02 01:05:01.823786,RTM1P51,0.85,0.84,0.86,1000000.0,1000000.0
,,,,,,41,2026-02-02 01:05:01.823786,RTM1C52,0.47,0.46,0.48,1000000.0,1000000.0
,,,,,,41,2026-02-02 01:05:01.823786,RTM1P52,1.4,1.39,1.41,1000000.0,1000000.0
,,,,,,41,2026-02-02 01:05:01.823786,RTM1C53,0.24,0.23,0.25,1000000.0,1000000.0
,,,,,,41,2026-02-02 01:05:01.823786,RTM1P53,2.16,2.15,2.17,1000000.0,1000000.0
,,,,,,41,2026-02-02 01:05:01.823786,RTM1C54,0.12,0.11,0.13,1000000.0,1000000.0
,,,,,,41,2026-02-02 01:05:01.823786,RTM1P54,3.04,3.03,3.05,1000000.0,1000000.0
3.0,1.0,35.0,,News 1,The analysts have informed you that the realized volatility of RTM next week will be between 26% and 31%,42,2026-02-02 01:05:02.887392,RTM,51.1,51.1,51.12,100000000.0,100000000.0
2.0,1.0,1.0,Week 1,Delta limit and penalty,The delta limit for this sub-heat is 11000 and the penalty percentage is 2%,42,2026-02-02 01:05:02.887392,RTM1C45,6.11,6.1,6.12,1000000.0,1000000.0
1.0,1.0,1.0,Week 1,Risk free rate and current annualized volatility of RTM,The current risk free rate is 0%. RTM is an ETF that mimics one of the major indices in the simulated world and its current annualized realized volatility is 18%. This simulation consists of 20 trading days that are each 15 ticks in length.,42,2026-02-02 01:05:02.887392,RTM1P45,0.02,0.01,0.03,1000000.0,1000000.0
,,,,,,42,2026-02-02 01:05:02.887392,RTM1C46,5.12,5.11,5.13,1000000.0,1000000.0
,,,,,,42,2026-02-02 01:05:02.887392,RTM1P46,0.02,0.01,0.03,1000000.0,1000000.0
,,,,,,42,2026-02-02 01:05:02.887392,RTM1C47,4.13,4.12,4.14,1000000.0,1000000.0
,,,,,,42,2026-02-02 01:05:02.887392,RTM1P47,0.02,0.01,0.03,1000000.0,1000000.0
,,,,,,42,2026-02-02 01:05:02.887392,RTM1C48,3.19,3.18,3.2,1000000.0,1000000.0
,,,,,,42,2026-02-02 01:05:02.887392,RTM1P48,0.08,0.07,0.09,1000000.0,1000000.0
,,,,,,42,2026-02-02 01:05:02.887392,RTM1C49,2.31,2.3,2.32,1000000.0,1000000.0
,,,,,,42,2026-02-02 01:05:02.887392,RTM1P49,0.2,0.19,0.21,1000000.0,1000000.0
,,,,,,42,2026-02-02 01:05:02.887392,RTM1C50,1.51,1.5,1.52,1000000.0,1000000.0
,,,,,,42,2026-02-02 01:05:02.887392,RTM1P50,0.4,0.39,0.41,1000000.0,1000000.0
,,,,,,42,2026-02-02 01:05:02.887392,RTM1C51,0.94,0.93,0.95,1000000.0,1000000.0
,,,,,,42,2026-02-02 01:05:02.887392,RTM1P51,0.83,0.82,0.84,1000000.0,1000000.0
,,,,,,42,2026-02-02 01:05:02.887392,RTM1C52,0.5,0.49,0.51,1000000.0,1000000.0
,,,,,,42,2026-02-02 01:05:02.887392,RTM1P52,1.39,1.38,1.4,1000000.0,1000000.0
,,,,,,42,2026-02-02 01:05:02.887392,RTM1C53,0.24,0.23,0.25,1000000.0,1000000.0
,,,,,,42,2026-02-02 01:05:02.887392,RTM1P53,2.13,2.12,2.14,1000000.0,1000000.0
,,,,,,42,2026-02-02 01:05:02.887392,RTM1C54,0.1,0.09,0.11,1000000.0,1000000.0
,,,,,,42,2026-02-02 01:05:02.887392,RTM1P54,2.99,2.98,3.0,1000000.0,1000000.0
3.0,1.0,35.0,,News 1,The analysts have informed you that the realized volatility of RTM next week will be between 26% and 31%,43,2026-02-02 01:05:03.956365,RTM,51.2,51.2,51.22,100000000.0,100000000.0
2.0,1.0,1.0,Week 1,Delta limit and penalty,The delta limit for this sub-heat is 11000 and the penalty percentage is 2%,43,2026-02-02 01:05:03.956365,RTM1C45,6.21,6.2,6.22,1000000.0,1000000.0
1.0,1.0,1.0,Week 1,Risk free rate and current annualized volatility of RTM,The current risk free rate is 0%. RTM is an ETF that mimics one of the major indices in the simulated world and its current annualized realized volatility is 18%. This simulation consists of 20 trading days that are each 15 ticks in length.,43,2026-02-02 01:05:03.956365,RTM1P45,0.02,0.01,0.03,1000000.0,1000000.0
,,,,,,43,2026-02-02 01:05:03.956365,RTM1C46,5.22,5.21,5.23,1000000.0,1000000.0
,,,,,,43,2026-02-02 01:05:03.956365,RTM1P46,0.02,0.01,0.03,1000000.0,1000000.0
,,,,,,43,2026-02-02 01:05:03.956365,RTM1C47,4.23,4.22,4.24,1000000.0,1000000.0
,,,,,,43,2026-02-02 01:05:03.956365,RTM1P47,0.02,0.01,0.03,1000000.0,1000000.0
,,,,,,43,2026-02-02 01:05:03.956365,RTM1C48,3.28,3.27,3.29,1000000.0,1000000.0
,,,,,,43,2026-02-02 01:05:03.956365,RTM1P48,0.06,0.05,0.07,1000000.0,1000000.0
,,,,,,43,2026-02-02 01:05:03.956365,RTM1C49,2.38,2.37,2.39,1000000.0,1000000.0
,,,,,,43,2026-02-02 01:05:03.956365,RTM1P49,0.17,0.16,0.18,1000000.0,1000000.0
,,,,,,43,2026-02-02 01:05:03.956365,RTM1C50,1.63,1.62,1.64,1000000.0,1000000.0
,,,,,,43,2026-02-02 01:05:03.956365,RTM1P50,0.42,0.41,0.43,1000000.0,1000000.0
,,,,,,43,2026-02-02 01:05:03.956365,RTM1C51,1.01,1.0,1.02,1000000.0,1000000.0
,,,,,,43,2026-02-02 01:05:03.956365,RTM1P51,0.8,0.79,0.81,1000000.0,1000000.0
,,,,,,43,2026-02-02 01:05:03.956365,RTM1C52,0.54,0.53,0.55,1000000.0,1000000.0
,,,,,,43,2026-02-02 01:05:03.956365,RTM1P52,1.33,1.32,1.34,1000000.0,1000000.0
,,,,,,43,2026-02-02 01:05:03.956365,RTM1C53,0.27,0.26,0.28,1000000.0,1000000.0
,,,,,,43,2026-02-02 01:05:03.956365,RTM1P53,2.06,2.05,2.07,1000000.0,1000000.0
,,,,,,43,2026-02-02 01:05:03.956365,RTM1C54,0.13,0.12,0.14,1000000.0,1000000.0
,,,,,,43,2026-02-02 01:05:03.956365,RTM1P54,2.92,2.91,2.93,1000000.0,1000000.0
3.0,1.0,35.0,,News 1,The analysts have informed you that the realized volatility of RTM next week will be between 26% and 31%,44,2026-02-02 01:05:05.013495,RTM,51.38,51.38,51.4,100000000.0,100000000.0
2.0,1.0,1.0,Week 1,Delta limit and penalty,The delta limit for this sub-heat is 11000 and the penalty percentage is 2%,44,2026-02-02 01:05:05.013495,RTM1C45,6.39,6.38,6.4,1000000.0,1000000.0
1.0,1.0,1.0,Week 1,Risk free rate and current annualized volatility of RTM,The current risk free rate is 0%. RTM is an ETF that mimics one of the major indices in the simulated world and its current annualized realized volatility is 18%. This simulation consists of 20 trading days that are each 15 ticks in length.,44,2026-02-02 01:05:05.013495,RTM1P45,0.02,0.01,0.03,1000000.0,1000000.0
,,,,,,44,2026-02-02 01:05:05.013495,RTM1C46,5.4,5.39,5.41,1000000.0,1000000.0
,,,,,,44,2026-02-02 01:05:05.013495,RTM1P46,0.02,0.01,0.03,1000000.0,1000000.0
,,,,,,44,2026-02-02 01:05:05.013495,RTM1C47,4.41,4.4,4.42,1000000.0,1000000.0
,,,,,,44,2026-02-02 01:05:05.013495,RTM1P47,0.02,0.01,0.03,1000000.0,1000000.0
,,,,,,44,2026-02-02 01:05:05.013495,RTM1C48,3.45,3.44,3.46,1000000.0,1000000.0
,,,,,,44,2026-02-02 01:05:05.013495,RTM1P48,0.05,0.04,0.06,1000000.0,1000000.0
,,,,,,44,2026-02-02 01:05:05.013495,RTM1C49,2.55,2.54,2.56,1000000.0,1000000.0
,,,,,,44,2026-02-02 01:05:05.013495,RTM1P49,0.16,0.15,0.17,1000000.0,1000000.0
,,,,,,44,2026-02-02 01:05:05.013495,RTM1C50,1.77,1.76,1.78,1000000.0,1000000.0
,,,,,,44,2026-02-02 01:05:05.013495,RTM1P50,0.38,0.37,0.39,1000000.0,1000000.0
,,,,,,44,2026-02-02 01:05:05.013495,RTM1C51,1.09,1.08,1.1,1000000.0,1000000.0
,,,,,,44,2026-02-02 01:05:05.013495,RTM1P51,0.7,0.69,0.71,1000000.0,1000000.0
,,,,,,44,2026-02-02 01:05:05.013495,RTM1C52,0.64,0.63,0.65,1000000.0,1000000.0
,,,,,,44,2026-02-02 01:05:05.013495,RTM1P52,1.24,1.23,1.25,1000000.0,1000000.0
,,,,,,44,2026-02-02 01:05:05.013495,RTM1C53,0.31,0.3,0.32,1000000.0,1000000.0
,,,,,,44,2026-02-02 01:05:05.013495,RTM1P53,1.92,1.91,1.93,1000000.0,1000000.0
,,,,,,44,2026-02-02 01:05:05.013495,RTM1C54,0.15,0.14,0.16,1000000.0,1000000.0
,,,,,,44,2026-02-02 01:05:05.013495,RTM1P54,2.76,2.75,2.77,1000000.0,1000000.0
3.0,1.0,35.0,,News 1,The analysts have informed you that the realized volatility of RTM next week will be between 26% and 31%,46,2026-02-02 01:05:06.101825,RTM,51.32,51.31,51.33,100000000.0,100000000.0
2.0,1.0,1.0,Week 1,Delta limit and penalty,The delta limit for this sub-heat is 11000 and the penalty percentage is 2%,46,2026-02-02 01:05:06.101825,RTM1C45,6.32,6.31,6.33,1000000.0,1000000.0
1.0,1.0,1.0,Week 1,Risk free rate and current annualized volatility of RTM,The current risk free rate is 0%. RTM is an ETF that mimics one of the major indices in the simulated world and its current annualized realized volatility is 18%. This simulation consists of 20 trading days that are each 15 ticks in length.,46,2026-02-02 01:05:06.101825,RTM1P45,0.02,0.01,0.03,1000000.0,1000000.0
,,,,,,46,2026-02-02 01:05:06.101825,RTM1C46,5.32,5.31,5.33,1000000.0,1000000.0
,,,,,,46,2026-02-02 01:05:06.101825,RTM1P46,0.02,0.01,0.03,1000000.0,1000000.0
,,,,,,46,2026-02-02 01:05:06.101825,RTM1C47,4.34,4.33,4.35,1000000.0,1000000.0
,,,,,,46,2026-02-02 01:05:06.101825,RTM1P47,0.02,0.01,0.03,1000000.0,1000000.0
,,,,,,46,2026-02-02 01:05:06.101825,RTM1C48,3.37,3.36,3.38,1000000.0,1000000.0
,,,,,,46,2026-02-02 01:05:06.101825,RTM1P48,0.06,0.05,0.07,1000000.0,1000000.0
,,,,,,46,2026-02-02 01:05:06.101825,RTM1C49,2.48,2.47,2.49,1000000.0,1000000.0
,,,,,,46,2026-02-02 01:05:06.101825,RTM1P49,0.17,0.16,0.18,1000000.0,1000000.0
,,,,,,46,2026-02-02 01:05:06.101825,RTM1C50,1.71,1.7,1.72,1000000.0,1000000.0
,,,,,,46,2026-02-02 01:05:06.101825,RTM1P50,0.4,0.39,0.41,1000000.0,1000000.0
,,,,,,46,2026-02-02 01:05:06.101825,RTM1C51,1.04,1.03,1.05,1000000.0,1000000.0
,,,,,,46,2026-02-02 01:05:06.101825,RTM1P51,0.72,0.71,0.73,1000000.0,1000000.0
,,,,,,46,2026-02-02 01:05:06.101825,RTM1C52,0.6,0.59,0.61,1000000.0,1000000.0
,,,,,,46,2026-02-02 01:05:06.101825,RTM1P52,1.28,1.27,1.29,1000000.0,1000000.0
,,,,,,46,2026-02-02 01:05:06.101825,RTM1C53,0.31,0.3,0.32,1000000.0,1000000.0
,,,,,,46,2026-02-02 01:05:06.101825,RTM1P53,2.0,1.99,2.01,1000000.0,1000000.0
,,,,,,46,2026-02-02 01:05:06.101825,RTM1C54,0.15,0.14,0.16,1000000.0,1000000.0
,,,,,,46,2026-02-02 01:05:06.101825,RTM1P54,2.84,2.83,2.85,1000000.0,1000000.0
3.0,1.0,35.0,,News 1,The analysts have informed you that the realized volatility of RTM next week will be between 26% and 31%,47,2026-02-02 01:05:07.238782,RTM,51.56,51.55,51.57,100000000.0,100000000.0
2.0,1.0,1.0,Week 1,Delta limit and penalty,The delta limit for this sub-heat is 11000 and the penalty percentage is 2%,47,2026-02-02 01:05:07.238782,RTM1C45,6.56,6.55,6.57,1000000.0,1000000.0
1.0,1.0,1.0,Week 1,Risk free rate and current annualized volatility of RTM,The current risk free rate is 0%. RTM is an ETF that mimics one of the major indices in the simulated world and its current annualized realized volatility is 18%. This simulation consists of 20 trading days that are each 15 ticks in length.,47,2026-02-02 01:05:07.238782,RTM1P45,0.02,0.01,0.03,1000000.0,1000000.0
,,,,,,47,2026-02-02 01:05:07.238782,RTM1C46,5.56,5.55,5.57,1000000.0,1000000.0
,,,,,,47,2026-02-02 01:05:07.238782,RTM1P46,0.02,0.01,0.03,1000000.0,1000000.0
,,,,,,47,2026-02-02 01:05:07.238782,RTM1C47,4.57,4.56,4.58,1000000.0,1000000.0
,,,,,,47,2026-02-02 01:05:07.238782,RTM1P47,0.02,0.01,0.03,1000000.0,1000000.0
,,,,,,47,2026-02-02 01:05:07.238782,RTM1C48,3.61,3.6,3.62,1000000.0,1000000.0
,,,,,,47,2026-02-02 01:05:07.238782,RTM1P48,0.05,0.04,0.06,1000000.0,1000000.0
,,,,,,47,2026-02-02 01:05:07.238782,RTM1C49,2.68,2.67,2.69,1000000.0,1000000.0
,,,,,,47,2026-02-02 01:05:07.238782,RTM1P49,0.12,0.11,0.13,1000000.0,1000000.0
,,,,,,47,2026-02-02 01:05:07.238782,RTM1C50,1.89,1.88,1.9,1000000.0,1000000.0
,,,,,,47,2026-02-02 01:05:07.238782,RTM1P50,0.33,0.32,0.34,1000000.0,1000000.0
,,,,,,47,2026-02-02 01:05:07.238782,RTM1C51,1.19,1.18,1.2,1000000.0,1000000.0
,,,,,,47,2026-02-02 01:05:07.238782,RTM1P51,0.63,0.62,0.64,1000000.0,1000000.0
,,,,,,47,2026-02-02 01:05:07.238782,RTM1C52,0.69,0.68,0.7,1000000.0,1000000.0
,,,,,,47,2026-02-02 01:05:07.238782,RTM1P52,1.13,1.12,1.14,1000000.0,1000000.0
,,,,,,47,2026-02-02 01:05:07.238782,RTM1C53,0.38,0.37,0.39,1000000.0,1000000.0
,,,,,,47,2026-02-02 01:05:07.238782,RTM1P53,1.82,1.81,1.83,1000000.0,1000000.0
,,,,,,47,2026-02-02 01:05:07.238782,RTM1C54,0.17,0.16,0.18,1000000.0,1000000.0
,,,,,,47,2026-02-02 01:05:07.238782,RTM1P54,2.61,2.6,2.62,1000000.0,1000000.0
3.0,1.0,35.0,,News 1,The analysts have informed you that the realized volatility of RTM next week will be between 26% and 31%,48,2026-02-02 01:05:08.318287,RTM,51.78,51.77,51.79,100000000.0,100000000.0
2.0,1.0,1.0,Week 1,Delta limit and penalty,The delta limit for this sub-heat is 11000 and the penalty percentage is 2%,48,2026-02-02 01:05:08.318287,RTM1C45,6.78,6.77,6.79,1000000.0,1000000.0
1.0,1.0,1.0,Week 1,Risk free rate and current annualized volatility of RTM,The current risk free rate is 0%. RTM is an ETF that mimics one of the major indices in the simulated world and its current annualized realized volatility is 18%. This simulation consists of 20 trading days that are each 15 ticks in length.,48,2026-02-02 01:05:08.318287,RTM1P45,0.02,0.01,0.03,1000000.0,1000000.0
,,,,,,48,2026-02-02 01:05:08.318287,RTM1C46,5.78,5.77,5.79,1000000.0,1000000.0
,,,,,,48,2026-02-02 01:05:08.318287,RTM1P46,0.02,0.01,0.03,1000000.0,1000000.0
,,,,,,48,2026-02-02 01:05:08.318287,RTM1C47,4.79,4.78,4.8,1000000.0,1000000.0
,,,,,,48,2026-02-02 01:05:08.318287,RTM1P47,0.02,0.01,0.03,1000000.0,1000000.0
,,,,,,48,2026-02-02 01:05:08.318287,RTM1C48,3.82,3.81,3.83,1000000.0,1000000.0
,,,,,,48,2026-02-02 01:05:08.318287,RTM1P48,0.04,0.03,0.05,1000000.0,1000000.0
,,,,,,48,2026-02-02 01:05:08.318287,RTM1C49,2.89,2.88,2.9,1000000.0,1000000.0
,,,,,,48,2026-02-02 01:05:08.318287,RTM1P49,0.11,0.1,0.12,1000000.0,1000000.0
,,,,,,48,2026-02-02 01:05:08.318287,RTM1C50,2.06,2.05,2.07,1000000.0,1000000.0
,,,,,,48,2026-02-02 01:05:08.318287,RTM1P50,0.28,0.27,0.29,1000000.0,1000000.0
,,,,,,48,2026-02-02 01:05:08.318287,RTM1C51,1.33,1.32,1.34,1000000.0,1000000.0
,,,,,,48,2026-02-02 01:05:08.318287,RTM1P51,0.55,0.54,0.56,1000000.0,1000000.0
,,,,,,48,2026-02-02 01:05:08.318287,RTM1C52,0.78,0.77,0.79,1000000.0,1000000.0
,,,,,,48,2026-02-02 01:05:08.318287,RTM1P52,1.0,0.99,1.01,1000000.0,1000000.0
,,,,,,48,2026-02-02 01:05:08.318287,RTM1C53,0.45,0.44,0.46,1000000.0,1000000.0
,,,,,,48,2026-02-02 01:05:08.318287,RTM1P53,1.67,1.66,1.68,1000000.0,1000000.0
,,,,,,48,2026-02-02 01:05:08.318287,RTM1C54,0.21,0.2,0.22,1000000.0,1000000.0
,,,,,,48,2026-02-02 01:05:08.318287,RTM1P54,2.43,2.42,2.44,1000000.0,1000000.0
3.0,1.0,35.0,,News 1,The analysts have informed you that the realized volatility of RTM next week will be between 26% and 31%,49,2026-02-02 01:05:09.390242,RTM,51.69,51.68,51.7,100000000.0,100000000.0
2.0,1.0,1.0,Week 1,Delta limit and penalty,The delta limit for this sub-heat is 11000 and the penalty percentage is 2%,49,2026-02-02 01:05:09.390242,RTM1C45,6.69,6.68,6.7,1000000.0,1000000.0
1.0,1.0,1.0,Week 1,Risk free rate and current annualized volatility of RTM,The current risk free rate is 0%. RTM is an ETF that mimics one of the major indices in the simulated world and its current annualized realized volatility is 18%. This simulation consists of 20 trading days that are each 15 ticks in length.,49,2026-02-02 01:05:09.390242,RTM1P45,0.02,0.01,0.03,1000000.0,1000000.0
,,,,,,49,2026-02-02 01:05:09.390242,RTM1C46,5.69,5.68,5.7,1000000.0,1000000.0
,,,,,,49,2026-02-02 01:05:09.390242,RTM1P46,0.02,0.01,0.03,1000000.0,1000000.0
,,,,,,49,2026-02-02 01:05:09.390242,RTM1C47,4.7,4.69,4.71,1000000.0,1000000.0
,,,,,,49,2026-02-02 01:05:09.390242,RTM1P47,0.02,0.01,0.03,1000000.0,1000000.0
,,,,,,49,2026-02-02 01:05:09.390242,RTM1C48,3.73,3.72,3.74,1000000.0,1000000.0
,,,,,,49,2026-02-02 01:05:09.390242,RTM1P48,0.05,0.04,0.06,1000000.0,1000000.0
,,,,,,49,2026-02-02 01:05:09.390242,RTM1C49,2.81,2.8,2.82,1000000.0,1000000.0
,,,,,,49,2026-02-02 01:05:09.390242,RTM1P49,0.12,0.11,0.13,1000000.0,1000000.0
,,,,,,49,2026-02-02 01:05:09.390242,RTM1C50,1.98,1.97,1.99,1000000.0,1000000.0
,,,,,,49,2026-02-02 01:05:09.390242,RTM1P50,0.29,0.28,0.3,1000000.0,1000000.0
,,,,,,49,2026-02-02 01:05:09.390242,RTM1C51,1.27,1.26,1.28,1000000.0,1000000.0
,,,,,,49,2026-02-02 01:05:09.390242,RTM1P51,0.58,0.57,0.59,1000000.0,1000000.0
,,,,,,49,2026-02-02 01:05:09.390242,RTM1C52,0.77,0.76,0.78,1000000.0,1000000.0
,,,,,,49,2026-02-02 01:05:09.390242,RTM1P52,1.09,1.08,1.1,1000000.0,1000000.0
,,,,,,49,2026-02-02 01:05:09.390242,RTM1C53,0.42,0.41,0.43,1000000.0,1000000.0
,,,,,,49,2026-02-02 01:05:09.390242,RTM1P53,1.73,1.72,1.74,1000000.0,1000000.0
,,,,,,49,2026-02-02 01:05:09.390242,RTM1C54,0.19,0.18,0.2,1000000.0,1000000.0
,,,,,,49,2026-02-02 01:05:09.390242,RTM1P54,2.51,2.5,2.52,1000000.0,1000000.0
3.0,1.0,35.0,,News 1,The analysts have informed you that the realized volatility of RTM next week will be between 26% and 31%,50,2026-02-02 01:05:10.443918,RTM,51.57,51.56,51.58,100000000.0,100000000.0
2.0,1.0,1.0,Week 1,Delta limit and penalty,The delta limit for this sub-heat is 11000 and the penalty percentage is 2%,50,2026-02-02 01:05:10.443918,RTM1C45,6.57,6.56,6.58,1000000.0,1000000.0
1.0,1.0,1.0,Week 1,Risk free rate and current annualized volatility of RTM,The current risk free rate is 0%. RTM is an ETF that mimics one of the major indices in the simulated world and its current annualized realized volatility is 18%. This simulation consists of 20 trading days that are each 15 ticks in length.,50,2026-02-02 01:05:10.443918,RTM1P45,0.02,0.01,0.03,1000000.0,1000000.0
,,,,,,50,2026-02-02 01:05:10.443918,RTM1C46,5.57,5.56,5.58,1000000.0,1000000.0
,,,,,,50,2026-02-02 01:05:10.443918,RTM1P46,0.02,0.01,0.03,1000000.0,1000000.0
,,,,,,50,2026-02-02 01:05:10.443918,RTM1C47,4.58,4.57,4.59,1000000.0,1000000.0
,,,,,,50,2026-02-02 01:05:10.443918,RTM1P47,0.02,0.01,0.03,1000000.0,1000000.0
,,,,,,50,2026-02-02 01:05:10.443918,RTM1C48,3.61,3.6,3.62,1000000.0,1000000.0
,,,,,,50,2026-02-02 01:05:10.443918,RTM1P48,0.05,0.04,0.06,1000000.0,1000000.0
,,,,,,50,2026-02-02 01:05:10.443918,RTM1C49,2.7,2.69,2.71,1000000.0,1000000.0
,,,,,,50,2026-02-02 01:05:10.443918,RTM1P49,0.14,0.13,0.15,1000000.0,1000000.0
,,,,,,50,2026-02-02 01:05:10.443918,RTM1C50,1.9,1.89,1.91,1000000.0,1000000.0
,,,,,,50,2026-02-02 01:05:10.443918,RTM1P50,0.34,0.33,0.35,1000000.0,1000000.0
,,,,,,50,2026-02-02 01:05:10.443918,RTM1C51,1.21,1.2,1.22,1000000.0,1000000.0
,,,,,,50,2026-02-02 01:05:10.443918,RTM1P51,0.64,0.63,0.65,1000000.0,1000000.0
,,,,,,50,2026-02-02 01:05:10.443918,RTM1C52,0.72,0.71,0.73,1000000.0,1000000.0
,,,,,,50,2026-02-02 01:05:10.443918,RTM1P52,1.15,1.14,1.16,1000000.0,1000000.0
,,,,,,50,2026-02-02 01:05:10.443918,RTM1C53,0.37,0.36,0.38,1000000.0,1000000.0
,,,,,,50,2026-02-02 01:05:10.443918,RTM1P53,1.8,1.79,1.81,1000000.0,1000000.0
,,,,,,50,2026-02-02 01:05:10.443918,RTM1C54,0.18,0.17,0.19,1000000.0,1000000.0
,,,,,,50,2026-02-02 01:05:10.443918,RTM1P54,2.61,2.6,2.62,1000000.0,1000000.0
3.0,1.0,35.0,,News 1,The analysts have informed you that the realized volatility of RTM next week will be between 26% and 31%,51,2026-02-02 01:05:11.493886,RTM,51.48,51.47,51.49,100000000.0,100000000.0
2.0,1.0,1.0,Week 1,Delta limit and penalty,The delta limit for this sub-heat is 11000 and the penalty percentage is 2%,51,2026-02-02 01:05:11.493886,RTM1C45,6.48,6.47,6.49,1000000.0,1000000.0
