ticker,last_price,bid_price,ask_price,BUY_ANON,SELL_ANON,BUY_GIOT-1,BUY_DUBL-6,BUY_COLA-6,BUY_OTWA-1,SELL_GIOT-1,SELL_OTWA-1,tick,timestamp,news_news_id,news_period,news_tick,news_ticker,news_headline,news_body
TGX,43.7,0.0,0.0,50000000.0,50000000.0,0,0,0,0,0,0,1,2026-02-04 20:31:56.710806,1.0,1.0,1.0,,Welcome to the RITC 2026 Merger Arbitrage Case - practice server,Good Luck!
PHR,47.5,0.0,0.0,50000000.0,50000000.0,0,0,0,0,0,0,1,2026-02-04 20:31:56.710806,,,,,,
BYL,43.5,0.0,0.0,50000000.0,50000000.0,0,0,0,0,0,0,1,2026-02-04 20:31:56.710806,,,,,,
CLD,79.3,0.0,0.0,50000000.0,50000000.0,0,0,0,0,0,0,1,2026-02-04 20:31:56.710806,,,,,,
GGD,31.51,0.0,0.0,50000000.0,50000000.0,0,0,0,0,0,0,1,2026-02-04 20:31:56.710806,,,,,,
PNR,59.8,0.0,0.0,50000000.0,50000000.0,0,0,0,0,0,0,1,2026-02-04 20:31:56.710806,,,,,,
FSR,30.45,0.0,0.0,50000000.0,50000000.0,0,0,0,0,0,0,1,2026-02-04 20:31:56.710806,,,,,,
ATB,62.2,0.0,0.0,50000000.0,50000000.0,0,0,0,0,0,0,1,2026-02-04 20:31:56.710806,,,,,,
SPK,52.83,0.0,0.0,50000000.0,50000000.0,0,0,0,0,0,0,1,2026-02-04 20:31:56.710806,,,,,,
EEC,48.0,0.0,0.0,50000000.0,50000000.0,0,0,0,0,0,0,1,2026-02-04 20:31:56.710806,,,,,,
TGX,43.7,43.69,43.71,50000000.0,50000000.0,0,0,0,0,0,0,2,2026-02-04 20:31:57.786114
PHR,47.49,47.48,47.5,50000000.0,50000000.0,0,0,0,0,0,0,2,2026-02-04 20:31:57.786114
BYL,43.56,43.55,43.57,50000000.0,50000000.0,0,0,0,0,0,0,2,2026-02-04 20:31:57.786114
CLD,79.53,79.52,79.54,50000000.0,50000000.0,0,0,0,0,0,0,2,2026-02-04 20:31:57.786114
GGD,31.48,31.47,31.49,50000000.0,50000000.0,0,0,0,0,0,0,2,2026-02-04 20:31:57.786114
PNR,59.75,59.74,59.76,50000000.0,50000000.0,0,0,0,0,0,0,2,2026-02-04 20:31:57.786114
FSR,30.48,30.47,30.49,50000000.0,50000000.0,0,0,0,0,0,0,2,2026-02-04 20:31:57.786114
ATB,62.3,62.29,62.31,50000000.0,50000000.0,0,0,0,0,0,0,2,2026-02-04 20:31:57.786114
SPK,52.84,52.83,52.85,50000000.0,50000000.0,0,0,0,0,0,0,2,2026-02-04 20:31:57.786114
EEC,47.95,47.94,47.96,50000000.0,50000000.0,0,0,0,0,0,0,2,2026-02-04 20:31:57.786114
TGX,43.67,43.66,43.68,50000000.0,50000000.0,0,0,0,0,0,0,3,2026-02-04 20:31:58.826662
PHR,47.5,47.49,47.51,50000000.0,50000000.0,0,0,0,0,0,0,3,2026-02-04 20:31:58.826662
BYL,43.71,43.7,43.72,50000000.0,50000000.0,0,0,0,0,0,0,3,2026-02-04 20:31:58.826662
CLD,79.75,79.74,79.76,50000000.0,50000000.0,0,0,0,0,0,0,3,2026-02-04 20:31:58.826662
GGD,31.5,31.49,31.51,50000000.0,50000000.0,0,0,0,0,0,0,3,2026-02-04 20:31:58.826662
PNR,59.57,59.56,59.58,50000000.0,50000000.0,0,0,0,0,0,0,3,2026-02-04 20:31:58.826662
FSR,30.49,30.48,30.5,50000000.0,50000000.0,0,0,0,0,0,0,3,2026-02-04 20:31:58.826662
ATB,62.37,62.36,62.38,50000000.0,50000000.0,0,0,0,0,0,0,3,2026-02-04 20:31:58.826662
SPK,52.76,52.75,52.77,50000000.0,50000000.0,0,0,0,0,0,0,3,2026-02-04 20:31:58.826662
EEC,47.79,47.78,47.8,50000000.0,50000000.0,0,0,0,0,0,0,3,2026-02-04 20:31:58.826662
TGX,43.63,43.62,43.64,50000000.0,50000000.0,0,0,0,0,0,0,4,2026-02-04 20:31:59.384318
PHR,47.53,47.52,47.54,50000000.0,50000000.0,0,0,0,0,0,0,4,2026-02-04 20:31:59.384318
BYL,43.83,43.82,43.84,50000000.0,50000000.0,0,0,0,0,0,0,4,2026-02-04 20:31:59.384318
CLD,79.82,79.81,79.83,50000000.0,50000000.0,0,0,0,0,0,0,4,2026-02-04 20:31:59.384318
GGD,31.49,31.48,31.5,50000000.0,50000000.0,0,0,0,0,0,0,4,2026-02-04 20:31:59.384318
PNR,59.94,59.93,59.95,50000000.0,50000000.0,0,0,0,0,0,0,4,2026-02-04 20:31:59.384318
FSR,30.49,30.48,30.5,50000000.0,50000000.0,0,0,0,0,0,0,4,2026-02-04 20:31:59.384318
ATB,62.31,62.3,62.32,50000000.0,50000000.0,0,0,0,0,0,0,4,2026-02-04 20:31:59.384318
SPK,53.01,53.0,53.02,50000000.0,50000000.0,0,0,0,0,0,0,4,2026-02-04 20:31:59.384318
EEC,48.13,48.12,48.14,50000000.0,50000000.0,0,0,0,0,0,0,4,2026-02-04 20:31:59.384318
TGX,43.63,43.62,43.64,50000000.0,50000000.0,0,0,0,0,0,0,5,2026-02-04 20:32:00.516949
PHR,47.49,47.48,47.5,50000000.0,50000000.0,0,0,0,0,0,0,5,2026-02-04 20:32:00.516949
BYL,44.0,43.99,44.01,50000000.0,50000000.0,0,0,0,0,0,0,5,2026-02-04 20:32:00.516949
CLD,80.18,80.17,80.19,50000000.0,50000000.0,0,0,0,0,0,0,5,2026-02-04 20:32:00.516949
GGD,31.57,31.56,31.58,50000000.0,50000000.0,0,0,0,0,0,0,5,2026-02-04 20:32:00.516949
PNR,60.51,60.5,60.52,50000000.0,50000000.0,0,0,0,0,0,0,5,2026-02-04 20:32:00.516949
FSR,30.54,30.53,30.55,50000000.0,50000000.0,0,0,0,0,0,0,5,2026-02-04 20:32:00.516949
ATB,62.28,62.27,62.29,50000000.0,50000000.0,0,0,0,0,0,0,5,2026-02-04 20:32:00.516949
SPK,52.78,52.77,52.79,50000000.0,50000000.0,0,0,0,0,0,0,5,2026-02-04 20:32:00.516949
EEC,47.86,47.85,47.87,50000000.0,50000000.0,0,0,0,0,0,0,5,2026-02-04 20:32:00.516949
TGX,43.65,43.64,43.66,50000000.0,50000000.0,0,0,0,0,0,0,6,2026-02-04 20:32:01.573653
PHR,47.36,47.35,47.37,50000000.0,50000000.0,0,0,0,0,0,0,6,2026-02-04 20:32:01.573653
BYL,43.9,43.89,43.91,50000000.0,50000000.0,0,0,0,0,0,0,6,2026-02-04 20:32:01.573653
CLD,79.98,79.97,79.99,50000000.0,50000000.0,0,0,0,0,0,0,6,2026-02-04 20:32:01.573653
GGD,31.51,31.5,31.52,50000000.0,50000000.0,0,0,0,0,0,0,6,2026-02-04 20:32:01.573653
PNR,60.3,60.29,60.31,50000000.0,50000000.0,0,0,0,0,0,0,6,2026-02-04 20:32:01.573653
FSR,30.52,30.51,30.53,50000000.0,50000000.0,0,0,0,0,0,0,6,2026-02-04 20:32:01.573653
ATB,62.23,62.22,62.24,50000000.0,50000000.0,0,0,0,0,0,0,6,2026-02-04 20:32:01.573653
SPK,52.96,52.95,52.97,50000000.0,50000000.0,0,0,0,0,0,0,6,2026-02-04 20:32:01.573653
EEC,48.14,48.13,48.15,50000000.0,50000000.0,0,0,0,0,0,0,6,2026-02-04 20:32:01.573653
TGX,43.65,43.64,43.66,50000000.0,50000000.0,0,0,0,0,0,0,7,2026-02-04 20:32:02.697207
PHR,47.31,47.3,47.32,50000000.0,50000000.0,0,0,0,0,0,0,7,2026-02-04 20:32:02.697207
BYL,43.76,43.75,43.77,50000000.0,50000000.0,0,0,0,0,0,0,7,2026-02-04 20:32:02.697207
CLD,79.87,79.86,79.88,50000000.0,50000000.0,0,0,0,0,0,0,7,2026-02-04 20:32:02.697207
GGD,31.46,31.45,31.47,50000000.0,50000000.0,0,0,0,0,0,0,7,2026-02-04 20:32:02.697207
PNR,60.26,60.25,60.27,50000000.0,50000000.0,0,0,0,0,0,0,7,2026-02-04 20:32:02.697207
FSR,30.56,30.55,30.57,50000000.0,50000000.0,0,0,0,0,0,0,7,2026-02-04 20:32:02.697207
ATB,62.1,62.09,62.11,50000000.0,50000000.0,0,0,0,0,0,0,7,2026-02-04 20:32:02.697207
SPK,52.84,52.83,52.85,50000000.0,50000000.0,0,0,0,0,0,0,7,2026-02-04 20:32:02.697207
EEC,48.0,47.99,48.01,50000000.0,50000000.0,0,0,0,0,0,0,7,2026-02-04 20:32:02.697207
TGX,43.65,43.64,43.66,50000000.0,50000000.0,0,0,0,0,0,0,8,2026-02-04 20:32:03.745719
PHR,47.39,47.38,47.4,50000000.0,50000000.0,0,0,0,0,0,0,8,2026-02-04 20:32:03.745719
BYL,43.76,43.75,43.77,50000000.0,50000000.0,0,0,0,0,0,0,8,2026-02-04 20:32:03.745719
CLD,79.93,79.92,79.94,50000000.0,50000000.0,0,0,0,0,0,0,8,2026-02-04 20:32:03.745719
GGD,31.38,31.37,31.39,50000000.0,50000000.0,0,0,0,0,0,0,8,2026-02-04 20:32:03.745719
PNR,59.63,59.62,59.64,50000000.0,50000000.0,0,0,0,0,0,0,8,2026-02-04 20:32:03.745719
FSR,30.47,30.46,30.48,50000000.0,50000000.0,0,0,0,0,0,0,8,2026-02-04 20:32:03.745719
ATB,62.5,62.49,62.51,50000000.0,50000000.0,0,0,0,0,0,0,8,2026-02-04 20:32:03.745719
SPK,52.94,52.93,52.95,50000000.0,50000000.0,0,0,0,0,0,0,8,2026-02-04 20:32:03.745719
EEC,48.14,48.13,48.15,50000000.0,50000000.0,0,0,0,0,0,0,8,2026-02-04 20:32:03.745719
TGX,43.68,43.67,43.69,50000000.0,50000000.0,0,0,0,0,0,0,9,2026-02-04 20:32:04.793212
PHR,47.35,47.34,47.36,50000000.0,50000000.0,0,0,0,0,0,0,9,2026-02-04 20:32:04.793212
BYL,43.87,43.86,43.88,50000000.0,50000000.0,0,0,0,0,0,0,9,2026-02-04 20:32:04.793212
CLD,80.17,80.16,80.18,50000000.0,50000000.0,0,0,0,0,0,0,9,2026-02-04 20:32:04.793212
GGD,31.34,31.33,31.35,50000000.0,50000000.0,0,0,0,0,0,0,9,2026-02-04 20:32:04.793212
PNR,59.55,59.54,59.56,50000000.0,50000000.0,0,0,0,0,0,0,9,2026-02-04 20:32:04.793212
FSR,30.44,30.43,30.45,50000000.0,50000000.0,0,0,0,0,0,0,9,2026-02-04 20:32:04.793212
ATB,62.48,62.47,62.49,50000000.0,50000000.0,0,0,0,0,0,0,9,2026-02-04 20:32:04.793212
SPK,53.11,53.1,53.12,50000000.0,50000000.0,0,0,0,0,0,0,9,2026-02-04 20:32:04.793212
EEC,48.46,48.45,48.47,50000000.0,50000000.0,0,0,0,0,0,0,9,2026-02-04 20:32:04.793212
TGX,43.64,43.63,43.65,50000000.0,50000000.0,0,0,0,0,0,0,10,2026-02-04 20:32:05.836769
PHR,47.58,47.57,47.59,50000000.0,50000000.0,0,0,0,0,0,0,10,2026-02-04 20:32:05.836769
BYL,43.85,43.84,43.86,50000000.0,50000000.0,0,0,0,0,0,0,10,2026-02-04 20:32:05.836769
CLD,80.15,80.14,80.16,50000000.0,50000000.0,0,0,0,0,0,0,10,2026-02-04 20:32:05.836769
GGD,31.32,31.31,31.33,50000000.0,50000000.0,0,0,0,0,0,0,10,2026-02-04 20:32:05.836769
PNR,59.49,59.48,59.5,50000000.0,50000000.0,0,0,0,0,0,0,10,2026-02-04 20:32:05.836769
FSR,30.43,30.42,30.44,50000000.0,50000000.0,0,0,0,0,0,0,10,2026-02-04 20:32:05.836769
ATB,62.37,62.36,62.38,50000000.0,50000000.0,0,0,0,0,0,0,10,2026-02-04 20:32:05.836769
SPK,53.01,53.0,53.02,50000000.0,50000000.0,0,0,0,0,0,0,10,2026-02-04 20:32:05.836769
EEC,48.29,48.28,48.3,50000000.0,50000000.0,0,0,0,0,0,0,10,2026-02-04 20:32:05.836769
TGX,43.61,43.6,43.62,50000000.0,50000000.0,0,0,0,0,0,0,11,2026-02-04 20:32:06.873386
PHR,47.53,47.52,47.54,50000000.0,50000000.0,0,0,0,0,0,0,11,2026-02-04 20:32:06.873386
BYL,43.85,43.84,43.86,50000000.0,50000000.0,0,0,0,0,0,0,11,2026-02-04 20:32:06.873386
CLD,80.28,80.27,80.29,50000000.0,50000000.0,0,0,0,0,0,0,11,2026-02-04 20:32:06.873386
GGD,31.34,31.33,31.35,50000000.0,50000000.0,0,0,0,0,0,0,11,2026-02-04 20:32:06.873386
PNR,59.22,59.21,59.23,50000000.0,50000000.0,0,0,0,0,0,0,11,2026-02-04 20:32:06.873386
FSR,30.48,30.47,30.49,50000000.0,50000000.0,0,0,0,0,0,0,11,2026-02-04 20:32:06.873386
ATB,62.63,62.62,62.64,50000000.0,50000000.0,0,0,0,0,0,0,11,2026-02-04 20:32:06.873386
SPK,53.09,53.08,53.1,50000000.0,50000000.0,0,0,0,0,0,0,11,2026-02-04 20:32:06.873386
EEC,48.33,48.32,48.34,50000000.0,50000000.0,0,0,0,0,0,0,11,2026-02-04 20:32:06.873386
TGX,43.6,43.59,43.61,50000000.0,50000000.0,0,0,0,0,0,0,12,2026-02-04 20:32:07.908889
PHR,47.53,47.52,47.54,50000000.0,50000000.0,0,0,0,0,0,0,12,2026-02-04 20:32:07.908889
BYL,43.67,43.66,43.68,50000000.0,50000000.0,0,0,0,0,0,0,12,2026-02-04 20:32:07.908889
CLD,80.09,80.08,80.1,50000000.0,50000000.0,0,0,0,0,0,0,12,2026-02-04 20:32:07.908889
GGD,31.36,31.35,31.37,50000000.0,50000000.0,0,0,0,0,0,0,12,2026-02-04 20:32:07.908889
PNR,58.94,58.93,58.95,50000000.0,50000000.0,0,0,0,0,0,0,12,2026-02-04 20:32:07.908889
FSR,30.43,30.42,30.44,50000000.0,50000000.0,0,0,0,0,0,0,12,2026-02-04 20:32:07.908889
ATB,62.86,62.85,62.87,50000000.0,50000000.0,0,0,0,0,0,0,12,2026-02-04 20:32:07.908889
SPK,53.16,53.15,53.17,50000000.0,50000000.0,0,0,0,0,0,0,12,2026-02-04 20:32:07.908889
EEC,48.49,48.48,48.5,50000000.0,50000000.0,0,0,0,0,0,0,12,2026-02-04 20:32:07.908889
TGX,43.62,43.61,43.63,50000000.0,50000000.0,0,0,0,0,0,0,13,2026-02-04 20:32:08.446498
PHR,47.59,47.58,47.6,50000000.0,50000000.0,0,0,0,0,0,0,13,2026-02-04 20:32:08.446498
BYL,43.72,43.71,43.73,50000000.0,50000000.0,0,0,0,0,0,0,13,2026-02-04 20:32:08.446498
CLD,80.2,80.19,80.21,50000000.0,50000000.0,0,0,0,0,0,0,13,2026-02-04 20:32:08.446498
GGD,31.26,31.25,31.27,50000000.0,50000000.0,0,0,0,0,0,0,13,2026-02-04 20:32:08.446498
PNR,58.48,58.47,58.49,50000000.0,50000000.0,0,0,0,0,0,0,13,2026-02-04 20:32:08.446498
FSR,30.42,30.41,30.43,50000000.0,50000000.0,0,0,0,0,0,0,13,2026-02-04 20:32:08.446498
ATB,62.79,62.78,62.8,50000000.0,50000000.0,0,0,0,0,0,0,13,2026-02-04 20:32:08.446498
SPK,53.19,53.18,53.2,50000000.0,50000000.0,0,0,0,0,0,0,13,2026-02-04 20:32:08.446498
EEC,48.46,48.45,48.47,50000000.0,50000000.0,0,0,0,0,0,0,13,2026-02-04 20:32:08.446498
TGX,43.61,43.6,43.62,50000000.0,50000000.0,0,0,0,0,0,0,14,2026-02-04 20:32:09.499691
PHR,47.73,47.72,47.74,50000000.0,50000000.0,0,0,0,0,0,0,14,2026-02-04 20:32:09.499691
BYL,43.75,43.74,43.76,50000000.0,50000000.0,0,0,0,0,0,0,14,2026-02-04 20:32:09.499691
CLD,80.22,80.21,80.23,50000000.0,50000000.0,0,0,0,0,0,0,14,2026-02-04 20:32:09.499691
GGD,31.31,31.3,31.32,50000000.0,50000000.0,0,0,0,0,0,0,14,2026-02-04 20:32:09.499691
PNR,58.78,58.77,58.79,50000000.0,50000000.0,0,0,0,0,0,0,14,2026-02-04 20:32:09.499691
FSR,30.31,30.3,30.32,50000000.0,50000000.0,0,0,0,0,0,0,14,2026-02-04 20:32:09.499691
ATB,62.77,62.76,62.78,50000000.0,50000000.0,0,0,0,0,0,0,14,2026-02-04 20:32:09.499691
SPK,53.1,53.09,53.11,50000000.0,50000000.0,0,0,0,0,0,0,14,2026-02-04 20:32:09.499691
EEC,48.37,48.36,48.38,50000000.0,50000000.0,0,0,0,0,0,0,14,2026-02-04 20:32:09.499691
TGX,43.61,43.6,43.62,50000000.0,50000000.0,0,0,0,0,0,0,15,2026-02-04 20:32:10.612381
PHR,47.66,47.65,47.67,50000000.0,50000000.0,0,0,0,0,0,0,15,2026-02-04 20:32:10.612381
BYL,43.74,43.73,43.75,50000000.0,50000000.0,0,0,0,0,0,0,15,2026-02-04 20:32:10.612381
CLD,80.12,80.11,80.13,50000000.0,50000000.0,0,0,0,0,0,0,15,2026-02-04 20:32:10.612381
GGD,31.3,31.29,31.31,50000000.0,50000000.0,0,0,0,0,0,0,15,2026-02-04 20:32:10.612381
PNR,58.57,58.56,58.58,50000000.0,50000000.0,0,0,0,0,0,0,15,2026-02-04 20:32:10.612381
FSR,30.34,30.33,30.35,50000000.0,50000000.0,0,0,0,0,0,0,15,2026-02-04 20:32:10.612381
ATB,63.03,63.02,63.04,50000000.0,50000000.0,0,0,0,0,0,0,15,2026-02-04 20:32:10.612381
SPK,53.12,53.11,53.13,50000000.0,50000000.0,0,0,0,0,0,0,15,2026-02-04 20:32:10.612381
EEC,48.35,48.34,48.36,50000000.0,50000000.0,0,0,0,0,0,0,15,2026-02-04 20:32:10.612381
TGX,43.62,43.61,43.63,50000000.0,50000000.0,0,0,0,0,0,0,16,2026-02-04 20:32:11.655665
PHR,47.76,47.75,47.77,50000000.0,50000000.0,0,0,0,0,0,0,16,2026-02-04 20:32:11.655665
BYL,43.75,43.74,43.76,50000000.0,50000000.0,0,0,0,0,0,0,16,2026-02-04 20:32:11.655665
CLD,80.2,80.19,80.21,50000000.0,50000000.0,0,0,0,0,0,0,16,2026-02-04 20:32:11.655665
GGD,31.35,31.34,31.36,50000000.0,50000000.0,0,0,0,0,0,0,16,2026-02-04 20:32:11.655665
PNR,59.09,59.08,59.1,50000000.0,50000000.0,0,0,0,0,0,0,16,2026-02-04 20:32:11.655665
FSR,30.3,30.29,30.31,50000000.0,50000000.0,0,0,0,0,0,0,16,2026-02-04 20:32:11.655665
ATB,63.07,63.06,63.08,50000000.0,50000000.0,0,0,0,0,0,0,16,2026-02-04 20:32:11.655665
SPK,53.16,53.15,53.17,50000000.0,50000000.0,0,0,0,0,0,0,16,2026-02-04 20:32:11.655665
EEC,48.45,48.44,48.46,50000000.0,50000000.0,0,0,0,0,0,0,16,2026-02-04 20:32:11.655665
TGX,43.6,43.59,43.61,50000000.0,50000000.0,0,0,0,0,0,0,17,2026-02-04 20:32:12.712924
PHR,47.6,47.59,47.61,50000000.0,50000000.0,0,0,0,0,0,0,17,2026-02-04 20:32:12.712924
BYL,43.65,43.64,43.66,50000000.0,50000000.0,0,0,0,0,0,0,17,2026-02-04 20:32:12.712924
CLD,79.94,79.93,79.95,50000000.0,50000000.0,0,0,0,0,0,0,17,2026-02-04 20:32:12.712924
GGD,31.39,31.38,31.4,50000000.0,50000000.0,0,0,0,0,0,0,17,2026-02-04 20:32:12.712924
PNR,59.46,59.45,59.47,50000000.0,50000000.0,0,0,0,0,0,0,17,2026-02-04 20:32:12.712924
FSR,30.32,30.31,30.33,50000000.0,50000000.0,0,0,0,0,0,0,17,2026-02-04 20:32:12.712924
ATB,63.18,63.17,63.19,50000000.0,50000000.0,0,0,0,0,0,0,17,2026-02-04 20:32:12.712924
SPK,52.9,52.89,52.91,50000000.0,50000000.0,0,0,0,0,0,0,17,2026-02-04 20:32:12.712924
EEC,48.06,48.05,48.07,50000000.0,50000000.0,0,0,0,0,0,0,17,2026-02-04 20:32:12.712924
TGX,43.62,43.61,43.63,50000000.0,50000000.0,0,0,0,0,0,0,18,2026-02-04 20:32:13.777353
PHR,47.36,47.35,47.37,50000000.0,50000000.0,0,0,0,0,0,0,18,2026-02-04 20:32:13.777353
BYL,43.66,43.65,43.67,50000000.0,50000000.0,0,0,0,0,0,0,18,2026-02-04 20:32:13.777353
CLD,80.03,80.02,80.04,50000000.0,50000000.0,0,0,0,0,0,0,18,2026-02-04 20:32:13.777353
GGD,31.42,31.41,31.43,50000000.0,50000000.0,0,0,0,0,0,0,18,2026-02-04 20:32:13.777353
PNR,59.64,59.63,59.65,50000000.0,50000000.0,0,0,0,0,0,0,18,2026-02-04 20:32:13.777353
FSR,30.26,30.25,30.27,50000000.0,50000000.0,0,0,0,0,0,0,18,2026-02-04 20:32:13.777353
ATB,62.73,62.72,62.74,50000000.0,50000000.0,0,0,0,0,0,0,18,2026-02-04 20:32:13.777353
SPK,52.77,52.76,52.78,50000000.0,50000000.0,0,0,0,0,0,0,18,2026-02-04 20:32:13.777353
EEC,47.82,47.81,47.83,50000000.0,50000000.0,0,0,0,0,0,0,18,2026-02-04 20:32:13.777353
TGX,43.66,43.65,43.67,50000000.0,50000000.0,0,0,0,0,0,0,19,2026-02-04 20:32:14.816971
PHR,47.31,47.3,47.32,50000000.0,50000000.0,0,0,0,0,0,0,19,2026-02-04 20:32:14.816971
BYL,43.85,43.84,43.86,50000000.0,50000000.0,0,0,0,0,0,0,19,2026-02-04 20:32:14.816971
CLD,80.35,80.34,80.36,50000000.0,50000000.0,0,0,0,0,0,0,19,2026-02-04 20:32:14.816971
GGD,31.3,31.29,31.31,50000000.0,50000000.0,0,0,0,0,0,0,19,2026-02-04 20:32:14.816971
PNR,59.17,59.16,59.18,50000000.0,50000000.0,0,0,0,0,0,0,19,2026-02-04 20:32:14.816971
FSR,30.24,30.23,30.25,50000000.0,50000000.0,0,0,0,0,0,0,19,2026-02-04 20:32:14.816971
ATB,62.22,62.21,62.23,50000000.0,50000000.0,0,0,0,0,0,0,19,2026-02-04 20:32:14.816971
SPK,52.69,52.68,52.7,50000000.0,50000000.0,0,0,0,0,0,0,19,2026-02-04 20:32:14.816971
EEC,47.71,47.7,47.72,50000000.0,50000000.0,0,0,0,0,0,0,19,2026-02-04 20:32:14.816971
TGX,43.68,43.67,43.69,50000000.0,50000000.0,0,0,0,0,0,0,20,2026-02-04 20:32:15.860142
PHR,47.32,47.31,47.33,50000000.0,50000000.0,0,0,0,0,0,0,20,2026-02-04 20:32:15.860142
BYL,43.83,43.82,43.84,50000000.0,50000000.0,0,0,0,0,0,0,20,2026-02-04 20:32:15.860142
CLD,80.43,80.42,80.44,50000000.0,50000000.0,0,0,0,0,0,0,20,2026-02-04 20:32:15.860142
GGD,31.32,31.31,31.33,50000000.0,50000000.0,0,0,0,0,0,0,20,2026-02-04 20:32:15.860142
PNR,59.23,59.22,59.24,50000000.0,50000000.0,0,0,0,0,0,0,20,2026-02-04 20:32:15.860142
FSR,30.23,30.22,30.24,50000000.0,50000000.0,0,0,0,0,0,0,20,2026-02-04 20:32:15.860142
ATB,61.79,61.78,61.8,50000000.0,50000000.0,0,0,0,0,0,0,20,2026-02-04 20:32:15.860142
SPK,52.82,52.81,52.83,50000000.0,50000000.0,0,0,0,0,0,0,20,2026-02-04 20:32:15.860142
EEC,47.96,47.95,47.97,50000000.0,50000000.0,0,0,0,0,0,0,20,2026-02-04 20:32:15.860142
TGX,43.63,43.62,43.64,50000000.0,50000000.0,0,0,0,0,0,0,21,2026-02-04 20:32:16.916317
PHR,47.14,47.13,47.15,50000000.0,50000000.0,0,0,0,0,0,0,21,2026-02-04 20:32:16.916317
BYL,43.8,43.79,43.81,50000000.0,50000000.0,0,0,0,0,0,0,21,2026-02-04 20:32:16.916317
CLD,80.39,80.38,80.4,50000000.0,50000000.0,0,0,0,0,0,0,21,2026-02-04 20:32:16.916317
GGD,31.37,31.36,31.38,50000000.0,50000000.0,0,0,0,0,0,0,21,2026-02-04 20:32:16.916317
PNR,59.78,59.77,59.79,50000000.0,50000000.0,0,0,0,0,0,0,21,2026-02-04 20:32:16.916317
FSR,30.22,30.21,30.23,50000000.0,50000000.0,0,0,0,0,0,0,21,2026-02-04 20:32:16.916317
ATB,61.66,61.65,61.67,50000000.0,50000000.0,0,0,0,0,0,0,21,2026-02-04 20:32:16.916317
SPK,52.88,52.87,52.89,50000000.0,50000000.0,0,0,0,0,0,0,21,2026-02-04 20:32:16.916317
EEC,48.03,48.02,48.04,50000000.0,50000000.0,0,0,0,0,0,0,21,2026-02-04 20:32:16.916317
TGX,43.64,43.63,43.65,50000000.0,50000000.0,0,0,0,0,0,0,22,2026-02-04 20:32:17.963966,2.0,1.0,21.0,D1-TGX/PHR,Expected Closing Date Pushed Back,"Due to extended regulatory reviews, the companies now expect the transaction to close in Q3 rather than Q2 as originally anticipated."
PHR,47.06,47.05,47.07,50000000.0,50000000.0,0,0,0,0,0,0,22,2026-02-04 20:32:17.963966,,,,,,
BYL,43.82,43.81,43.83,50000000.0,50000000.0,0,0,0,0,0,0,22,2026-02-04 20:32:17.963966,,,,,,
CLD,80.4,80.39,80.41,50000000.0,50000000.0,0,0,0,0,0,0,22,2026-02-04 20:32:17.963966,,,,,,
GGD,31.39,31.38,31.4,50000000.0,50000000.0,0,0,0,0,0,0,22,2026-02-04 20:32:17.963966,,,,,,
PNR,59.47,59.46,59.48,50000000.0,50000000.0,0,0,0,0,0,0,22,2026-02-04 20:32:17.963966,,,,,,
FSR,30.21,30.2,30.22,50000000.0,50000000.0,0,0,0,0,0,0,22,2026-02-04 20:32:17.963966,,,,,,
ATB,61.5,61.49,61.51,50000000.0,50000000.0,0,0,0,0,0,0,22,2026-02-04 20:32:17.963966,,,,,,
SPK,53.03,53.02,53.04,50000000.0,50000000.0,0,0,0,0,0,0,22,2026-02-04 20:32:17.963966,,,,,,
EEC,48.23,48.22,48.24,50000000.0,50000000.0,0,0,0,0,0,0,22,2026-02-04 20:32:17.963966,,,,,,
TGX,43.65,43.64,43.66,50000000.0,50000000.0,0,0,0,0,0,0,23,2026-02-04 20:32:19.009649,3.0,1.0,22.0,D2-BYL/CLD,Institutional Investors Signal Support,Major ByteLayer shareholders including Vanguard and BlackRock indicate preliminary support for stock consideration.
PHR,47.1,47.09,47.11,50000000.0,50000000.0,0,0,0,0,0,0,23,2026-02-04 20:32:19.009649,,,,,,
BYL,43.72,43.71,43.73,50000000.0,50000000.0,0,0,0,0,0,0,23,2026-02-04 20:32:19.009649,,,,,,
CLD,80.29,80.28,80.3,50000000.0,50000000.0,0,0,0,0,0,0,23,2026-02-04 20:32:19.009649,,,,,,
GGD,31.49,31.48,31.5,50000000.0,50000000.0,0,0,0,0,0,0,23,2026-02-04 20:32:19.009649,,,,,,
PNR,59.65,59.64,59.66,50000000.0,50000000.0,0,0,0,0,0,0,23,2026-02-04 20:32:19.009649,,,,,,
FSR,30.23,30.22,30.24,50000000.0,50000000.0,0,0,0,0,0,0,23,2026-02-04 20:32:19.009649,,,,,,
ATB,61.4,61.39,61.41,50000000.0,50000000.0,0,0,0,0,0,0,23,2026-02-04 20:32:19.009649,,,,,,
SPK,52.87,52.86,52.88,50000000.0,50000000.0,0,0,0,0,0,0,23,2026-02-04 20:32:19.009649,,,,,,
EEC,47.92,47.91,47.93,50000000.0,50000000.0,0,0,0,0,0,0,23,2026-02-04 20:32:19.009649,,,,,,
TGX,43.64,43.63,43.65,50000000.0,50000000.0,0,0,0,0,0,0,24,2026-02-04 20:32:19.567572
PHR,47.03,47.02,47.04,50000000.0,50000000.0,0,0,0,0,0,0,24,2026-02-04 20:32:19.567572
BYL,43.93,43.92,43.94,50000000.0,50000000.0,0,0,0,0,0,0,24,2026-02-04 20:32:19.567572
CLD,80.67,80.66,80.68,50000000.0,50000000.0,0,0,0,0,0,0,24,2026-02-04 20:32:19.567572
GGD,31.39,31.38,31.4,50000000.0,50000000.0,0,0,0,0,0,0,24,2026-02-04 20:32:19.567572
PNR,59.27,59.26,59.28,50000000.0,50000000.0,0,0,0,0,0,0,24,2026-02-04 20:32:19.567572
FSR,30.18,30.17,30.19,50000000.0,50000000.0,0,0,0,0,0,0,24,2026-02-04 20:32:19.567572
ATB,61.23,61.22,61.24,50000000.0,50000000.0,0,0,0,0,0,0,24,2026-02-04 20:32:19.567572
SPK,52.75,52.74,52.76,50000000.0,50000000.0,0,0,0,0,0,0,24,2026-02-04 20:32:19.567572
EEC,47.6,47.59,47.61,50000000.0,50000000.0,0,0,0,0,0,0,24,2026-02-04 20:32:19.567572
TGX,43.65,43.64,43.66,50000000.0,50000000.0,0,0,0,0,0,0,25,2026-02-04 20:32:20.644268
PHR,46.88,46.87,46.89,50000000.0,50000000.0,0,0,0,0,0,0,25,2026-02-04 20:32:20.644268
BYL,43.83,43.82,43.84,50000000.0,50000000.0,0,0,0,0,0,0,25,2026-02-04 20:32:20.644268
CLD,80.5,80.49,80.51,50000000.0,50000000.0,0,0,0,0,0,0,25,2026-02-04 20:32:20.644268
GGD,31.39,31.38,31.4,50000000.0,50000000.0,0,0,0,0,0,0,25,2026-02-04 20:32:20.644268
PNR,59.22,59.21,59.23,50000000.0,50000000.0,0,0,0,0,0,0,25,2026-02-04 20:32:20.644268
FSR,30.16,30.15,30.17,50000000.0,50000000.0,0,0,0,0,0,0,25,2026-02-04 20:32:20.644268
ATB,61.73,61.72,61.74,50000000.0,50000000.0,0,0,0,0,0,0,25,2026-02-04 20:32:20.644268
SPK,52.71,52.7,52.72,50000000.0,50000000.0,0,0,0,0,0,0,25,2026-02-04 20:32:20.644268
EEC,47.49,47.48,47.5,50000000.0,50000000.0,0,0,0,0,0,0,25,2026-02-04 20:32:20.644268
TGX,43.72,43.71,43.73,50000000.0,50000000.0,0,0,0,0,0,0,26,2026-02-04 20:32:21.713877
PHR,46.75,46.74,46.76,50000000.0,50000000.0,0,0,0,0,0,0,26,2026-02-04 20:32:21.713877
BYL,43.8,43.79,43.81,50000000.0,50000000.0,0,0,0,0,0,0,26,2026-02-04 20:32:21.713877
CLD,80.38,80.37,80.39,50000000.0,50000000.0,0,0,0,0,0,0,26,2026-02-04 20:32:21.713877
GGD,31.46,31.45,31.47,50000000.0,50000000.0,0,0,0,0,0,0,26,2026-02-04 20:32:21.713877
PNR,59.44,59.43,59.45,50000000.0,50000000.0,0,0,0,0,0,0,26,2026-02-04 20:32:21.713877
FSR,30.04,30.03,30.05,50000000.0,50000000.0,0,0,0,0,0,0,26,2026-02-04 20:32:21.713877
ATB,61.93,61.92,61.94,50000000.0,50000000.0,0,0,0,0,0,0,26,2026-02-04 20:32:21.713877
SPK,52.74,52.73,52.75,50000000.0,50000000.0,0,0,0,0,0,0,26,2026-02-04 20:32:21.713877
EEC,47.53,47.52,47.54,50000000.0,50000000.0,0,0,0,0,0,0,26,2026-02-04 20:32:21.713877
TGX,43.7,43.69,43.71,50000000.0,50000000.0,0,0,0,0,0,0,27,2026-02-04 20:32:22.778039,4.0,1.0,26.0,D5-SPK/EEC,Minority Shareholder Litigation,Class action filed alleging inadequate disclosure and conflicts of interest.
PHR,46.51,46.5,46.52,50000000.0,50000000.0,0,0,0,0,0,0,27,2026-02-04 20:32:22.778039,,,,,,
BYL,43.85,43.84,43.86,50000000.0,50000000.0,0,0,0,0,0,0,27,2026-02-04 20:32:22.778039,,,,,,
CLD,80.56,80.55,80.57,50000000.0,50000000.0,0,0,0,0,0,0,27,2026-02-04 20:32:22.778039,,,,,,
GGD,31.46,31.45,31.47,50000000.0,50000000.0,0,0,0,0,0,0,27,2026-02-04 20:32:22.778039,,,,,,
PNR,59.52,59.51,59.53,50000000.0,50000000.0,0,0,0,0,0,0,27,2026-02-04 20:32:22.778039,,,,,,
FSR,30.04,30.03,30.05,50000000.0,50000000.0,0,0,0,0,0,0,27,2026-02-04 20:32:22.778039,,,,,,
ATB,61.9,61.89,61.91,50000000.0,50000000.0,0,0,0,0,0,0,27,2026-02-04 20:32:22.778039,,,,,,
SPK,52.78,52.77,52.79,50000000.0,50000000.0,0,0,0,0,0,0,27,2026-02-04 20:32:22.778039,,,,,,
EEC,47.72,47.71,47.73,50000000.0,50000000.0,0,0,0,0,0,0,27,2026-02-04 20:32:22.778039,,,,,,
TGX,43.69,43.68,43.7,50000000.0,50000000.0,0,0,0,0,0,0,28,2026-02-04 20:32:23.966838
PHR,46.69,46.68,46.7,50000000.0,50000000.0,0,0,0,0,0,0,28,2026-02-04 20:32:23.966838
BYL,43.84,43.83,43.85,50000000.0,50000000.0,0,0,0,0,0,0,28,2026-02-04 20:32:23.966838
CLD,80.57,80.56,80.58,50000000.0,50000000.0,0,0,0,0,0,0,28,2026-02-04 20:32:23.966838
GGD,31.42,31.41,31.43,50000000.0,50000000.0,0,0,0,0,0,0,28,2026-02-04 20:32:23.966838
PNR,59.57,59.56,59.58,50000000.0,50000000.0,0,0,0,0,0,0,28,2026-02-04 20:32:23.966838
FSR,30.07,30.06,30.08,50000000.0,50000000.0,0,0,0,0,0,0,28,2026-02-04 20:32:23.966838
ATB,61.97,61.96,61.98,50000000.0,50000000.0,0,0,0,0,0,0,28,2026-02-04 20:32:23.966838
SPK,52.51,52.5,52.52,50000000.0,50000000.0,0,0,0,0,0,0,28,2026-02-04 20:32:23.966838
EEC,47.27,47.26,47.28,50000000.0,50000000.0,0,0,0,0,0,0,28,2026-02-04 20:32:23.966838
TGX,43.67,43.66,43.68,50000000.0,50000000.0,0,0,0,0,0,0,29,2026-02-04 20:32:25.008629
PHR,46.83,46.82,46.84,50000000.0,50000000.0,0,0,0,0,0,0,29,2026-02-04 20:32:25.008629
BYL,43.94,43.93,43.95,50000000.0,50000000.0,0,0,0,0,0,0,29,2026-02-04 20:32:25.008629
CLD,80.95,80.94,80.96,50000000.0,50000000.0,0,0,0,0,0,0,29,2026-02-04 20:32:25.008629
GGD,31.44,31.43,31.45,50000000.0,50000000.0,0,0,0,0,0,0,29,2026-02-04 20:32:25.008629
PNR,59.39,59.38,59.4,50000000.0,50000000.0,0,0,0,0,0,0,29,2026-02-04 20:32:25.008629
FSR,30.05,30.04,30.06,50000000.0,50000000.0,0,0,0,0,0,0,29,2026-02-04 20:32:25.008629
ATB,62.08,62.07,62.09,50000000.0,50000000.0,0,0,0,0,0,0,29,2026-02-04 20:32:25.008629
SPK,52.47,52.46,52.48,50000000.0,50000000.0,0,0,0,0,0,0,29,2026-02-04 20:32:25.008629
EEC,47.36,47.35,47.37,50000000.0,50000000.0,0,0,0,0,0,0,29,2026-02-04 20:32:25.008629
TGX,43.7,43.69,43.71,50000000.0,50000000.0,0,0,0,0,0,0,30,2026-02-04 20:32:25.550045
PHR,46.85,46.84,46.86,50000000.0,50000000.0,0,0,0,0,0,0,30,2026-02-04 20:32:25.550045
BYL,43.98,43.97,43.99,50000000.0,50000000.0,0,0,0,0,0,0,30,2026-02-04 20:32:25.550045
CLD,81.06,81.05,81.07,50000000.0,50000000.0,0,0,0,0,0,0,30,2026-02-04 20:32:25.550045
GGD,31.4,31.39,31.41,50000000.0,50000000.0,0,0,0,0,0,0,30,2026-02-04 20:32:25.550045
PNR,59.52,59.51,59.53,50000000.0,50000000.0,0,0,0,0,0,0,30,2026-02-04 20:32:25.550045
FSR,30.09,30.08,30.1,50000000.0,50000000.0,0,0,0,0,0,0,30,2026-02-04 20:32:25.550045
ATB,62.38,62.37,62.39,50000000.0,50000000.0,0,0,0,0,0,0,30,2026-02-04 20:32:25.550045
SPK,52.57,52.56,52.58,50000000.0,50000000.0,0,0,0,0,0,0,30,2026-02-04 20:32:25.550045
EEC,47.51,47.5,47.52,50000000.0,50000000.0,0,0,0,0,0,0,30,2026-02-04 20:32:25.550045
TGX,43.7,43.69,43.71,50000000.0,50000000.0,0,0,0,0,0,0,31,2026-02-04 20:32:26.601248,5.0,1.0,30.0,D5-SPK/EEC,Termination Fee Structure,Agreement includes $150M termination fee for superior proposal and $75M regulatory failure fee.
PHR,46.79,46.78,46.8,50000000.0,50000000.0,0,0,0,0,0,0,31,2026-02-04 20:32:26.601248,,,,,,
BYL,44.07,44.06,44.08,50000000.0,50000000.0,0,0,0,0,0,0,31,2026-02-04 20:32:26.601248,,,,,,
CLD,81.42,81.41,81.43,50000000.0,50000000.0,0,0,0,0,0,0,31,2026-02-04 20:32:26.601248,,,,,,
GGD,31.44,31.43,31.45,50000000.0,50000000.0,0,0,0,0,0,0,31,2026-02-04 20:32:26.601248,,,,,,
PNR,59.59,59.58,59.6,50000000.0,50000000.0,0,0,0,0,0,0,31,2026-02-04 20:32:26.601248,,,,,,
FSR,30.07,30.06,30.08,50000000.0,50000000.0,0,0,0,0,0,0,31,2026-02-04 20:32:26.601248,,,,,,
ATB,62.85,62.84,62.86,50000000.0,50000000.0,0,0,0,0,0,0,31,2026-02-04 20:32:26.601248,,,,,,
SPK,52.5,52.49,52.51,50000000.0,50000000.0,0,0,0,0,0,0,31,2026-02-04 20:32:26.601248,,,,,,
EEC,47.41,47.4,47.42,50000000.0,50000000.0,0,0,0,0,0,0,31,2026-02-04 20:32:26.601248,,,,,,
TGX,43.7,43.69,43.71,50000000.0,50000000.0,0,0,0,0,0,0,32,2026-02-04 20:32:27.660233,6.0,1.0,31.0,D3-GGD/PNR,Credit Facility Amendment Negotiated,Successfully negotiates amendment to credit agreement providing additional financial flexibility.
PHR,46.65,46.64,46.66,50000000.0,50000000.0,0,0,0,0,0,0,32,2026-02-04 20:32:27.660233,,,,,,
BYL,44.09,44.08,44.1,50000000.0,50000000.0,0,0,0,0,0,0,32,2026-02-04 20:32:27.660233,,,,,,
CLD,81.63,81.62,81.64,50000000.0,50000000.0,0,0,0,0,0,0,32,2026-02-04 20:32:27.660233,,,,,,
GGD,31.43,31.42,31.44,50000000.0,50000000.0,0,0,0,0,0,0,32,2026-02-04 20:32:27.660233,,,,,,
PNR,59.51,59.5,59.52,50000000.0,50000000.0,0,0,0,0,0,0,32,2026-02-04 20:32:27.660233,,,,,,
FSR,30.1,30.09,30.11,50000000.0,50000000.0,0,0,0,0,0,0,32,2026-02-04 20:32:27.660233,,,,,,
ATB,62.66,62.65,62.67,50000000.0,50000000.0,0,0,0,0,0,0,32,2026-02-04 20:32:27.660233,,,,,,
SPK,52.36,52.35,52.37,50000000.0,50000000.0,0,0,0,0,0,0,32,2026-02-04 20:32:27.660233,,,,,,
EEC,47.18,47.17,47.19,50000000.0,50000000.0,0,0,0,0,0,0,32,2026-02-04 20:32:27.660233,,,,,,
TGX,43.67,43.66,43.68,50000000.0,50000000.0,0,0,0,0,0,0,33,2026-02-04 20:32:28.702796,7.0,1.0,32.0,D4-FSR/ATB,Branch Manager Retention Program,Retention packages offered to 150 key branch managers and relationship bankers.
PHR,46.78,46.77,46.79,50000000.0,50000000.0,0,0,0,0,0,0,33,2026-02-04 20:32:28.702796,,,,,,
BYL,44.14,44.13,44.15,50000000.0,50000000.0,0,0,0,0,0,0,33,2026-02-04 20:32:28.702796,,,,,,
CLD,81.6,81.59,81.61,50000000.0,50000000.0,0,0,0,0,0,0,33,2026-02-04 20:32:28.702796,,,,,,
GGD,31.45,31.44,31.46,50000000.0,50000000.0,0,0,0,0,0,0,33,2026-02-04 20:32:28.702796,,,,,,
PNR,59.63,59.62,59.64,50000000.0,50000000.0,0,0,0,0,0,0,33,2026-02-04 20:32:28.702796,,,,,,
FSR,30.02,30.01,30.03,50000000.0,50000000.0,0,0,0,0,0,0,33,2026-02-04 20:32:28.702796,,,,,,
ATB,62.85,62.84,62.86,50000000.0,50000000.0,0,0,0,0,0,0,33,2026-02-04 20:32:28.702796,,,,,,
SPK,52.48,52.47,52.49,50000000.0,50000000.0,0,0,0,0,0,0,33,2026-02-04 20:32:28.702796,,,,,,
EEC,47.6,47.59,47.61,50000000.0,50000000.0,0,0,0,0,0,0,33,2026-02-04 20:32:28.702796,,,,,,
TGX,43.71,43.7,43.72,50000000.0,50000000.0,0,0,0,0,0,0,34,2026-02-04 20:32:29.768513
PHR,46.8,46.79,46.81,50000000.0,50000000.0,0,0,0,0,0,0,34,2026-02-04 20:32:29.768513
BYL,43.97,43.96,43.98,50000000.0,50000000.0,0,0,0,0,0,0,34,2026-02-04 20:32:29.768513
CLD,81.09,81.08,81.1,50000000.0,50000000.0,0,0,0,0,0,0,34,2026-02-04 20:32:29.768513
GGD,31.44,31.43,31.45,50000000.0,50000000.0,0,0,0,0,0,0,34,2026-02-04 20:32:29.768513
PNR,59.28,59.27,59.29,50000000.0,50000000.0,0,0,0,0,0,0,34,2026-02-04 20:32:29.768513
FSR,30.03,30.02,30.04,50000000.0,50000000.0,0,0,0,0,0,0,34,2026-02-04 20:32:29.768513
ATB,63.24,63.23,63.25,50000000.0,50000000.0,0,0,0,0,0,0,34,2026-02-04 20:32:29.768513
SPK,52.53,52.52,52.54,50000000.0,50000000.0,0,0,0,0,0,0,34,2026-02-04 20:32:29.768513
EEC,47.59,47.58,47.6,50000000.0,50000000.0,0,0,0,0,0,0,34,2026-02-04 20:32:29.768513
TGX,43.74,43.73,43.75,50000000.0,50000000.0,0,0,0,0,0,0,35,2026-02-04 20:32:30.814973
PHR,46.87,46.86,46.88,50000000.0,50000000.0,0,0,0,0,0,0,35,2026-02-04 20:32:30.814973
BYL,44.05,44.04,44.06,50000000.0,50000000.0,0,0,0,0,0,0,35,2026-02-04 20:32:30.814973
CLD,81.23,81.22,81.24,50000000.0,50000000.0,0,0,0,0,0,0,35,2026-02-04 20:32:30.814973
GGD,31.43,31.42,31.44,50000000.0,50000000.0,0,0,0,0,0,0,35,2026-02-04 20:32:30.814973
PNR,58.92,58.91,58.93,50000000.0,50000000.0,0,0,0,0,0,0,35,2026-02-04 20:32:30.814973
FSR,30.02,30.01,30.03,50000000.0,50000000.0,0,0,0,0,0,0,35,2026-02-04 20:32:30.814973
ATB,63.32,63.31,63.33,50000000.0,50000000.0,0,0,0,0,0,0,35,2026-02-04 20:32:30.814973
SPK,52.37,52.36,52.38,50000000.0,50000000.0,0,0,0,0,0,0,35,2026-02-04 20:32:30.814973
EEC,47.27,47.26,47.28,50000000.0,50000000.0,0,0,0,0,0,0,35,2026-02-04 20:32:30.814973
TGX,43.75,43.74,43.76,50000000.0,50000000.0,0,0,0,0,0,0,36,2026-02-04 20:32:31.881157
PHR,46.86,46.85,46.87,50000000.0,50000000.0,0,0,0,0,0,0,36,2026-02-04 20:32:31.881157
BYL,44.19,44.18,44.2,50000000.0,50000000.0,0,0,0,0,0,0,36,2026-02-04 20:32:31.881157
CLD,81.41,81.4,81.42,50000000.0,50000000.0,0,0,0,0,0,0,36,2026-02-04 20:32:31.881157
GGD,31.45,31.44,31.46,50000000.0,50000000.0,0,0,0,0,0,0,36,2026-02-04 20:32:31.881157
PNR,59.15,59.14,59.16,50000000.0,50000000.0,0,0,0,0,0,0,36,2026-02-04 20:32:31.881157
FSR,30.08,30.07,30.09,50000000.0,50000000.0,0,0,0,0,0,0,36,2026-02-04 20:32:31.881157
ATB,62.95,62.94,62.96,50000000.0,50000000.0,0,0,0,0,0,0,36,2026-02-04 20:32:31.881157
SPK,52.44,52.43,52.45,50000000.0,50000000.0,0,0,0,0,0,0,36,2026-02-04 20:32:31.881157
EEC,47.38,47.37,47.39,50000000.0,50000000.0,0,0,0,0,0,0,36,2026-02-04 20:32:31.881157
TGX,43.77,43.76,43.78,50000000.0,50000000.0,0,0,0,0,0,0,37,2026-02-04 20:32:32.920092
PHR,46.82,46.81,46.83,50000000.0,50000000.0,0,0,0,0,0,0,37,2026-02-04 20:32:32.920092
BYL,44.1,44.09,44.11,50000000.0,50000000.0,0,0,0,0,0,0,37,2026-02-04 20:32:32.920092
CLD,81.31,81.3,81.32,50000000.0,50000000.0,0,0,0,0,0,0,37,2026-02-04 20:32:32.920092
GGD,31.52,31.51,31.53,50000000.0,50000000.0,0,0,0,0,0,0,37,2026-02-04 20:32:32.920092
PNR,59.34,59.33,59.35,50000000.0,50000000.0,0,0,0,0,0,0,37,2026-02-04 20:32:32.920092
FSR,30.1,30.09,30.11,50000000.0,50000000.0,0,0,0,0,0,0,37,2026-02-04 20:32:32.920092
ATB,63.29,63.28,63.3,50000000.0,50000000.0,0,0,0,0,0,0,37,2026-02-04 20:32:32.920092
SPK,52.44,52.43,52.45,50000000.0,50000000.0,0,0,0,0,0,0,37,2026-02-04 20:32:32.920092
EEC,47.4,47.39,47.41,50000000.0,50000000.0,0,0,0,0,0,0,37,2026-02-04 20:32:32.920092
TGX,43.77,43.76,43.78,50000000.0,50000000.0,0,0,0,0,0,0,38,2026-02-04 20:32:33.962744
PHR,46.88,46.87,46.89,50000000.0,50000000.0,0,0,0,0,0,0,38,2026-02-04 20:32:33.962744
BYL,43.99,43.98,44.0,50000000.0,50000000.0,0,0,0,0,0,0,38,2026-02-04 20:32:33.962744
CLD,81.07,81.06,81.08,50000000.0,50000000.0,0,0,0,0,0,0,38,2026-02-04 20:32:33.962744
GGD,31.52,31.51,31.53,50000000.0,50000000.0,0,0,0,0,0,0,38,2026-02-04 20:32:33.962744
PNR,59.45,59.44,59.46,50000000.0,50000000.0,0,0,0,0,0,0,38,2026-02-04 20:32:33.962744
FSR,30.12,30.11,30.13,50000000.0,50000000.0,0,0,0,0,0,0,38,2026-02-04 20:32:33.962744
ATB,63.29,63.28,63.3,50000000.0,50000000.0,0,0,0,0,0,0,38,2026-02-04 20:32:33.962744
SPK,52.61,52.6,52.62,50000000.0,50000000.0,0,0,0,0,0,0,38,2026-02-04 20:32:33.962744
EEC,47.6,47.59,47.61,50000000.0,50000000.0,0,0,0,0,0,0,38,2026-02-04 20:32:33.962744
TGX,43.2,43.19,43.21,50000000.0,50000000.0,0,0,0,0,0,0,39,2026-02-04 20:32:35.002500
PHR,46.86,46.85,46.87,50000000.0,50000000.0,0,0,0,0,0,0,39,2026-02-04 20:32:35.002500
BYL,43.86,43.85,43.87,50000000.0,50000000.0,0,0,0,0,0,0,39,2026-02-04 20:32:35.002500
CLD,80.82,80.81,80.83,50000000.0,50000000.0,0,0,0,0,0,0,39,2026-02-04 20:32:35.002500
GGD,31.5,31.49,31.51,50000000.0,50000000.0,0,0,0,0,0,0,39,2026-02-04 20:32:35.002500
PNR,59.3,59.29,59.31,50000000.0,50000000.0,0,0,0,0,0,0,39,2026-02-04 20:32:35.002500
FSR,30.21,30.2,30.22,50000000.0,50000000.0,0,0,0,0,0,0,39,2026-02-04 20:32:35.002500
ATB,63.37,63.36,63.38,50000000.0,50000000.0,0,0,0,0,0,0,39,2026-02-04 20:32:35.002500
SPK,52.25,52.24,52.26,50000000.0,50000000.0,0,0,0,0,0,0,39,2026-02-04 20:32:35.002500
EEC,46.96,46.95,46.97,50000000.0,50000000.0,0,0,0,0,0,0,39,2026-02-04 20:32:35.002500
TGX,43.22,43.21,43.23,50000000.0,50000000.0,0,0,0,0,0,0,40,2026-02-04 20:32:36.036332
PHR,46.89,46.88,46.9,50000000.0,50000000.0,0,0,0,0,0,0,40,2026-02-04 20:32:36.036332
BYL,43.88,43.87,43.89,50000000.0,50000000.0,0,0,0,0,0,0,40,2026-02-04 20:32:36.036332
CLD,80.79,80.78,80.8,50000000.0,50000000.0,0,0,0,0,0,0,40,2026-02-04 20:32:36.036332
GGD,31.49,31.48,31.5,50000000.0,50000000.0,0,0,0,0,0,0,40,2026-02-04 20:32:36.036332
PNR,58.91,58.9,58.92,50000000.0,50000000.0,0,0,0,0,0,0,40,2026-02-04 20:32:36.036332
FSR,30.18,30.17,30.19,50000000.0,50000000.0,0,0,0,0,0,0,40,2026-02-04 20:32:36.036332
ATB,63.45,63.44,63.46,50000000.0,50000000.0,0,0,0,0,0,0,40,2026-02-04 20:32:36.036332
SPK,52.33,52.32,52.34,50000000.0,50000000.0,0,0,0,0,0,0,40,2026-02-04 20:32:36.036332
EEC,47.08,47.07,47.09,50000000.0,50000000.0,0,0,0,0,0,0,40,2026-02-04 20:32:36.036332
TGX,42.64,42.63,42.65,50000000.0,50000000.0,0,0,0,0,0,0,41,2026-02-04 20:32:37.095220
PHR,46.99,46.98,47.0,50000000.0,50000000.0,0,0,0,0,0,0,41,2026-02-04 20:32:37.095220
BYL,43.89,43.88,43.9,50000000.0,50000000.0,0,0,0,0,0,0,41,2026-02-04 20:32:37.095220
CLD,80.74,80.73,80.75,50000000.0,50000000.0,0,0,0,0,0,0,41,2026-02-04 20:32:37.095220
GGD,31.45,31.44,31.46,50000000.0,50000000.0,0,0,0,0,0,0,41,2026-02-04 20:32:37.095220
PNR,58.83,58.82,58.84,50000000.0,50000000.0,0,0,0,0,0,0,41,2026-02-04 20:32:37.095220
FSR,30.31,30.3,30.32,50000000.0,50000000.0,0,0,0,0,0,0,41,2026-02-04 20:32:37.095220
ATB,63.63,63.62,63.64,50000000.0,50000000.0,0,0,0,0,0,0,41,2026-02-04 20:32:37.095220
SPK,52.49,52.48,52.5,50000000.0,50000000.0,0,0,0,0,0,0,41,2026-02-04 20:32:37.095220
EEC,47.4,47.39,47.41,50000000.0,50000000.0,0,0,0,0,0,0,41,2026-02-04 20:32:37.095220
TGX,42.62,42.61,42.63,50000000.0,50000000.0,0,0,0,0,0,0,42,2026-02-04 20:32:37.643421
PHR,46.95,46.94,46.96,50000000.0,50000000.0,0,0,0,0,0,0,42,2026-02-04 20:32:37.643421
BYL,43.92,43.91,43.93,50000000.0,50000000.0,0,0,0,0,0,0,42,2026-02-04 20:32:37.643421
CLD,80.8,80.79,80.81,50000000.0,50000000.0,0,0,0,0,0,0,42,2026-02-04 20:32:37.643421
GGD,31.43,31.42,31.44,50000000.0,50000000.0,0,0,0,0,0,0,42,2026-02-04 20:32:37.643421
PNR,58.45,58.44,58.46,50000000.0,50000000.0,0,0,0,0,0,0,42,2026-02-04 20:32:37.643421
FSR,30.33,30.32,30.34,50000000.0,50000000.0,0,0,0,0,0,0,42,2026-02-04 20:32:37.643421
ATB,63.8,63.79,63.81,50000000.0,50000000.0,0,0,0,0,0,0,42,2026-02-04 20:32:37.643421
SPK,52.35,52.34,52.36,50000000.0,50000000.0,0,0,0,0,0,0,42,2026-02-04 20:32:37.643421
EEC,47.07,47.06,47.08,50000000.0,50000000.0,0,0,0,0,0,0,42,2026-02-04 20:32:37.643421
TGX,42.63,42.62,42.64,50000000.0,50000000.0,0,0,0,0,0,0,43,2026-02-04 20:32:38.722903
PHR,46.98,46.97,46.99,50000000.0,50000000.0,0,0,0,0,0,0,43,2026-02-04 20:32:38.722903
BYL,45.12,45.11,45.13,50000000.0,50000000.0,0,0,0,0,0,0,43,2026-02-04 20:32:38.722903
CLD,80.88,80.87,80.89,50000000.0,50000000.0,0,0,0,0,0,0,43,2026-02-04 20:32:38.722903
GGD,31.32,31.31,31.33,50000000.0,50000000.0,0,0,0,0,0,0,43,2026-02-04 20:32:38.722903
PNR,58.28,58.27,58.29,50000000.0,50000000.0,0,0,0,0,0,0,43,2026-02-04 20:32:38.722903
FSR,30.36,30.35,30.37,50000000.0,50000000.0,0,0,0,0,0,0,43,2026-02-04 20:32:38.722903
ATB,63.91,63.9,63.92,50000000.0,50000000.0,0,0,0,0,0,0,43,2026-02-04 20:32:38.722903
SPK,52.21,52.2,52.22,50000000.0,50000000.0,0,0,0,0,0,0,43,2026-02-04 20:32:38.722903
EEC,46.81,46.8,46.82,50000000.0,50000000.0,0,0,0,0,0,0,43,2026-02-04 20:32:38.722903
TGX,42.65,42.64,42.66,50000000.0,50000000.0,0,0,0,0,0,0,44,2026-02-04 20:32:39.780846
PHR,47.06,47.05,47.07,50000000.0,50000000.0,0,0,0,0,0,0,44,2026-02-04 20:32:39.780846
BYL,45.05,45.04,45.06,50000000.0,50000000.0,0,0,0,0,0,0,44,2026-02-04 20:32:39.780846
CLD,80.63,80.62,80.64,50000000.0,50000000.0,0,0,0,0,0,0,44,2026-02-04 20:32:39.780846
GGD,31.29,31.28,31.3,50000000.0,50000000.0,0,0,0,0,0,0,44,2026-02-04 20:32:39.780846
PNR,57.72,57.71,57.73,50000000.0,50000000.0,0,0,0,0,0,0,44,2026-02-04 20:32:39.780846
FSR,30.36,30.35,30.37,50000000.0,50000000.0,0,0,0,0,0,0,44,2026-02-04 20:32:39.780846
ATB,63.86,63.85,63.87,50000000.0,50000000.0,0,0,0,0,0,0,44,2026-02-04 20:32:39.780846
SPK,52.12,52.11,52.13,50000000.0,50000000.0,0,0,0,0,0,0,44,2026-02-04 20:32:39.780846
EEC,46.73,46.72,46.74,50000000.0,50000000.0,0,0,0,0,0,0,44,2026-02-04 20:32:39.780846
TGX,42.64,42.63,42.65,50000000.0,50000000.0,0,0,0,0,0,0,45,2026-02-04 20:32:40.854506
PHR,47.1,47.09,47.11,50000000.0,50000000.0,0,0,0,0,0,0,45,2026-02-04 20:32:40.854506
BYL,45.13,45.12,45.14,50000000.0,50000000.0,0,0,0,0,0,0,45,2026-02-04 20:32:40.854506
CLD,80.77,80.76,80.78,50000000.0,50000000.0,0,0,0,0,0,0,45,2026-02-04 20:32:40.854506
GGD,31.23,31.22,31.24,50000000.0,50000000.0,0,0,0,0,0,0,45,2026-02-04 20:32:40.854506
PNR,57.42,57.41,57.43,50000000.0,50000000.0,0,0,0,0,0,0,45,2026-02-04 20:32:40.854506
FSR,30.33,30.32,30.34,50000000.0,50000000.0,0,0,0,0,0,0,45,2026-02-04 20:32:40.854506
ATB,64.02,64.01,64.03,50000000.0,50000000.0,0,0,0,0,0,0,45,2026-02-04 20:32:40.854506
SPK,52.02,52.01,52.03,50000000.0,50000000.0,0,0,0,0,0,0,45,2026-02-04 20:32:40.854506
EEC,46.55,46.54,46.56,50000000.0,50000000.0,0,0,0,0,0,0,45,2026-02-04 20:32:40.854506
TGX,42.69,42.68,42.7,50000000.0,50000000.0,0,0,0,0,0,0,46,2026-02-04 20:32:41.907967
PHR,47.03,47.02,47.04,50000000.0,50000000.0,0,0,0,0,0,0,46,2026-02-04 20:32:41.907967
BYL,45.36,45.35,45.37,50000000.0,50000000.0,0,0,0,0,0,0,46,2026-02-04 20:32:41.907967
CLD,81.17,81.16,81.18,50000000.0,50000000.0,0,0,0,0,0,0,46,2026-02-04 20:32:41.907967
GGD,31.3,31.29,31.31,50000000.0,50000000.0,0,0,0,0,0,0,46,2026-02-04 20:32:41.907967
PNR,57.67,57.66,57.68,50000000.0,50000000.0,0,0,0,0,0,0,46,2026-02-04 20:32:41.907967
FSR,30.47,30.46,30.48,50000000.0,50000000.0,0,0,0,0,0,0,46,2026-02-04 20:32:41.907967
ATB,63.9,63.89,63.91,50000000.0,50000000.0,0,0,0,0,0,0,46,2026-02-04 20:32:41.907967
SPK,51.78,51.77,51.79,50000000.0,50000000.0,0,0,0,0,0,0,46,2026-02-04 20:32:41.907967
EEC,46.23,46.22,46.24,50000000.0,50000000.0,0,0,0,0,0,0,46,2026-02-04 20:32:41.907967
TGX,42.72,42.71,42.73,50000000.0,50000000.0,0,0,0,0,0,0,47,2026-02-04 20:32:42.957983
PHR,47.01,47.0,47.02,50000000.0,50000000.0,0,0,0,0,0,0,47,2026-02-04 20:32:42.957983
BYL,45.18,45.17,45.19,50000000.0,50000000.0,0,0,0,0,0,0,47,2026-02-04 20:32:42.957983
CLD,80.53,80.52,80.54,50000000.0,50000000.0,0,0,0,0,0,0,47,2026-02-04 20:32:42.957983
GGD,31.36,31.35,31.37,50000000.0,50000000.0,0,0,0,0,0,0,47,2026-02-04 20:32:42.957983
PNR,58.24,58.23,58.25,50000000.0,50000000.0,0,0,0,0,0,0,47,2026-02-04 20:32:42.957983
FSR,30.49,30.48,30.5,50000000.0,50000000.0,0,0,0,0,0,0,47,2026-02-04 20:32:42.957983
ATB,63.87,63.86,63.88,50000000.0,50000000.0,0,0,0,0,0,0,47,2026-02-04 20:32:42.957983
SPK,51.24,51.23,51.25,50000000.0,50000000.0,0,0,0,0,0,0,47,2026-02-04 20:32:42.957983
EEC,46.18,46.17,46.19,50000000.0,50000000.0,0,0,0,0,0,0,47,2026-02-04 20:32:42.957983
TGX,42.77,42.76,42.78,50000000.0,50000000.0,0,0,0,0,0,0,48,2026-02-04 20:32:44.011180
PHR,46.98,46.97,46.99,50000000.0,50000000.0,0,0,0,0,0,0,48,2026-02-04 20:32:44.011180
BYL,45.16,45.15,45.17,50000000.0,50000000.0,0,0,0,0,0,0,48,2026-02-04 20:32:44.011180
CLD,80.47,80.46,80.48,50000000.0,50000000.0,0,0,0,0,0,0,48,2026-02-04 20:32:44.011180
GGD,31.34,31.33,31.35,50000000.0,50000000.0,0,0,0,0,0,0,48,2026-02-04 20:32:44.011180
PNR,58.18,58.17,58.19,50000000.0,50000000.0,0,0,0,0,0,0,48,2026-02-04 20:32:44.011180
FSR,30.47,30.46,30.48,50000000.0,50000000.0,0,0,0,0,0,0,48,2026-02-04 20:32:44.011180
ATB,63.7,63.69,63.71,50000000.0,50000000.0,0,0,0,0,0,0,48,2026-02-04 20:32:44.011180
SPK,51.18,51.17,51.19,50000000.0,50000000.0,0,0,0,0,0,0,48,2026-02-04 20:32:44.011180
EEC,46.11,46.1,46.12,50000000.0,50000000.0,0,0,0,0,0,0,48,2026-02-04 20:32:44.011180
TGX,42.75,42.74,42.76,50000000.0,50000000.0,0,0,0,0,0,0,49,2026-02-04 20:32:45.054249
PHR,46.99,46.98,47.0,50000000.0,50000000.0,0,0,0,0,0,0,49,2026-02-04 20:32:45.054249
BYL,45.08,45.07,45.09,50000000.0,50000000.0,0,0,0,0,0,0,49,2026-02-04 20:32:45.054249
CLD,80.33,80.32,80.34,50000000.0,50000000.0,0,0,0,0,0,0,49,2026-02-04 20:32:45.054249
GGD,31.3,31.29,31.31,50000000.0,50000000.0,0,0,0,0,0,0,49,2026-02-04 20:32:45.054249
PNR,58.05,58.04,58.06,50000000.0,50000000.0,0,0,0,0,0,0,49,2026-02-04 20:32:45.054249
FSR,30.38,30.37,30.39,50000000.0,50000000.0,0,0,0,0,0,0,49,2026-02-04 20:32:45.054249
ATB,63.93,63.92,63.94,50000000.0,50000000.0,0,0,0,0,0,0,49,2026-02-04 20:32:45.054249
SPK,50.94,50.93,50.95,50000000.0,50000000.0,0,0,0,0,0,0,49,2026-02-04 20:32:45.054249
EEC,46.21,46.2,46.22,50000000.0,50000000.0,0,0,0,0,0,0,49,2026-02-04 20:32:45.054249
TGX,42.72,42.71,42.73,50000000.0,50000000.0,0,0,0,0,0,0,50,2026-02-04 20:32:46.094926
PHR,46.85,46.84,46.86,50000000.0,50000000.0,0,0,0,0,0,0,50,2026-02-04 20:32:46.094926
BYL,45.18,45.17,45.19,50000000.0,50000000.0,0,0,0,0,0,0,50,2026-02-04 20:32:46.094926
CLD,80.51,80.5,80.52,50000000.0,50000000.0,0,0,0,0,0,0,50,2026-02-04 20:32:46.094926
GGD,31.32,31.31,31.33,50000000.0,50000000.0,0,0,0,0,0,0,50,2026-02-04 20:32:46.094926
PNR,58.57,58.56,58.58,50000000.0,50000000.0,0,0,0,0,0,0,50,2026-02-04 20:32:46.094926
FSR,30.84,30.83,30.85,50000000.0,50000000.0,0,0,0,0,0,0,50,2026-02-04 20:32:46.094926
ATB,63.99,63.98,64.0,50000000.0,50000000.0,0,0,0,0,0,0,50,2026-02-04 20:32:46.094926
SPK,50.8,50.79,50.81,50000000.0,50000000.0,0,0,0,0,0,0,50,2026-02-04 20:32:46.094926
EEC,45.8,45.79,45.81,50000000.0,50000000.0,0,0,0,0,0,0,50,2026-02-04 20:32:46.094926
TGX,42.73,42.72,42.74,50000000.0,50000000.0,0,0,0,0,0,0,51,2026-02-04 20:32:46.633800
PHR,46.8,46.79,46.81,50000000.0,50000000.0,0,0,0,0,0,0,51,2026-02-04 20:32:46.633800
BYL,45.27,45.26,45.28,50000000.0,50000000.0,0,0,0,0,0,0,51,2026-02-04 20:32:46.633800
CLD,80.75,80.74,80.76,50000000.0,50000000.0,0,0,0,0,0,0,51,2026-02-04 20:32:46.633800
GGD,31.32,31.31,31.33,50000000.0,50000000.0,0,0,0,0,0,0,51,2026-02-04 20:32:46.633800
PNR,58.72,58.71,58.73,50000000.0,50000000.0,0,0,0,0,0,0,51,2026-02-04 20:32:46.633800
FSR,30.8,30.79,30.81,50000000.0,50000000.0,0,0,0,0,0,0,51,2026-02-04 20:32:46.633800
ATB,63.83,63.82,63.84,50000000.0,50000000.0,0,0,0,0,0,0,51,2026-02-04 20:32:46.633800
SPK,50.88,50.87,50.89,50000000.0,50000000.0,0,0,0,0,0,0,51,2026-02-04 20:32:46.633800
EEC,46.07,46.06,46.08,50000000.0,50000000.0,0,0,0,0,0,0,51,2026-02-04 20:32:46.633800
TGX,42.75,42.74,42.76,50000000.0,50000000.0,0,0,0,0,0,0,52,2026-02-04 20:32:47.678938
PHR,46.72,46.71,46.73,50000000.0,50000000.0,0,0,0,0,0,0,52,2026-02-04 20:32:47.678938
BYL,45.28,45.27,45.29,50000000.0,50000000.0,0,0,0,0,0,0,52,2026-02-04 20:32:47.678938
CLD,80.79,80.78,80.8,50000000.0,50000000.0,0,0,0,0,0,0,52,2026-02-04 20:32:47.678938
GGD,31.31,31.3,31.32,50000000.0,50000000.0,0,0,0,0,0,0,52,2026-02-04 20:32:47.678938
PNR,59.13,59.12,59.14,50000000.0,50000000.0,0,0,0,0,0,0,52,2026-02-04 20:32:47.678938
FSR,30.77,30.76,30.78,50000000.0,50000000.0,0,0,0,0,0,0,52,2026-02-04 20:32:47.678938
ATB,63.95,63.94,63.96,50000000.0,50000000.0,0,0,0,0,0,0,52,2026-02-04 20:32:47.678938
SPK,50.92,50.91,50.93,50000000.0,50000000.0,0,0,0,0,0,0,52,2026-02-04 20:32:47.678938
EEC,46.35,46.34,46.36,50000000.0,50000000.0,0,0,0,0,0,0,52,2026-02-04 20:32:47.678938
TGX,42.77,42.76,42.78,50000000.0,50000000.0,0,0,0,0,0,0,53,2026-02-04 20:32:48.724862
PHR,46.66,46.65,46.67,50000000.0,50000000.0,0,0,0,0,0,0,53,2026-02-04 20:32:48.724862
BYL,45.35,45.34,45.36,50000000.0,50000000.0,0,0,0,0,0,0,53,2026-02-04 20:32:48.724862
CLD,80.89,80.88,80.9,50000000.0,50000000.0,0,0,0,0,0,0,53,2026-02-04 20:32:48.724862
GGD,31.24,31.23,31.25,50000000.0,50000000.0,0,0,0,0,0,0,53,2026-02-04 20:32:48.724862
PNR,58.65,58.64,58.66,50000000.0,50000000.0,0,0,0,0,0,0,53,2026-02-04 20:32:48.724862
FSR,30.76,30.75,30.77,50000000.0,50000000.0,0,0,0,0,0,0,53,2026-02-04 20:32:48.724862
ATB,63.87,63.86,63.88,50000000.0,50000000.0,0,0,0,0,0,0,53,2026-02-04 20:32:48.724862
SPK,50.93,50.92,50.94,50000000.0,50000000.0,0,0,0,0,0,0,53,2026-02-04 20:32:48.724862
EEC,46.33,46.32,46.34,50000000.0,50000000.0,0,0,0,0,0,0,53,2026-02-04 20:32:48.724862
TGX,42.75,42.74,42.76,50000000.0,50000000.0,0,0,0,0,0,0,54,2026-02-04 20:32:49.771108
PHR,46.82,46.81,46.83,50000000.0,50000000.0,0,0,0,0,0,0,54,2026-02-04 20:32:49.771108
BYL,45.54,45.53,45.55,50000000.0,50000000.0,0,0,0,0,0,0,54,2026-02-04 20:32:49.771108
CLD,81.24,81.23,81.25,50000000.0,50000000.0,0,0,0,0,0,0,54,2026-02-04 20:32:49.771108
GGD,31.28,31.27,31.29,50000000.0,50000000.0,0,0,0,0,0,0,54,2026-02-04 20:32:49.771108
PNR,58.93,58.92,58.94,50000000.0,50000000.0,0,0,0,0,0,0,54,2026-02-04 20:32:49.771108
FSR,30.78,30.77,30.79,50000000.0,50000000.0,0,0,0,0,0,0,54,2026-02-04 20:32:49.771108
ATB,63.68,63.67,63.69,50000000.0,50000000.0,0,0,0,0,0,0,54,2026-02-04 20:32:49.771108
SPK,50.96,50.95,50.97,50000000.0,50000000.0,0,0,0,0,0,0,54,2026-02-04 20:32:49.771108
EEC,46.25,46.24,46.26,50000000.0,50000000.0,0,0,0,0,0,0,54,2026-02-04 20:32:49.771108
TGX,42.72,42.71,42.73,50000000.0,50000000.0,0,0,0,0,0,0,55,2026-02-04 20:32:50.822473
PHR,46.93,46.92,46.94,50000000.0,50000000.0,0,0,0,0,0,0,55,2026-02-04 20:32:50.822473
BYL,45.75,45.74,45.76,50000000.0,50000000.0,0,0,0,0,0,0,55,2026-02-04 20:32:50.822473
CLD,81.63,81.62,81.64,50000000.0,50000000.0,0,0,0,0,0,0,55,2026-02-04 20:32:50.822473
GGD,31.29,31.28,31.3,50000000.0,50000000.0,0,0,0,0,0,0,55,2026-02-04 20:32:50.822473
PNR,58.99,58.98,59.0,50000000.0,50000000.0,0,0,0,0,0,0,55,2026-02-04 20:32:50.822473
FSR,31.19,31.18,31.2,50000000.0,50000000.0,0,0,0,0,0,0,55,2026-02-04 20:32:50.822473
ATB,63.61,63.6,63.62,50000000.0,50000000.0,0,0,0,0,0,0,55,2026-02-04 20:32:50.822473
SPK,50.87,50.86,50.88,50000000.0,50000000.0,0,0,0,0,0,0,55,2026-02-04 20:32:50.822473
EEC,46.08,46.07,46.09,50000000.0,50000000.0,0,0,0,0,0,0,55,2026-02-04 20:32:50.822473
TGX,42.72,42.71,42.73,50000000.0,50000000.0,0,0,0,0,0,0,56,2026-02-04 20:32:51.871839
PHR,46.96,46.95,46.97,50000000.0,50000000.0,0,0,0,0,0,0,56,2026-02-04 20:32:51.871839
BYL,45.82,45.81,45.83,50000000.0,50000000.0,0,0,0,0,0,0,56,2026-02-04 20:32:51.871839
CLD,81.78,81.77,81.79,50000000.0,50000000.0,0,0,0,0,0,0,56,2026-02-04 20:32:51.871839
GGD,31.35,31.34,31.36,50000000.0,50000000.0,0,0,0,0,0,0,56,2026-02-04 20:32:51.871839
PNR,59.24,59.23,59.25,50000000.0,50000000.0,0,0,0,0,0,0,56,2026-02-04 20:32:51.871839
FSR,31.26,31.25,31.27,50000000.0,50000000.0,0,0,0,0,0,0,56,2026-02-04 20:32:51.871839
ATB,63.71,63.7,63.72,50000000.0,50000000.0,0,0,0,0,0,0,56,2026-02-04 20:32:51.871839
SPK,50.87,50.86,50.88,50000000.0,50000000.0,0,0,0,0,0,0,56,2026-02-04 20:32:51.871839
EEC,46.08,46.07,46.09,50000000.0,50000000.0,0,0,0,0,0,0,56,2026-02-04 20:32:51.871839
TGX,42.71,42.7,42.72,50000000.0,50000000.0,0,0,0,0,0,0,57,2026-02-04 20:32:52.918178
PHR,46.95,46.94,46.96,50000000.0,50000000.0,0,0,0,0,0,0,57,2026-02-04 20:32:52.918178
BYL,45.84,45.83,45.85,50000000.0,50000000.0,0,0,0,0,0,0,57,2026-02-04 20:32:52.918178
CLD,81.92,81.91,81.93,50000000.0,50000000.0,0,0,0,0,0,0,57,2026-02-04 20:32:52.918178
GGD,31.37,31.36,31.38,50000000.0,50000000.0,0,0,0,0,0,0,57,2026-02-04 20:32:52.918178
PNR,59.16,59.15,59.17,50000000.0,50000000.0,0,0,0,0,0,0,57,2026-02-04 20:32:52.918178
FSR,31.26,31.25,31.27,50000000.0,50000000.0,0,0,0,0,0,0,57,2026-02-04 20:32:52.918178
ATB,63.48,63.47,63.49,50000000.0,50000000.0,0,0,0,0,0,0,57,2026-02-04 20:32:52.918178
SPK,51.0,50.99,51.01,50000000.0,50000000.0,0,0,0,0,0,0,57,2026-02-04 20:32:52.918178
EEC,46.34,46.33,46.35,50000000.0,50000000.0,0,0,0,0,0,0,57,2026-02-04 20:32:52.918178
TGX,42.69,42.68,42.7,50000000.0,50000000.0,0,0,0,0,0,0,58,2026-02-04 20:32:53.969145
PHR,47.02,47.01,47.03,50000000.0,50000000.0,0,0,0,0,0,0,58,2026-02-04 20:32:53.969145
BYL,45.82,45.81,45.83,50000000.0,50000000.0,0,0,0,0,0,0,58,2026-02-04 20:32:53.969145
CLD,82.04,82.03,82.05,50000000.0,50000000.0,0,0,0,0,0,0,58,2026-02-04 20:32:53.969145
GGD,31.5,31.49,31.51,50000000.0,50000000.0,0,0,0,0,0,0,58,2026-02-04 20:32:53.969145
PNR,59.44,59.43,59.45,50000000.0,50000000.0,0,0,0,0,0,0,58,2026-02-04 20:32:53.969145
FSR,31.23,31.22,31.24,50000000.0,50000000.0,0,0,0,0,0,0,58,2026-02-04 20:32:53.969145
ATB,63.44,63.43,63.45,50000000.0,50000000.0,0,0,0,0,0,0,58,2026-02-04 20:32:53.969145
SPK,50.96,50.95,50.97,50000000.0,50000000.0,0,0,0,0,0,0,58,2026-02-04 20:32:53.969145
EEC,46.36,46.35,46.37,50000000.0,50000000.0,0,0,0,0,0,0,58,2026-02-04 20:32:53.969145
TGX,42.69,42.68,42.7,50000000.0,50000000.0,0,0,0,0,0,0,59,2026-02-04 20:32:55.034493
PHR,47.1,47.09,47.11,50000000.0,50000000.0,0,0,0,0,0,0,59,2026-02-04 20:32:55.034493
BYL,45.82,45.81,45.83,50000000.0,50000000.0,0,0,0,0,0,0,59,2026-02-04 20:32:55.034493
CLD,82.22,82.21,82.23,50000000.0,50000000.0,0,0,0,0,0,0,59,2026-02-04 20:32:55.034493
GGD,31.57,31.56,31.58,50000000.0,50000000.0,0,0,0,0,0,0,59,2026-02-04 20:32:55.034493
PNR,59.59,59.58,59.6,50000000.0,50000000.0,0,0,0,0,0,0,59,2026-02-04 20:32:55.034493
FSR,31.32,31.31,31.33,50000000.0,50000000.0,0,0,0,0,0,0,59,2026-02-04 20:32:55.034493
ATB,63.64,63.63,63.65,50000000.0,50000000.0,0,0,0,0,0,0,59,2026-02-04 20:32:55.034493
SPK,50.95,50.94,50.96,50000000.0,50000000.0,0,0,0,0,0,0,59,2026-02-04 20:32:55.034493
EEC,46.4,46.39,46.41,50000000.0,50000000.0,0,0,0,0,0,0,59,2026-02-04 20:32:55.034493
TGX,42.67,42.66,42.68,50000000.0,50000000.0,0,0,0,0,0,0,60,2026-02-04 20:32:56.104104
PHR,47.3,47.29,47.31,50000000.0,50000000.0,0,0,0,0,0,0,60,2026-02-04 20:32:56.104104
BYL,45.68,45.67,45.69,50000000.0,50000000.0,0,0,0,0,0,0,60,2026-02-04 20:32:56.104104
CLD,81.9,81.89,81.91,50000000.0,50000000.0,0,0,0,0,0,0,60,2026-02-04 20:32:56.104104
GGD,31.64,31.63,31.65,50000000.0,50000000.0,0,0,0,0,0,0,60,2026-02-04 20:32:56.104104
PNR,60.1,60.09,60.11,50000000.0,50000000.0,0,0,0,0,0,0,60,2026-02-04 20:32:56.104104
FSR,31.36,31.35,31.37,50000000.0,50000000.0,0,0,0,0,0,0,60,2026-02-04 20:32:56.104104
ATB,63.29,63.28,63.3,50000000.0,50000000.0,0,0,0,0,0,0,60,2026-02-04 20:32:56.104104
SPK,50.89,50.88,50.9,50000000.0,50000000.0,0,0,0,0,0,0,60,2026-02-04 20:32:56.104104
EEC,46.17,46.16,46.18,50000000.0,50000000.0,0,0,0,0,0,0,60,2026-02-04 20:32:56.104104
TGX,42.64,42.63,42.65,50000000.0,50000000.0,0,0,0,0,0,0,61,2026-02-04 20:32:57.144210,8.0,1.0,60.0,ALL,Mixed Economic Data Creates Cross-Currents for Deal Markets,"A batch of economic releases has produced conflicting signals about the trajectory of the business cycle, with employment figures exceeding expectations while manufacturing and consumer sentiment data disappointed. The mixed picture complicates the outlook for deal financing, regulatory posture, and strategic rationale across pending transactions. Equity market reaction has been muted as investors weigh competing implications, and deal spread movements have been modest and directionless. Economists note that the data supports multiple competing narratives about the economic outlook."
PHR,47.26,47.25,47.27,50000000.0,50000000.0,0,0,0,0,0,0,61,2026-02-04 20:32:57.144210,,,,,,
BYL,45.46,45.45,45.47,50000000.0,50000000.0,0,0,0,0,0,0,61,2026-02-04 20:32:57.144210,,,,,,
CLD,81.4,81.39,81.41,50000000.0,50000000.0,0,0,0,0,0,0,61,2026-02-04 20:32:57.144210,,,,,,
GGD,31.69,31.68,31.7,50000000.0,50000000.0,0,0,0,0,0,0,61,2026-02-04 20:32:57.144210,,,,,,
PNR,60.63,60.62,60.64,50000000.0,50000000.0,0,0,0,0,0,0,61,2026-02-04 20:32:57.144210,,,,,,
FSR,31.38,31.37,31.39,50000000.0,50000000.0,0,0,0,0,0,0,61,2026-02-04 20:32:57.144210,,,,,,
ATB,63.3,63.29,63.31,50000000.0,50000000.0,0,0,0,0,0,0,61,2026-02-04 20:32:57.144210,,,,,,
SPK,50.93,50.92,50.94,50000000.0,50000000.0,0,0,0,0,0,0,61,2026-02-04 20:32:57.144210,,,,,,
EEC,46.21,46.2,46.22,50000000.0,50000000.0,0,0,0,0,0,0,61,2026-02-04 20:32:57.144210,,,,,,
TGX,42.63,42.61,42.63,50000000.0,50000000.0,0,0,0,0,0,0,62,2026-02-04 20:32:58.191408
PHR,47.39,47.38,47.4,50000000.0,50000000.0,0,0,0,0,0,0,62,2026-02-04 20:32:58.191408
BYL,45.4,45.39,45.41,50000000.0,50000000.0,0,0,0,0,0,0,62,2026-02-04 20:32:58.191408
CLD,81.39,81.38,81.4,50000000.0,50000000.0,0,0,0,0,0,0,62,2026-02-04 20:32:58.191408
GGD,31.73,31.72,31.74,50000000.0,50000000.0,0,0,0,0,0,0,62,2026-02-04 20:32:58.191408
PNR,60.86,60.85,60.87,50000000.0,50000000.0,0,0,0,0,0,0,62,2026-02-04 20:32:58.191408
FSR,31.42,31.41,31.43,50000000.0,50000000.0,0,0,0,0,0,0,62,2026-02-04 20:32:58.191408
ATB,63.03,63.02,63.04,50000000.0,50000000.0,0,0,0,0,0,0,62,2026-02-04 20:32:58.191408
SPK,50.9,50.88,50.9,50000000.0,50000000.0,0,0,0,0,0,0,62,2026-02-04 20:32:58.191408
EEC,46.28,46.27,46.29,50000000.0,50000000.0,0,0,0,0,0,0,62,2026-02-04 20:32:58.191408
TGX,42.6,42.59,42.61,50000000.0,50000000.0,0,0,0,0,0,0,63,2026-02-04 20:32:58.730805
PHR,47.12,47.11,47.13,50000000.0,50000000.0,0,0,0,0,0,0,63,2026-02-04 20:32:58.730805
BYL,45.34,45.33,45.35,50000000.0,50000000.0,0,0,0,0,0,0,63,2026-02-04 20:32:58.730805
CLD,81.29,81.28,81.3,50000000.0,50000000.0,0,0,0,0,0,0,63,2026-02-04 20:32:58.730805
GGD,31.68,31.67,31.69,50000000.0,50000000.0,0,0,0,0,0,0,63,2026-02-04 20:32:58.730805
PNR,60.63,60.62,60.64,50000000.0,50000000.0,0,0,0,0,0,0,63,2026-02-04 20:32:58.730805
FSR,31.43,31.42,31.44,50000000.0,50000000.0,0,0,0,0,0,0,63,2026-02-04 20:32:58.730805
ATB,62.82,62.81,62.83,50000000.0,50000000.0,0,0,0,0,0,0,63,2026-02-04 20:32:58.730805
SPK,50.85,50.84,50.86,50000000.0,50000000.0,0,0,0,0,0,0,63,2026-02-04 20:32:58.730805
EEC,46.28,46.27,46.29,50000000.0,50000000.0,0,0,0,0,0,0,63,2026-02-04 20:32:58.730805
TGX,42.62,42.61,42.63,50000000.0,50000000.0,0,0,0,0,0,0,64,2026-02-04 20:32:59.780265
PHR,47.26,47.25,47.27,50000000.0,50000000.0,0,0,0,0,0,0,64,2026-02-04 20:32:59.780265
BYL,45.29,45.28,45.3,50000000.0,50000000.0,0,0,0,0,0,0,64,2026-02-04 20:32:59.780265
CLD,81.19,81.18,81.2,50000000.0,50000000.0,0,0,0,0,0,0,64,2026-02-04 20:32:59.780265
GGD,31.63,31.62,31.64,50000000.0,50000000.0,0,0,0,0,0,0,64,2026-02-04 20:32:59.780265
PNR,60.96,60.95,60.97,50000000.0,50000000.0,0,0,0,0,0,0,64,2026-02-04 20:32:59.780265
FSR,31.45,31.44,31.46,50000000.0,50000000.0,0,0,0,0,0,0,64,2026-02-04 20:32:59.780265
ATB,62.89,62.88,62.9,50000000.0,50000000.0,0,0,0,0,0,0,64,2026-02-04 20:32:59.780265
SPK,50.79,50.78,50.8,50000000.0,50000000.0,0,0,0,0,0,0,64,2026-02-04 20:32:59.780265
EEC,46.21,46.2,46.22,50000000.0,50000000.0,0,0,0,0,0,0,64,2026-02-04 20:32:59.780265
TGX,42.6,42.59,42.61,50000000.0,50000000.0,0,0,0,0,0,0,65,2026-02-04 20:33:00.823352
PHR,47.22,47.21,47.23,50000000.0,50000000.0,0,0,0,0,0,0,65,2026-02-04 20:33:00.823352
BYL,45.3,45.29,45.31,50000000.0,50000000.0,0,0,0,0,0,0,65,2026-02-04 20:33:00.823352
CLD,81.19,81.18,81.2,50000000.0,50000000.0,0,0,0,0,0,0,65,2026-02-04 20:33:00.823352
GGD,31.64,31.63,31.65,50000000.0,50000000.0,0,0,0,0,0,0,65,2026-02-04 20:33:00.823352
PNR,60.41,60.4,60.42,50000000.0,50000000.0,0,0,0,0,0,0,65,2026-02-04 20:33:00.823352
FSR,31.4,31.39,31.41,50000000.0,50000000.0,0,0,0,0,0,0,65,2026-02-04 20:33:00.823352
ATB,62.99,62.98,63.0,50000000.0,50000000.0,0,0,0,0,0,0,65,2026-02-04 20:33:00.823352
SPK,50.86,50.85,50.87,50000000.0,50000000.0,0,0,0,0,0,0,65,2026-02-04 20:33:00.823352
EEC,46.43,46.42,46.44,50000000.0,50000000.0,0,0,0,0,0,0,65,2026-02-04 20:33:00.823352
TGX,42.57,42.56,42.58,50000000.0,50000000.0,0,0,0,0,0,0,66,2026-02-04 20:33:01.865826
PHR,47.27,47.26,47.28,50000000.0,50000000.0,0,0,0,0,0,0,66,2026-02-04 20:33:01.865826
BYL,45.35,45.34,45.36,50000000.0,50000000.0,0,0,0,0,0,0,66,2026-02-04 20:33:01.865826
CLD,81.38,81.37,81.39,50000000.0,50000000.0,0,0,0,0,0,0,66,2026-02-04 20:33:01.865826
GGD,31.66,31.65,31.67,50000000.0,50000000.0,0,0,0,0,0,0,66,2026-02-04 20:33:01.865826
PNR,60.5,60.49,60.51,50000000.0,50000000.0,0,0,0,0,0,0,66,2026-02-04 20:33:01.865826
FSR,31.41,31.4,31.42,50000000.0,50000000.0,0,0,0,0,0,0,66,2026-02-04 20:33:01.865826
ATB,63.07,63.06,63.08,50000000.0,50000000.0,0,0,0,0,0,0,66,2026-02-04 20:33:01.865826
SPK,50.73,50.72,50.74,50000000.0,50000000.0,0,0,0,0,0,0,66,2026-02-04 20:33:01.865826
EEC,46.18,46.17,46.19,50000000.0,50000000.0,0,0,0,0,0,0,66,2026-02-04 20:33:01.865826
TGX,42.56,42.55,42.57,50000000.0,50000000.0,0,0,0,0,0,0,67,2026-02-04 20:33:02.909619
PHR,47.38,47.37,47.39,50000000.0,50000000.0,0,0,0,0,0,0,67,2026-02-04 20:33:02.909619
BYL,45.49,45.48,45.5,50000000.0,50000000.0,0,0,0,0,0,0,67,2026-02-04 20:33:02.909619
CLD,81.5,81.49,81.51,50000000.0,50000000.0,0,0,0,0,0,0,67,2026-02-04 20:33:02.909619
GGD,31.68,31.67,31.69,50000000.0,50000000.0,0,0,0,0,0,0,67,2026-02-04 20:33:02.909619
PNR,60.78,60.77,60.79,50000000.0,50000000.0,0,0,0,0,0,0,67,2026-02-04 20:33:02.909619
FSR,31.37,31.36,31.38,50000000.0,50000000.0,0,0,0,0,0,0,67,2026-02-04 20:33:02.909619
ATB,63.01,63.0,63.02,50000000.0,50000000.0,0,0,0,0,0,0,67,2026-02-04 20:33:02.909619
SPK,50.64,50.63,50.65,50000000.0,50000000.0,0,0,0,0,0,0,67,2026-02-04 20:33:02.909619
EEC,46.16,46.15,46.17,50000000.0,50000000.0,0,0,0,0,0,0,67,2026-02-04 20:33:02.909619
TGX,42.59,42.58,42.6,50000000.0,50000000.0,0,0,0,0,0,0,68,2026-02-04 20:33:03.953621
PHR,47.36,47.35,47.37,50000000.0,50000000.0,0,0,0,0,0,0,68,2026-02-04 20:33:03.953621
BYL,45.57,45.56,45.58,50000000.0,50000000.0,0,0,0,0,0,0,68,2026-02-04 20:33:03.953621
CLD,81.61,81.6,81.62,50000000.0,50000000.0,0,0,0,0,0,0,68,2026-02-04 20:33:03.953621
GGD,31.71,31.7,31.72,50000000.0,50000000.0,0,0,0,0,0,0,68,2026-02-04 20:33:03.953621
PNR,60.89,60.88,60.9,50000000.0,50000000.0,0,0,0,0,0,0,68,2026-02-04 20:33:03.953621
FSR,31.35,31.34,31.36,50000000.0,50000000.0,0,0,0,0,0,0,68,2026-02-04 20:33:03.953621
ATB,62.85,62.84,62.86,50000000.0,50000000.0,0,0,0,0,0,0,68,2026-02-04 20:33:03.953621
SPK,50.51,50.5,50.52,50000000.0,50000000.0,0,0,0,0,0,0,68,2026-02-04 20:33:03.953621
EEC,45.73,45.72,45.74,50000000.0,50000000.0,0,0,0,0,0,0,68,2026-02-04 20:33:03.953621
TGX,42.6,42.59,42.61,50000000.0,50000000.0,0,0,0,0,0,0,69,2026-02-04 20:33:04.992644
PHR,47.38,47.37,47.39,50000000.0,50000000.0,0,0,0,0,0,0,69,2026-02-04 20:33:04.992644
BYL,45.75,45.74,45.76,50000000.0,50000000.0,0,0,0,0,0,0,69,2026-02-04 20:33:04.992644
CLD,82.01,82.0,82.02,50000000.0,50000000.0,0,0,0,0,0,0,69,2026-02-04 20:33:04.992644
GGD,31.76,31.75,31.77,50000000.0,50000000.0,0,0,0,0,0,0,69,2026-02-04 20:33:04.992644
PNR,61.26,61.25,61.27,50000000.0,50000000.0,0,0,0,0,0,0,69,2026-02-04 20:33:04.992644
FSR,31.28,31.27,31.29,50000000.0,50000000.0,0,0,0,0,0,0,69,2026-02-04 20:33:04.992644
ATB,63.17,63.16,63.18,50000000.0,50000000.0,0,0,0,0,0,0,69,2026-02-04 20:33:04.992644
SPK,50.37,50.36,50.38,50000000.0,50000000.0,0,0,0,0,0,0,69,2026-02-04 20:33:04.992644
EEC,45.55,45.54,45.56,50000000.0,50000000.0,0,0,0,0,0,0,69,2026-02-04 20:33:04.992644
TGX,42.57,42.56,42.58,50000000.0,50000000.0,0,0,0,0,0,0,70,2026-02-04 20:33:06.044196
PHR,47.24,47.23,47.25,50000000.0,50000000.0,0,0,0,0,0,0,70,2026-02-04 20:33:06.044196
BYL,45.68,45.67,45.69,50000000.0,50000000.0,0,0,0,0,0,0,70,2026-02-04 20:33:06.044196
CLD,81.8,81.79,81.81,50000000.0,50000000.0,0,0,0,0,0,0,70,2026-02-04 20:33:06.044196
GGD,31.74,31.73,31.75,50000000.0,50000000.0,0,0,0,0,0,0,70,2026-02-04 20:33:06.044196
PNR,60.99,60.98,61.0,50000000.0,50000000.0,0,0,0,0,0,0,70,2026-02-04 20:33:06.044196
FSR,31.34,31.33,31.35,50000000.0,50000000.0,0,0,0,0,0,0,70,2026-02-04 20:33:06.044196
ATB,62.81,62.8,62.82,50000000.0,50000000.0,0,0,0,0,0,0,70,2026-02-04 20:33:06.044196
SPK,50.55,50.54,50.56,50000000.0,50000000.0,0,0,0,0,0,0,70,2026-02-04 20:33:06.044196
EEC,45.85,45.84,45.86,50000000.0,50000000.0,0,0,0,0,0,0,70,2026-02-04 20:33:06.044196
TGX,42.58,42.57,42.59,50000000.0,50000000.0,0,0,0,0,0,0,71,2026-02-04 20:33:07.082263
PHR,47.32,47.31,47.33,50000000.0,50000000.0,0,0,0,0,0,0,71,2026-02-04 20:33:07.082263
BYL,45.81,45.8,45.82,50000000.0,50000000.0,0,0,0,0,0,0,71,2026-02-04 20:33:07.082263
CLD,82.04,82.03,82.05,50000000.0,50000000.0,0,0,0,0,0,0,71,2026-02-04 20:33:07.082263
GGD,31.61,31.6,31.62,50000000.0,50000000.0,0,0,0,0,0,0,71,2026-02-04 20:33:07.082263
PNR,60.61,60.6,60.62,50000000.0,50000000.0,0,0,0,0,0,0,71,2026-02-04 20:33:07.082263
FSR,31.32,31.31,31.33,50000000.0,50000000.0,0,0,0,0,0,0,71,2026-02-04 20:33:07.082263
ATB,62.68,62.67,62.69,50000000.0,50000000.0,0,0,0,0,0,0,71,2026-02-04 20:33:07.082263
SPK,50.5,50.49,50.51,50000000.0,50000000.0,0,0,0,0,0,0,71,2026-02-04 20:33:07.082263
EEC,45.59,45.58,45.6,50000000.0,50000000.0,0,0,0,0,0,0,71,2026-02-04 20:33:07.082263
TGX,42.61,42.6,42.62,50000000.0,50000000.0,0,0,0,0,0,0,72,2026-02-04 20:33:08.115509
PHR,47.31,47.3,47.32,50000000.0,50000000.0,0,0,0,0,0,0,72,2026-02-04 20:33:08.115509
BYL,45.82,45.81,45.83,50000000.0,50000000.0,0,0,0,0,0,0,72,2026-02-04 20:33:08.115509
CLD,82.08,82.07,82.09,50000000.0,50000000.0,0,0,0,0,0,0,72,2026-02-04 20:33:08.115509
GGD,31.54,31.53,31.55,50000000.0,50000000.0,0,0,0,0,0,0,72,2026-02-04 20:33:08.115509
PNR,60.51,60.5,60.52,50000000.0,50000000.0,0,0,0,0,0,0,72,2026-02-04 20:33:08.115509
FSR,31.3,31.29,31.31,50000000.0,50000000.0,0,0,0,0,0,0,72,2026-02-04 20:33:08.115509
ATB,62.74,62.73,62.75,50000000.0,50000000.0,0,0,0,0,0,0,72,2026-02-04 20:33:08.115509
SPK,50.61,50.6,50.62,50000000.0,50000000.0,0,0,0,0,0,0,72,2026-02-04 20:33:08.115509
EEC,45.78,45.77,45.79,50000000.0,50000000.0,0,0,0,0,0,0,72,2026-02-04 20:33:08.115509
TGX,42.61,42.6,42.62,50000000.0,50000000.0,0,0,0,0,0,0,73,2026-02-04 20:33:09.156533
PHR,47.26,47.25,47.27,50000000.0,50000000.0,0,0,0,0,0,0,73,2026-02-04 20:33:09.156533
BYL,45.74,45.73,45.75,50000000.0,50000000.0,0,0,0,0,0,0,73,2026-02-04 20:33:09.156533
CLD,81.98,81.97,81.99,50000000.0,50000000.0,0,0,0,0,0,0,73,2026-02-04 20:33:09.156533
GGD,31.5,31.49,31.51,50000000.0,50000000.0,0,0,0,0,0,0,73,2026-02-04 20:33:09.156533
PNR,60.63,60.62,60.64,50000000.0,50000000.0,0,0,0,0,0,0,73,2026-02-04 20:33:09.156533
FSR,31.29,31.28,31.3,50000000.0,50000000.0,0,0,0,0,0,0,73,2026-02-04 20:33:09.156533
ATB,62.8,62.79,62.81,50000000.0,50000000.0,0,0,0,0,0,0,73,2026-02-04 20:33:09.156533
SPK,50.53,50.52,50.54,50000000.0,50000000.0,0,0,0,0,0,0,73,2026-02-04 20:33:09.156533
EEC,45.8,45.79,45.81,50000000.0,50000000.0,0,0,0,0,0,0,73,2026-02-04 20:33:09.156533
TGX,42.61,42.6,42.62,50000000.0,50000000.0,0,0,0,0,0,0,74,2026-02-04 20:33:09.787550
PHR,47.23,47.22,47.24,50000000.0,50000000.0,0,0,0,0,0,0,74,2026-02-04 20:33:09.787550
BYL,45.76,45.75,45.77,50000000.0,50000000.0,0,0,0,0,0,0,74,2026-02-04 20:33:09.787550
CLD,82.24,82.23,82.25,50000000.0,50000000.0,0,0,0,0,0,0,74,2026-02-04 20:33:09.787550
GGD,31.58,31.57,31.59,50000000.0,50000000.0,0,0,0,0,0,0,74,2026-02-04 20:33:09.787550
PNR,60.48,60.47,60.49,50000000.0,50000000.0,0,0,0,0,0,0,74,2026-02-04 20:33:09.787550
FSR,31.39,31.38,31.4,50000000.0,50000000.0,0,0,0,0,0,0,74,2026-02-04 20:33:09.787550
ATB,62.72,62.71,62.73,50000000.0,50000000.0,0,0,0,0,0,0,74,2026-02-04 20:33:09.787550
SPK,50.53,50.52,50.54,50000000.0,50000000.0,0,0,0,0,0,0,74,2026-02-04 20:33:09.787550
EEC,45.67,45.66,45.68,50000000.0,50000000.0,0,0,0,0,0,0,74,2026-02-04 20:33:09.787550
TGX,42.63,42.62,42.64,50000000.0,50000000.0,0,0,0,0,0,0,75,2026-02-04 20:33:10.842914
PHR,47.21,47.2,47.22,50000000.0,50000000.0,0,0,0,0,0,0,75,2026-02-04 20:33:10.842914
BYL,45.9,45.89,45.91,50000000.0,50000000.0,0,0,0,0,0,0,75,2026-02-04 20:33:10.842914
CLD,82.55,82.54,82.56,50000000.0,50000000.0,0,0,0,0,0,0,75,2026-02-04 20:33:10.842914
GGD,31.64,31.63,31.65,50000000.0,50000000.0,0,0,0,0,0,0,75,2026-02-04 20:33:10.842914
PNR,60.79,60.78,60.8,50000000.0,50000000.0,0,0,0,0,0,0,75,2026-02-04 20:33:10.842914
FSR,31.46,31.45,31.47,50000000.0,50000000.0,0,0,0,0,0,0,75,2026-02-04 20:33:10.842914
ATB,62.39,62.38,62.4,50000000.0,50000000.0,0,0,0,0,0,0,75,2026-02-04 20:33:10.842914
SPK,50.78,50.77,50.79,50000000.0,50000000.0,0,0,0,0,0,0,75,2026-02-04 20:33:10.842914
EEC,46.08,46.07,46.09,50000000.0,50000000.0,0,0,0,0,0,0,75,2026-02-04 20:33:10.842914
TGX,42.83,42.82,42.84,50000000.0,50000000.0,0,0,0,0,0,0,76,2026-02-04 20:33:11.898820,9.0,1.0,75.0,D3-GGD/PNR,Industry Conference Generates Transaction Speculation,"Attendees at a major energy infrastructure conference report heightened corridor discussion regarding the GreenGrid/PetroNorth transaction, with mixed signals from industry executives and advisors. Some sources describe renewed interest from potential strategic parties, while others characterize the speculation as routine conference chatter without substantive backing. No formal approaches have been confirmed through regulatory filings."
PHR,47.19,47.18,47.2,50000000.0,50000000.0,0,0,0,0,0,0,76,2026-02-04 20:33:11.898820,,,,,,
BYL,45.88,45.87,45.89,50000000.0,50000000.0,0,0,0,0,0,0,76,2026-02-04 20:33:11.898820,,,,,,
CLD,82.43,82.42,82.44,50000000.0,50000000.0,0,0,0,0,0,0,76,2026-02-04 20:33:11.898820,,,,,,
GGD,31.23,31.22,31.24,50000000.0,50000000.0,0,0,0,0,0,0,76,2026-02-04 20:33:11.898820,,,,,,
PNR,60.88,60.87,60.89,50000000.0,50000000.0,0,0,0,0,0,0,76,2026-02-04 20:33:11.898820,,,,,,
FSR,31.17,31.16,31.18,50000000.0,50000000.0,0,0,0,0,0,0,76,2026-02-04 20:33:11.898820,,,,,,
ATB,62.45,62.44,62.46,50000000.0,50000000.0,0,0,0,0,0,0,76,2026-02-04 20:33:11.898820,,,,,,
SPK,50.79,50.78,50.8,50000000.0,50000000.0,0,0,0,0,0,0,76,2026-02-04 20:33:11.898820,,,,,,
EEC,45.94,45.93,45.95,50000000.0,50000000.0,0,0,0,0,0,0,76,2026-02-04 20:33:11.898820,,,,,,
TGX,43.05,43.04,43.06,50000000.0,50000000.0,0,0,0,0,0,0,77,2026-02-04 20:33:12.950019
PHR,47.46,47.45,47.47,50000000.0,50000000.0,0,0,0,0,0,0,77,2026-02-04 20:33:12.950019
BYL,45.72,45.71,45.73,50000000.0,50000000.0,0,0,0,0,0,0,77,2026-02-04 20:33:12.950019
CLD,82.13,82.12,82.14,50000000.0,50000000.0,0,0,0,0,0,0,77,2026-02-04 20:33:12.950019
GGD,30.81,30.8,30.82,50000000.0,50000000.0,0,0,0,0,0,0,77,2026-02-04 20:33:12.950019
PNR,61.25,61.24,61.26,50000000.0,50000000.0,0,0,0,0,0,0,77,2026-02-04 20:33:12.950019
FSR,31.23,31.22,31.24,50000000.0,50000000.0,0,0,0,0,0,0,77,2026-02-04 20:33:12.950019
ATB,62.47,62.46,62.48,50000000.0,50000000.0,0,0,0,0,0,0,77,2026-02-04 20:33:12.950019
SPK,50.76,50.75,50.77,50000000.0,50000000.0,0,0,0,0,0,0,77,2026-02-04 20:33:12.950019
EEC,45.92,45.91,45.93,50000000.0,50000000.0,0,0,0,0,0,0,77,2026-02-04 20:33:12.950019
TGX,43.03,43.02,43.04,50000000.0,50000000.0,0,0,0,0,0,0,78,2026-02-04 20:33:14.003552
PHR,47.5,47.49,47.51,50000000.0,50000000.0,0,0,0,0,0,0,78,2026-02-04 20:33:14.003552
BYL,45.76,45.75,45.77,50000000.0,50000000.0,0,0,0,0,0,0,78,2026-02-04 20:33:14.003552
CLD,82.17,82.16,82.18,50000000.0,50000000.0,0,0,0,0,0,0,78,2026-02-04 20:33:14.003552
GGD,30.28,30.27,30.29,50000000.0,50000000.0,0,0,0,0,0,0,78,2026-02-04 20:33:14.003552
PNR,61.69,61.68,61.7,50000000.0,50000000.0,0,0,0,0,0,0,78,2026-02-04 20:33:14.003552
FSR,31.2,31.19,31.21,50000000.0,50000000.0,0,0,0,0,0,0,78,2026-02-04 20:33:14.003552
ATB,62.21,62.2,62.22,50000000.0,50000000.0,0,0,0,0,0,0,78,2026-02-04 20:33:14.003552
SPK,50.89,50.88,50.9,50000000.0,50000000.0,0,0,0,0,0,0,78,2026-02-04 20:33:14.003552
EEC,46.08,46.07,46.09,50000000.0,50000000.0,0,0,0,0,0,0,78,2026-02-04 20:33:14.003552
TGX,43.05,43.04,43.06,50000000.0,50000000.0,0,0,0,0,0,0,79,2026-02-04 20:33:15.048692,10.0,1.0,78.0,ALL,Trade Policy Revisions Announced With Cross-Sector Impact,"The administration has announced revisions to trade policy affecting technology exports, energy imports, and cross-border financial services. The changes include modified tariff schedules, updated export licensing requirements, and revised frameworks for foreign investment review. Technology companies with significant international revenue exposure face the most direct impact, while energy transactions may benefit or suffer depending on the specific commodity flows affected. Compliance counsel for pending transactions are evaluating whether the changes trigger material adverse change provisions in existing merger agreements."
PHR,47.55,47.54,47.56,50000000.0,50000000.0,0,0,0,0,0,0,79,2026-02-04 20:33:15.048692,,,,,,
BYL,45.52,45.51,45.53,50000000.0,50000000.0,0,0,0,0,0,0,79,2026-02-04 20:33:15.048692,,,,,,
CLD,81.82,81.81,81.83,50000000.0,50000000.0,0,0,0,0,0,0,79,2026-02-04 20:33:15.048692,,,,,,
GGD,30.26,30.25,30.27,50000000.0,50000000.0,0,0,0,0,0,0,79,2026-02-04 20:33:15.048692,,,,,,
PNR,61.75,61.74,61.76,50000000.0,50000000.0,0,0,0,0,0,0,79,2026-02-04 20:33:15.048692,,,,,,
FSR,31.12,31.11,31.13,50000000.0,50000000.0,0,0,0,0,0,0,79,2026-02-04 20:33:15.048692,,,,,,
ATB,61.84,61.83,61.85,50000000.0,50000000.0,0,0,0,0,0,0,79,2026-02-04 20:33:15.048692,,,,,,
SPK,50.95,50.94,50.96,50000000.0,50000000.0,0,0,0,0,0,0,79,2026-02-04 20:33:15.048692,,,,,,
EEC,46.27,46.26,46.28,50000000.0,50000000.0,0,0,0,0,0,0,79,2026-02-04 20:33:15.048692,,,,,,
TGX,43.02,43.01,43.03,50000000.0,50000000.0,0,0,0,0,0,0,80,2026-02-04 20:33:16.115756
PHR,47.58,47.57,47.59,50000000.0,50000000.0,0,0,0,0,0,0,80,2026-02-04 20:33:16.115756
BYL,45.55,45.54,45.56,50000000.0,50000000.0,0,0,0,0,0,0,80,2026-02-04 20:33:16.115756
CLD,81.83,81.82,81.84,50000000.0,50000000.0,0,0,0,0,0,0,80,2026-02-04 20:33:16.115756
GGD,29.71,29.7,29.72,50000000.0,50000000.0,0,0,0,0,0,0,80,2026-02-04 20:33:16.115756
PNR,61.93,61.92,61.94,50000000.0,50000000.0,0,0,0,0,0,0,80,2026-02-04 20:33:16.115756
FSR,31.08,31.07,31.09,50000000.0,50000000.0,0,0,0,0,0,0,80,2026-02-04 20:33:16.115756
ATB,62.22,62.21,62.23,50000000.0,50000000.0,0,0,0,0,0,0,80,2026-02-04 20:33:16.115756
SPK,51.11,51.1,51.12,50000000.0,50000000.0,0,0,0,0,0,0,80,2026-02-04 20:33:16.115756
EEC,46.75,46.74,46.76,50000000.0,50000000.0,0,0,0,0,0,0,80,2026-02-04 20:33:16.115756
TGX,43.01,43.0,43.02,50000000.0,50000000.0,0,0,0,0,0,0,81,2026-02-04 20:33:17.168769,11.0,1.0,80.0,D1-TGX/PHR,Material Adverse Change Clause Concern,"Analysts raise questions about whether recent clinical trial setback at Targenix could trigger the MAC clause, potentially allowing Pharmaco to walk away."
PHR,47.61,47.6,47.62,50000000.0,50000000.0,0,0,0,0,0,0,81,2026-02-04 20:33:17.168769,,,,,,
BYL,45.4,45.39,45.41,50000000.0,50000000.0,0,0,0,0,0,0,81,2026-02-04 20:33:17.168769,,,,,,
CLD,81.46,81.45,81.47,50000000.0,50000000.0,0,0,0,0,0,0,81,2026-02-04 20:33:17.168769,,,,,,
GGD,29.69,29.68,29.7,50000000.0,50000000.0,0,0,0,0,0,0,81,2026-02-04 20:33:17.168769,,,,,,
PNR,61.86,61.85,61.87,50000000.0,50000000.0,0,0,0,0,0,0,81,2026-02-04 20:33:17.168769,,,,,,
FSR,31.06,31.05,31.07,50000000.0,50000000.0,0,0,0,0,0,0,81,2026-02-04 20:33:17.168769,,,,,,
ATB,62.42,62.41,62.43,50000000.0,50000000.0,0,0,0,0,0,0,81,2026-02-04 20:33:17.168769,,,,,,
SPK,50.91,50.9,50.92,50000000.0,50000000.0,0,0,0,0,0,0,81,2026-02-04 20:33:17.168769,,,,,,
EEC,46.17,46.16,46.18,50000000.0,50000000.0,0,0,0,0,0,0,81,2026-02-04 20:33:17.168769,,,,,,
TGX,43.04,43.03,43.05,50000000.0,50000000.0,0,0,0,0,0,0,82,2026-02-04 20:33:18.216867
PHR,47.6,47.59,47.61,50000000.0,50000000.0,0,0,0,0,0,0,82,2026-02-04 20:33:18.216867
BYL,45.4,45.39,45.41,50000000.0,50000000.0,0,0,0,0,0,0,82,2026-02-04 20:33:18.216867
CLD,81.27,81.26,81.28,50000000.0,50000000.0,0,0,0,0,0,0,82,2026-02-04 20:33:18.216867
GGD,29.71,29.7,29.72,50000000.0,50000000.0,0,0,0,0,0,0,82,2026-02-04 20:33:18.216867
PNR,62.13,62.12,62.14,50000000.0,50000000.0,0,0,0,0,0,0,82,2026-02-04 20:33:18.216867
FSR,31.13,31.12,31.14,50000000.0,50000000.0,0,0,0,0,0,0,82,2026-02-04 20:33:18.216867
ATB,62.29,62.28,62.3,50000000.0,50000000.0,0,0,0,0,0,0,82,2026-02-04 20:33:18.216867
SPK,50.91,50.9,50.92,50000000.0,50000000.0,0,0,0,0,0,0,82,2026-02-04 20:33:18.216867
EEC,46.18,46.17,46.19,50000000.0,50000000.0,0,0,0,0,0,0,82,2026-02-04 20:33:18.216867
TGX,43.04,43.03,43.05,50000000.0,50000000.0,0,0,0,0,0,0,83,2026-02-04 20:33:19.263436
PHR,47.55,47.54,47.56,50000000.0,50000000.0,0,0,0,0,0,0,83,2026-02-04 20:33:19.263436
BYL,45.26,45.25,45.27,50000000.0,50000000.0,0,0,0,0,0,0,83,2026-02-04 20:33:19.263436
CLD,80.91,80.9,80.92,50000000.0,50000000.0,0,0,0,0,0,0,83,2026-02-04 20:33:19.263436
GGD,29.61,29.6,29.62,50000000.0,50000000.0,0,0,0,0,0,0,83,2026-02-04 20:33:19.263436
PNR,62.2,62.19,62.21,50000000.0,50000000.0,0,0,0,0,0,0,83,2026-02-04 20:33:19.263436
FSR,31.1,31.09,31.11,50000000.0,50000000.0,0,0,0,0,0,0,83,2026-02-04 20:33:19.263436
ATB,62.48,62.47,62.49,50000000.0,50000000.0,0,0,0,0,0,0,83,2026-02-04 20:33:19.263436
SPK,50.98,50.97,50.99,50000000.0,50000000.0,0,0,0,0,0,0,83,2026-02-04 20:33:19.263436
EEC,46.35,46.34,46.36,50000000.0,50000000.0,0,0,0,0,0,0,83,2026-02-04 20:33:19.263436
TGX,43.02,43.01,43.03,50000000.0,50000000.0,0,0,0,0,0,0,84,2026-02-04 20:33:20.316503
PHR,47.54,47.53,47.55,50000000.0,50000000.0,0,0,0,0,0,0,84,2026-02-04 20:33:20.316503
BYL,45.22,45.21,45.23,50000000.0,50000000.0,0,0,0,0,0,0,84,2026-02-04 20:33:20.316503
CLD,80.87,80.86,80.88,50000000.0,50000000.0,0,0,0,0,0,0,84,2026-02-04 20:33:20.316503
GGD,29.6,29.59,29.61,50000000.0,50000000.0,0,0,0,0,0,0,84,2026-02-04 20:33:20.316503
PNR,62.14,62.13,62.15,50000000.0,50000000.0,0,0,0,0,0,0,84,2026-02-04 20:33:20.316503
FSR,31.07,31.06,31.08,50000000.0,50000000.0,0,0,0,0,0,0,84,2026-02-04 20:33:20.316503
ATB,62.32,62.31,62.33,50000000.0,50000000.0,0,0,0,0,0,0,84,2026-02-04 20:33:20.316503
SPK,50.96,50.95,50.97,50000000.0,50000000.0,0,0,0,0,0,0,84,2026-02-04 20:33:20.316503
EEC,46.27,46.26,46.28,50000000.0,50000000.0,0,0,0,0,0,0,84,2026-02-04 20:33:20.316503
TGX,43.01,43.0,43.02,50000000.0,50000000.0,0,0,0,0,0,0,85,2026-02-04 20:33:20.873518
PHR,47.5,47.49,47.51,50000000.0,50000000.0,0,0,0,0,0,0,85,2026-02-04 20:33:20.873518
BYL,44.84,44.83,44.85,50000000.0,50000000.0,0,0,0,0,0,0,85,2026-02-04 20:33:20.873518
CLD,80.87,80.86,80.88,50000000.0,50000000.0,0,0,0,0,0,0,85,2026-02-04 20:33:20.873518
GGD,29.54,29.53,29.55,50000000.0,50000000.0,0,0,0,0,0,0,85,2026-02-04 20:33:20.873518
PNR,62.21,62.2,62.22,50000000.0,50000000.0,0,0,0,0,0,0,85,2026-02-04 20:33:20.873518
FSR,31.03,31.02,31.04,50000000.0,50000000.0,0,0,0,0,0,0,85,2026-02-04 20:33:20.873518
ATB,62.43,62.42,62.44,50000000.0,50000000.0,0,0,0,0,0,0,85,2026-02-04 20:33:20.873518
SPK,51.03,51.02,51.04,50000000.0,50000000.0,0,0,0,0,0,0,85,2026-02-04 20:33:20.873518
EEC,46.32,46.31,46.33,50000000.0,50000000.0,0,0,0,0,0,0,85,2026-02-04 20:33:20.873518
TGX,43.02,43.01,43.03,50000000.0,50000000.0,0,0,0,0,0,0,86,2026-02-04 20:33:21.950963
PHR,47.64,47.63,47.65,50000000.0,50000000.0,0,0,0,0,0,0,86,2026-02-04 20:33:21.950963
BYL,44.7,44.69,44.71,50000000.0,50000000.0,0,0,0,0,0,0,86,2026-02-04 20:33:21.950963
CLD,80.45,80.44,80.46,50000000.0,50000000.0,0,0,0,0,0,0,86,2026-02-04 20:33:21.950963
GGD,29.57,29.56,29.58,50000000.0,50000000.0,0,0,0,0,0,0,86,2026-02-04 20:33:21.950963
PNR,62.26,62.25,62.27,50000000.0,50000000.0,0,0,0,0,0,0,86,2026-02-04 20:33:21.950963
FSR,31.02,31.01,31.03,50000000.0,50000000.0,0,0,0,0,0,0,86,2026-02-04 20:33:21.950963
ATB,62.75,62.74,62.76,50000000.0,50000000.0,0,0,0,0,0,0,86,2026-02-04 20:33:21.950963
SPK,51.09,51.08,51.1,50000000.0,50000000.0,0,0,0,0,0,0,86,2026-02-04 20:33:21.950963
EEC,46.43,46.42,46.44,50000000.0,50000000.0,0,0,0,0,0,0,86,2026-02-04 20:33:21.950963
TGX,43.01,43.0,43.02,50000000.0,50000000.0,0,0,0,0,0,0,87,2026-02-04 20:33:23.038135,12.0,1.0,86.0,D1-TGX/PHR,Industry Conference Generates Transaction Speculation,"Attendees at a major pharmaceutical conference report heightened corridor discussion regarding the Targenix/Pharmaco transaction, with mixed signals from industry executives and advisors. Some sources describe renewed interest from potential strategic parties, while others characterize the speculation as routine conference chatter without substantive backing. No formal approaches have been confirmed through regulatory filings."
PHR,47.67,47.66,47.68,50000000.0,50000000.0,0,0,0,0,0,0,87,2026-02-04 20:33:23.038135,,,,,,
BYL,44.69,44.68,44.7,50000000.0,50000000.0,0,0,0,0,0,0,87,2026-02-04 20:33:23.038135,,,,,,
CLD,80.48,80.47,80.49,50000000.0,50000000.0,0,0,0,0,0,0,87,2026-02-04 20:33:23.038135,,,,,,
GGD,29.57,29.56,29.58,50000000.0,50000000.0,0,0,0,0,0,0,87,2026-02-04 20:33:23.038135,,,,,,
PNR,62.44,62.43,62.45,50000000.0,50000000.0,0,0,0,0,0,0,87,2026-02-04 20:33:23.038135,,,,,,
FSR,31.06,31.05,31.07,50000000.0,50000000.0,0,0,0,0,0,0,87,2026-02-04 20:33:23.038135,,,,,,
ATB,62.82,62.81,62.83,50000000.0,50000000.0,0,0,0,0,0,0,87,2026-02-04 20:33:23.038135,,,,,,
SPK,51.13,51.12,51.14,50000000.0,50000000.0,0,0,0,0,0,0,87,2026-02-04 20:33:23.038135,,,,,,
EEC,46.54,46.53,46.55,50000000.0,50000000.0,0,0,0,0,0,0,87,2026-02-04 20:33:23.038135,,,,,,
TGX,43.01,43.0,43.02,50000000.0,50000000.0,0,0,0,0,0,0,88,2026-02-04 20:33:24.144050
PHR,47.66,47.65,47.67,50000000.0,50000000.0,0,0,0,0,0,0,88,2026-02-04 20:33:24.144050
BYL,44.7,44.69,44.71,50000000.0,50000000.0,0,0,0,0,0,0,88,2026-02-04 20:33:24.144050
CLD,80.33,80.32,80.34,50000000.0,50000000.0,0,0,0,0,0,0,88,2026-02-04 20:33:24.144050
GGD,29.53,29.52,29.54,50000000.0,50000000.0,0,0,0,0,0,0,88,2026-02-04 20:33:24.144050
PNR,62.33,62.32,62.34,50000000.0,50000000.0,0,0,0,0,0,0,88,2026-02-04 20:33:24.144050
FSR,31.07,31.06,31.08,50000000.0,50000000.0,0,0,0,0,0,0,88,2026-02-04 20:33:24.144050
ATB,62.89,62.88,62.9,50000000.0,50000000.0,0,0,0,0,0,0,88,2026-02-04 20:33:24.144050
SPK,51.16,51.15,51.17,50000000.0,50000000.0,0,0,0,0,0,0,88,2026-02-04 20:33:24.144050
EEC,46.76,46.75,46.77,50000000.0,50000000.0,0,0,0,0,0,0,88,2026-02-04 20:33:24.144050
TGX,43.03,43.02,43.04,50000000.0,50000000.0,0,0,0,0,0,0,89,2026-02-04 20:33:25.203046
PHR,47.72,47.71,47.73,50000000.0,50000000.0,0,0,0,0,0,0,89,2026-02-04 20:33:25.203046
BYL,44.65,44.64,44.66,50000000.0,50000000.0,0,0,0,0,0,0,89,2026-02-04 20:33:25.203046
CLD,80.34,80.33,80.35,50000000.0,50000000.0,0,0,0,0,0,0,89,2026-02-04 20:33:25.203046
GGD,29.48,29.47,29.49,50000000.0,50000000.0,0,0,0,0,0,0,89,2026-02-04 20:33:25.203046
PNR,62.31,62.3,62.32,50000000.0,50000000.0,0,0,0,0,0,0,89,2026-02-04 20:33:25.203046
FSR,31.11,31.1,31.12,50000000.0,50000000.0,0,0,0,0,0,0,89,2026-02-04 20:33:25.203046
ATB,62.68,62.67,62.69,50000000.0,50000000.0,0,0,0,0,0,0,89,2026-02-04 20:33:25.203046
SPK,51.27,51.26,51.28,50000000.0,50000000.0,0,0,0,0,0,0,89,2026-02-04 20:33:25.203046
EEC,46.93,46.92,46.94,50000000.0,50000000.0,0,0,0,0,0,0,89,2026-02-04 20:33:25.203046
TGX,43.05,43.04,43.06,50000000.0,50000000.0,0,0,0,0,0,0,90,2026-02-04 20:33:26.244759
PHR,47.72,47.71,47.73,50000000.0,50000000.0,0,0,0,0,0,0,90,2026-02-04 20:33:26.244759
BYL,44.83,44.82,44.84,50000000.0,50000000.0,0,0,0,0,0,0,90,2026-02-04 20:33:26.244759
CLD,80.61,80.6,80.62,50000000.0,50000000.0,0,0,0,0,0,0,90,2026-02-04 20:33:26.244759
GGD,29.53,29.52,29.54,50000000.0,50000000.0,0,0,0,0,0,0,90,2026-02-04 20:33:26.244759
PNR,62.33,62.32,62.34,50000000.0,50000000.0,0,0,0,0,0,0,90,2026-02-04 20:33:26.244759
FSR,31.09,31.08,31.1,50000000.0,50000000.0,0,0,0,0,0,0,90,2026-02-04 20:33:26.244759
ATB,62.47,62.46,62.48,50000000.0,50000000.0,0,0,0,0,0,0,90,2026-02-04 20:33:26.244759
SPK,51.32,51.31,51.33,50000000.0,50000000.0,0,0,0,0,0,0,90,2026-02-04 20:33:26.244759
EEC,47.09,47.08,47.1,50000000.0,50000000.0,0,0,0,0,0,0,90,2026-02-04 20:33:26.244759
TGX,43.11,43.1,43.12,50000000.0,50000000.0,0,0,0,0,0,0,91,2026-02-04 20:33:27.295527
PHR,47.74,47.73,47.75,50000000.0,50000000.0,0,0,0,0,0,0,91,2026-02-04 20:33:27.295527
BYL,44.8,44.79,44.81,50000000.0,50000000.0,0,0,0,0,0,0,91,2026-02-04 20:33:27.295527
CLD,80.44,80.43,80.45,50000000.0,50000000.0,0,0,0,0,0,0,91,2026-02-04 20:33:27.295527
GGD,29.51,29.5,29.52,50000000.0,50000000.0,0,0,0,0,0,0,91,2026-02-04 20:33:27.295527
PNR,61.95,61.94,61.96,50000000.0,50000000.0,0,0,0,0,0,0,91,2026-02-04 20:33:27.295527
FSR,31.07,31.06,31.08,50000000.0,50000000.0,0,0,0,0,0,0,91,2026-02-04 20:33:27.295527
ATB,62.51,62.5,62.52,50000000.0,50000000.0,0,0,0,0,0,0,91,2026-02-04 20:33:27.295527
SPK,51.4,51.39,51.41,50000000.0,50000000.0,0,0,0,0,0,0,91,2026-02-04 20:33:27.295527
EEC,47.2,47.19,47.21,50000000.0,50000000.0,0,0,0,0,0,0,91,2026-02-04 20:33:27.295527
TGX,43.09,43.08,43.1,50000000.0,50000000.0,0,0,0,0,0,0,92,2026-02-04 20:33:28.337790
PHR,47.65,47.64,47.66,50000000.0,50000000.0,0,0,0,0,0,0,92,2026-02-04 20:33:28.337790
BYL,44.81,44.8,44.82,50000000.0,50000000.0,0,0,0,0,0,0,92,2026-02-04 20:33:28.337790
CLD,80.44,80.43,80.45,50000000.0,50000000.0,0,0,0,0,0,0,92,2026-02-04 20:33:28.337790
GGD,29.53,29.52,29.54,50000000.0,50000000.0,0,0,0,0,0,0,92,2026-02-04 20:33:28.337790
PNR,61.81,61.8,61.82,50000000.0,50000000.0,0,0,0,0,0,0,92,2026-02-04 20:33:28.337790
FSR,31.13,31.12,31.14,50000000.0,50000000.0,0,0,0,0,0,0,92,2026-02-04 20:33:28.337790
ATB,62.61,62.6,62.62,50000000.0,50000000.0,0,0,0,0,0,0,92,2026-02-04 20:33:28.337790
SPK,51.41,51.4,51.42,50000000.0,50000000.0,0,0,0,0,0,0,92,2026-02-04 20:33:28.337790
EEC,47.08,47.07,47.09,50000000.0,50000000.0,0,0,0,0,0,0,92,2026-02-04 20:33:28.337790
TGX,43.08,43.07,43.09,50000000.0,50000000.0,0,0,0,0,0,0,93,2026-02-04 20:33:28.878945
PHR,47.59,47.58,47.6,50000000.0,50000000.0,0,0,0,0,0,0,93,2026-02-04 20:33:28.878945
BYL,44.89,44.88,44.9,50000000.0,50000000.0,0,0,0,0,0,0,93,2026-02-04 20:33:28.878945
CLD,80.56,80.55,80.57,50000000.0,50000000.0,0,0,0,0,0,0,93,2026-02-04 20:33:28.878945
GGD,29.43,29.42,29.44,50000000.0,50000000.0,0,0,0,0,0,0,93,2026-02-04 20:33:28.878945
PNR,61.72,61.71,61.73,50000000.0,50000000.0,0,0,0,0,0,0,93,2026-02-04 20:33:28.878945
FSR,31.13,31.12,31.14,50000000.0,50000000.0,0,0,0,0,0,0,93,2026-02-04 20:33:28.878945
ATB,62.66,62.65,62.67,50000000.0,50000000.0,0,0,0,0,0,0,93,2026-02-04 20:33:28.878945
SPK,51.15,51.14,51.16,50000000.0,50000000.0,0,0,0,0,0,0,93,2026-02-04 20:33:28.878945
EEC,46.52,46.51,46.53,50000000.0,50000000.0,0,0,0,0,0,0,93,2026-02-04 20:33:28.878945
TGX,43.1,43.09,43.11,50000000.0,50000000.0,0,0,0,0,0,0,94,2026-02-04 20:33:29.927442
PHR,47.42,47.41,47.43,50000000.0,50000000.0,0,0,0,0,0,0,94,2026-02-04 20:33:29.927442
BYL,44.69,44.68,44.7,50000000.0,50000000.0,0,0,0,0,0,0,94,2026-02-04 20:33:29.927442
CLD,80.01,80.0,80.02,50000000.0,50000000.0,0,0,0,0,0,0,94,2026-02-04 20:33:29.927442
GGD,29.5,29.49,29.51,50000000.0,50000000.0,0,0,0,0,0,0,94,2026-02-04 20:33:29.927442
PNR,61.82,61.81,61.83,50000000.0,50000000.0,0,0,0,0,0,0,94,2026-02-04 20:33:29.927442
FSR,31.17,31.16,31.18,50000000.0,50000000.0,0,0,0,0,0,0,94,2026-02-04 20:33:29.927442
ATB,62.64,62.63,62.65,50000000.0,50000000.0,0,0,0,0,0,0,94,2026-02-04 20:33:29.927442
SPK,51.14,51.13,51.15,50000000.0,50000000.0,0,0,0,0,0,0,94,2026-02-04 20:33:29.927442
EEC,46.45,46.44,46.46,50000000.0,50000000.0,0,0,0,0,0,0,94,2026-02-04 20:33:29.927442
TGX,43.09,43.08,43.1,50000000.0,50000000.0,0,0,0,0,0,0,95,2026-02-04 20:33:30.973992
PHR,47.3,47.29,47.31,50000000.0,50000000.0,0,0,0,0,0,0,95,2026-02-04 20:33:30.973992
BYL,44.58,44.57,44.59,50000000.0,50000000.0,0,0,0,0,0,0,95,2026-02-04 20:33:30.973992
CLD,79.77,79.76,79.78,50000000.0,50000000.0,0,0,0,0,0,0,95,2026-02-04 20:33:30.973992
GGD,29.52,29.51,29.53,50000000.0,50000000.0,0,0,0,0,0,0,95,2026-02-04 20:33:30.973992
PNR,62.43,62.42,62.44,50000000.0,50000000.0,0,0,0,0,0,0,95,2026-02-04 20:33:30.973992
FSR,31.08,31.07,31.09,50000000.0,50000000.0,0,0,0,0,0,0,95,2026-02-04 20:33:30.973992
ATB,62.55,62.54,62.56,50000000.0,50000000.0,0,0,0,0,0,0,95,2026-02-04 20:33:30.973992
SPK,51.15,51.14,51.16,50000000.0,50000000.0,0,0,0,0,0,0,95,2026-02-04 20:33:30.973992
EEC,46.61,46.6,46.62,50000000.0,50000000.0,0,0,0,0,0,0,95,2026-02-04 20:33:30.973992
TGX,43.08,43.07,43.09,50000000.0,50000000.0,0,0,0,0,0,0,96,2026-02-04 20:33:32.021010
PHR,47.21,47.2,47.22,50000000.0,50000000.0,0,0,0,0,0,0,96,2026-02-04 20:33:32.021010
BYL,44.6,44.59,44.61,50000000.0,50000000.0,0,0,0,0,0,0,96,2026-02-04 20:33:32.021010
CLD,79.61,79.6,79.62,50000000.0,50000000.0,0,0,0,0,0,0,96,2026-02-04 20:33:32.021010
GGD,29.56,29.55,29.57,50000000.0,50000000.0,0,0,0,0,0,0,96,2026-02-04 20:33:32.021010
PNR,62.48,62.47,62.49,50000000.0,50000000.0,0,0,0,0,0,0,96,2026-02-04 20:33:32.021010
FSR,31.06,31.05,31.07,50000000.0,50000000.0,0,0,0,0,0,0,96,2026-02-04 20:33:32.021010
ATB,62.39,62.38,62.4,50000000.0,50000000.0,0,0,0,0,0,0,96,2026-02-04 20:33:32.021010
SPK,51.27,51.26,51.28,50000000.0,50000000.0,0,0,0,0,0,0,96,2026-02-04 20:33:32.021010
EEC,46.83,46.82,46.84,50000000.0,50000000.0,0,0,0,0,0,0,96,2026-02-04 20:33:32.021010
TGX,43.08,43.07,43.09,50000000.0,50000000.0,0,0,0,0,0,0,97,2026-02-04 20:33:33.058696
PHR,46.99,46.98,47.0,50000000.0,50000000.0,0,0,0,0,0,0,97,2026-02-04 20:33:33.058696
BYL,44.74,44.73,44.75,50000000.0,50000000.0,0,0,0,0,0,0,97,2026-02-04 20:33:33.058696
CLD,79.94,79.93,79.95,50000000.0,50000000.0,0,0,0,0,0,0,97,2026-02-04 20:33:33.058696
GGD,29.59,29.58,29.6,50000000.0,50000000.0,0,0,0,0,0,0,97,2026-02-04 20:33:33.058696
PNR,62.98,62.97,62.99,50000000.0,50000000.0,0,0,0,0,0,0,97,2026-02-04 20:33:33.058696
FSR,31.12,31.11,31.13,50000000.0,50000000.0,0,0,0,0,0,0,97,2026-02-04 20:33:33.058696
ATB,62.35,62.34,62.36,50000000.0,50000000.0,0,0,0,0,0,0,97,2026-02-04 20:33:33.058696
SPK,50.96,50.95,50.97,50000000.0,50000000.0,0,0,0,0,0,0,97,2026-02-04 20:33:33.058696
EEC,46.57,46.56,46.58,50000000.0,50000000.0,0,0,0,0,0,0,97,2026-02-04 20:33:33.058696
TGX,43.06,43.05,43.07,50000000.0,50000000.0,0,0,0,0,0,0,98,2026-02-04 20:33:34.099627
PHR,47.2,47.19,47.21,50000000.0,50000000.0,0,0,0,0,0,0,98,2026-02-04 20:33:34.099627
BYL,44.61,44.6,44.62,50000000.0,50000000.0,0,0,0,0,0,0,98,2026-02-04 20:33:34.099627
CLD,79.83,79.82,79.84,50000000.0,50000000.0,0,0,0,0,0,0,98,2026-02-04 20:33:34.099627
GGD,29.63,29.62,29.64,50000000.0,50000000.0,0,0,0,0,0,0,98,2026-02-04 20:33:34.099627
PNR,63.14,63.13,63.15,50000000.0,50000000.0,0,0,0,0,0,0,98,2026-02-04 20:33:34.099627
FSR,31.04,31.03,31.05,50000000.0,50000000.0,0,0,0,0,0,0,98,2026-02-04 20:33:34.099627
ATB,62.52,62.51,62.53,50000000.0,50000000.0,0,0,0,0,0,0,98,2026-02-04 20:33:34.099627
SPK,50.65,50.64,50.66,50000000.0,50000000.0,0,0,0,0,0,0,98,2026-02-04 20:33:34.099627
EEC,46.32,46.31,46.33,50000000.0,50000000.0,0,0,0,0,0,0,98,2026-02-04 20:33:34.099627
TGX,43.08,43.07,43.09,50000000.0,50000000.0,0,0,0,0,0,0,99,2026-02-04 20:33:35.142073
PHR,47.21,47.2,47.22,50000000.0,50000000.0,0,0,0,0,0,0,99,2026-02-04 20:33:35.142073
BYL,44.54,44.53,44.55,50000000.0,50000000.0,0,0,0,0,0,0,99,2026-02-04 20:33:35.142073
CLD,79.67,79.66,79.68,50000000.0,50000000.0,0,0,0,0,0,0,99,2026-02-04 20:33:35.142073
GGD,29.62,29.61,29.63,50000000.0,50000000.0,0,0,0,0,0,0,99,2026-02-04 20:33:35.142073
PNR,62.8,62.79,62.81,50000000.0,50000000.0,0,0,0,0,0,0,99,2026-02-04 20:33:35.142073
FSR,31.09,31.08,31.1,50000000.0,50000000.0,0,0,0,0,0,0,99,2026-02-04 20:33:35.142073
ATB,62.47,62.46,62.48,50000000.0,50000000.0,0,0,0,0,0,0,99,2026-02-04 20:33:35.142073
SPK,50.76,50.75,50.77,50000000.0,50000000.0,0,0,0,0,0,0,99,2026-02-04 20:33:35.142073
EEC,46.59,46.58,46.6,50000000.0,50000000.0,0,0,0,0,0,0,99,2026-02-04 20:33:35.142073
TGX,43.09,43.08,43.1,50000000.0,50000000.0,0,0,0,0,0,0,100,2026-02-04 20:33:36.180400
PHR,47.07,47.06,47.08,50000000.0,50000000.0,0,0,0,0,0,0,100,2026-02-04 20:33:36.180400
BYL,44.43,44.42,44.44,50000000.0,50000000.0,0,0,0,0,0,0,100,2026-02-04 20:33:36.180400
CLD,79.58,79.57,79.59,50000000.0,50000000.0,0,0,0,0,0,0,100,2026-02-04 20:33:36.180400
GGD,29.58,29.57,29.59,50000000.0,50000000.0,0,0,0,0,0,0,100,2026-02-04 20:33:36.180400
PNR,63.03,63.02,63.04,50000000.0,50000000.0,0,0,0,0,0,0,100,2026-02-04 20:33:36.180400
FSR,31.0,30.99,31.01,50000000.0,50000000.0,0,0,0,0,0,0,100,2026-02-04 20:33:36.180400
ATB,62.53,62.52,62.54,50000000.0,50000000.0,0,0,0,0,0,0,100,2026-02-04 20:33:36.180400
SPK,50.57,50.56,50.58,50000000.0,50000000.0,0,0,0,0,0,0,100,2026-02-04 20:33:36.180400
EEC,46.78,46.77,46.79,50000000.0,50000000.0,0,0,0,0,0,0,100,2026-02-04 20:33:36.180400
TGX,43.09,43.08,43.1,50000000.0,50000000.0,0,0,0,0,0,0,101,2026-02-04 20:33:37.231284
PHR,47.14,47.13,47.15,50000000.0,50000000.0,0,0,0,0,0,0,101,2026-02-04 20:33:37.231284
BYL,44.42,44.41,44.43,50000000.0,50000000.0,0,0,0,0,0,0,101,2026-02-04 20:33:37.231284
CLD,79.52,79.51,79.53,50000000.0,50000000.0,0,0,0,0,0,0,101,2026-02-04 20:33:37.231284
GGD,29.64,29.63,29.65,50000000.0,50000000.0,0,0,0,0,0,0,101,2026-02-04 20:33:37.231284
PNR,63.13,63.12,63.14,50000000.0,50000000.0,0,0,0,0,0,0,101,2026-02-04 20:33:37.231284
FSR,31.03,31.02,31.04,50000000.0,50000000.0,0,0,0,0,0,0,101,2026-02-04 20:33:37.231284
ATB,62.4,62.39,62.41,50000000.0,50000000.0,0,0,0,0,0,0,101,2026-02-04 20:33:37.231284
SPK,50.57,50.56,50.58,50000000.0,50000000.0,0,0,0,0,0,0,101,2026-02-04 20:33:37.231284
EEC,46.76,46.75,46.77,50000000.0,50000000.0,0,0,0,0,0,0,101,2026-02-04 20:33:37.231284
TGX,43.1,43.09,43.11,50000000.0,50000000.0,0,0,0,0,0,0,102,2026-02-04 20:33:38.276534
PHR,47.18,47.17,47.19,50000000.0,50000000.0,0,0,0,0,0,0,102,2026-02-04 20:33:38.276534
BYL,44.48,44.47,44.49,50000000.0,50000000.0,0,0,0,0,0,0,102,2026-02-04 20:33:38.276534
CLD,79.66,79.65,79.67,50000000.0,50000000.0,0,0,0,0,0,0,102,2026-02-04 20:33:38.276534
GGD,29.56,29.55,29.57,50000000.0,50000000.0,0,0,0,0,0,0,102,2026-02-04 20:33:38.276534
PNR,62.94,62.93,62.95,50000000.0,50000000.0,0,0,0,0,0,0,102,2026-02-04 20:33:38.276534
FSR,31.02,31.01,31.03,50000000.0,50000000.0,0,0,0,0,0,0,102,2026-02-04 20:33:38.276534
ATB,62.42,62.41,62.43,50000000.0,50000000.0,0,0,0,0,0,0,102,2026-02-04 20:33:38.276534
SPK,50.55,50.54,50.56,50000000.0,50000000.0,0,0,0,0,0,0,102,2026-02-04 20:33:38.276534
EEC,46.67,46.66,46.68,50000000.0,50000000.0,0,0,0,0,0,0,102,2026-02-04 20:33:38.276534
TGX,43.12,43.11,43.13,50000000.0,50000000.0,0,0,0,0,0,0,103,2026-02-04 20:33:39.318551
PHR,47.32,47.31,47.33,50000000.0,50000000.0,0,0,0,0,0,0,103,2026-02-04 20:33:39.318551
BYL,44.48,44.47,44.49,50000000.0,50000000.0,0,0,0,0,0,0,103,2026-02-04 20:33:39.318551
CLD,79.73,79.72,79.74,50000000.0,50000000.0,0,0,0,0,0,0,103,2026-02-04 20:33:39.318551
GGD,29.62,29.61,29.63,50000000.0,50000000.0,0,0,0,0,0,0,103,2026-02-04 20:33:39.318551
PNR,62.87,62.86,62.88,50000000.0,50000000.0,0,0,0,0,0,0,103,2026-02-04 20:33:39.318551
FSR,31.11,31.1,31.12,50000000.0,50000000.0,0,0,0,0,0,0,103,2026-02-04 20:33:39.318551
ATB,62.35,62.34,62.36,50000000.0,50000000.0,0,0,0,0,0,0,103,2026-02-04 20:33:39.318551
SPK,50.62,50.61,50.63,50000000.0,50000000.0,0,0,0,0,0,0,103,2026-02-04 20:33:39.318551
EEC,46.98,46.97,46.99,50000000.0,50000000.0,0,0,0,0,0,0,103,2026-02-04 20:33:39.318551
TGX,43.12,43.11,43.13,50000000.0,50000000.0,0,0,0,0,0,0,104,2026-02-04 20:33:40.367836
PHR,47.44,47.43,47.45,50000000.0,50000000.0,0,0,0,0,0,0,104,2026-02-04 20:33:40.367836
BYL,44.56,44.55,44.57,50000000.0,50000000.0,0,0,0,0,0,0,104,2026-02-04 20:33:40.367836
CLD,79.93,79.92,79.94,50000000.0,50000000.0,0,0,0,0,0,0,104,2026-02-04 20:33:40.367836
GGD,29.56,29.55,29.57,50000000.0,50000000.0,0,0,0,0,0,0,104,2026-02-04 20:33:40.367836
PNR,62.46,62.45,62.47,50000000.0,50000000.0,0,0,0,0,0,0,104,2026-02-04 20:33:40.367836
FSR,31.1,31.09,31.11,50000000.0,50000000.0,0,0,0,0,0,0,104,2026-02-04 20:33:40.367836
ATB,62.57,62.56,62.58,50000000.0,50000000.0,0,0,0,0,0,0,104,2026-02-04 20:33:40.367836
SPK,50.35,50.34,50.36,50000000.0,50000000.0,0,0,0,0,0,0,104,2026-02-04 20:33:40.367836
EEC,46.88,46.87,46.89,50000000.0,50000000.0,0,0,0,0,0,0,104,2026-02-04 20:33:40.367836
TGX,43.15,43.14,43.16,50000000.0,50000000.0,0,0,0,0,0,0,105,2026-02-04 20:33:40.946127
PHR,47.57,47.56,47.58,50000000.0,50000000.0,0,0,0,0,0,0,105,2026-02-04 20:33:40.946127
BYL,44.71,44.7,44.72,50000000.0,50000000.0,0,0,0,0,0,0,105,2026-02-04 20:33:40.946127
CLD,80.13,80.12,80.14,50000000.0,50000000.0,0,0,0,0,0,0,105,2026-02-04 20:33:40.946127
GGD,29.54,29.53,29.55,50000000.0,50000000.0,0,0,0,0,0,0,105,2026-02-04 20:33:40.946127
PNR,62.09,62.08,62.1,50000000.0,50000000.0,0,0,0,0,0,0,105,2026-02-04 20:33:40.946127
FSR,31.1,31.09,31.11,50000000.0,50000000.0,0,0,0,0,0,0,105,2026-02-04 20:33:40.946127
ATB,62.69,62.68,62.7,50000000.0,50000000.0,0,0,0,0,0,0,105,2026-02-04 20:33:40.946127
SPK,50.51,50.5,50.52,50000000.0,50000000.0,0,0,0,0,0,0,105,2026-02-04 20:33:40.946127
EEC,47.35,47.34,47.36,50000000.0,50000000.0,0,0,0,0,0,0,105,2026-02-04 20:33:40.946127
TGX,43.15,43.14,43.16,50000000.0,50000000.0,0,0,0,0,0,0,106,2026-02-04 20:33:42.130399
PHR,47.75,47.74,47.76,50000000.0,50000000.0,0,0,0,0,0,0,106,2026-02-04 20:33:42.130399
BYL,44.76,44.75,44.77,50000000.0,50000000.0,0,0,0,0,0,0,106,2026-02-04 20:33:42.130399
CLD,80.14,80.13,80.15,50000000.0,50000000.0,0,0,0,0,0,0,106,2026-02-04 20:33:42.130399
GGD,29.56,29.55,29.57,50000000.0,50000000.0,0,0,0,0,0,0,106,2026-02-04 20:33:42.130399
PNR,62.26,62.25,62.27,50000000.0,50000000.0,0,0,0,0,0,0,106,2026-02-04 20:33:42.130399
FSR,31.14,31.13,31.15,50000000.0,50000000.0,0,0,0,0,0,0,106,2026-02-04 20:33:42.130399
ATB,62.59,62.58,62.6,50000000.0,50000000.0,0,0,0,0,0,0,106,2026-02-04 20:33:42.130399
SPK,50.54,50.53,50.55,50000000.0,50000000.0,0,0,0,0,0,0,106,2026-02-04 20:33:42.130399
EEC,47.31,47.3,47.32,50000000.0,50000000.0,0,0,0,0,0,0,106,2026-02-04 20:33:42.130399
TGX,43.17,43.16,43.18,50000000.0,50000000.0,0,0,0,0,0,0,107,2026-02-04 20:33:43.374173
PHR,47.78,47.77,47.79,50000000.0,50000000.0,0,0,0,0,0,0,107,2026-02-04 20:33:43.374173
BYL,44.78,44.77,44.79,50000000.0,50000000.0,0,0,0,0,0,0,107,2026-02-04 20:33:43.374173
CLD,80.13,80.12,80.14,50000000.0,50000000.0,0,0,0,0,0,0,107,2026-02-04 20:33:43.374173
GGD,29.52,29.51,29.53,50000000.0,50000000.0,0,0,0,0,0,0,107,2026-02-04 20:33:43.374173
PNR,62.32,62.31,62.33,50000000.0,50000000.0,0,0,0,0,0,0,107,2026-02-04 20:33:43.374173
FSR,31.21,31.2,31.22,50000000.0,50000000.0,0,0,0,0,0,0,107,2026-02-04 20:33:43.374173
ATB,62.42,62.41,62.43,50000000.0,50000000.0,0,0,0,0,0,0,107,2026-02-04 20:33:43.374173
SPK,50.52,50.51,50.53,50000000.0,50000000.0,0,0,0,0,0,0,107,2026-02-04 20:33:43.374173
EEC,47.38,47.37,47.39,50000000.0,50000000.0,0,0,0,0,0,0,107,2026-02-04 20:33:43.374173
TGX,43.17,43.16,43.18,50000000.0,50000000.0,0,0,0,0,0,0,108,2026-02-04 20:33:43.965349
PHR,47.76,47.75,47.77,50000000.0,50000000.0,0,0,0,0,0,0,108,2026-02-04 20:33:43.965349
BYL,44.67,44.66,44.68,50000000.0,50000000.0,0,0,0,0,0,0,108,2026-02-04 20:33:43.965349
CLD,80.05,80.04,80.06,50000000.0,50000000.0,0,0,0,0,0,0,108,2026-02-04 20:33:43.965349
GGD,29.48,29.47,29.49,50000000.0,50000000.0,0,0,0,0,0,0,108,2026-02-04 20:33:43.965349
PNR,62.18,62.17,62.19,50000000.0,50000000.0,0,0,0,0,0,0,108,2026-02-04 20:33:43.965349
FSR,31.21,31.2,31.22,50000000.0,50000000.0,0,0,0,0,0,0,108,2026-02-04 20:33:43.965349
ATB,62.81,62.8,62.82,50000000.0,50000000.0,0,0,0,0,0,0,108,2026-02-04 20:33:43.965349
SPK,50.64,50.63,50.65,50000000.0,50000000.0,0,0,0,0,0,0,108,2026-02-04 20:33:43.965349
EEC,47.75,47.74,47.76,50000000.0,50000000.0,0,0,0,0,0,0,108,2026-02-04 20:33:43.965349
TGX,43.18,43.17,43.19,50000000.0,50000000.0,0,0,0,0,0,0,109,2026-02-04 20:33:45.037911
PHR,47.75,47.74,47.76,50000000.0,50000000.0,0,0,0,0,0,0,109,2026-02-04 20:33:45.037911
BYL,44.54,44.53,44.55,50000000.0,50000000.0,0,0,0,0,0,0,109,2026-02-04 20:33:45.037911
CLD,79.72,79.71,79.73,50000000.0,50000000.0,0,0,0,0,0,0,109,2026-02-04 20:33:45.037911
GGD,29.52,29.51,29.53,50000000.0,50000000.0,0,0,0,0,0,0,109,2026-02-04 20:33:45.037911
PNR,62.56,62.55,62.57,50000000.0,50000000.0,0,0,0,0,0,0,109,2026-02-04 20:33:45.037911
FSR,31.18,31.17,31.19,50000000.0,50000000.0,0,0,0,0,0,0,109,2026-02-04 20:33:45.037911
ATB,62.59,62.58,62.6,50000000.0,50000000.0,0,0,0,0,0,0,109,2026-02-04 20:33:45.037911
SPK,50.67,50.66,50.68,50000000.0,50000000.0,0,0,0,0,0,0,109,2026-02-04 20:33:45.037911
EEC,48.07,48.06,48.08,50000000.0,50000000.0,0,0,0,0,0,0,109,2026-02-04 20:33:45.037911
TGX,43.21,43.2,43.22,50000000.0,50000000.0,0,0,0,0,0,0,110,2026-02-04 20:33:46.139326
PHR,47.66,47.65,47.67,50000000.0,50000000.0,0,0,0,0,0,0,110,2026-02-04 20:33:46.139326
BYL,44.47,44.46,44.48,50000000.0,50000000.0,0,0,0,0,0,0,110,2026-02-04 20:33:46.139326
CLD,79.56,79.55,79.57,50000000.0,50000000.0,0,0,0,0,0,0,110,2026-02-04 20:33:46.139326
GGD,29.4,29.39,29.41,50000000.0,50000000.0,0,0,0,0,0,0,110,2026-02-04 20:33:46.139326
PNR,61.85,61.84,61.86,50000000.0,50000000.0,0,0,0,0,0,0,110,2026-02-04 20:33:46.139326
FSR,31.2,31.19,31.21,50000000.0,50000000.0,0,0,0,0,0,0,110,2026-02-04 20:33:46.139326
ATB,62.59,62.58,62.6,50000000.0,50000000.0,0,0,0,0,0,0,110,2026-02-04 20:33:46.139326
SPK,50.61,50.6,50.62,50000000.0,50000000.0,0,0,0,0,0,0,110,2026-02-04 20:33:46.139326
EEC,47.88,47.87,47.89,50000000.0,50000000.0,0,0,0,0,0,0,110,2026-02-04 20:33:46.139326
TGX,43.23,43.22,43.24,50000000.0,50000000.0,0,0,0,0,0,0,111,2026-02-04 20:33:47.204931
PHR,47.75,47.74,47.76,50000000.0,50000000.0,0,0,0,0,0,0,111,2026-02-04 20:33:47.204931
BYL,44.22,44.21,44.23,50000000.0,50000000.0,0,0,0,0,0,0,111,2026-02-04 20:33:47.204931
CLD,79.18,79.17,79.19,50000000.0,50000000.0,0,0,0,0,0,0,111,2026-02-04 20:33:47.204931
GGD,29.47,29.46,29.48,50000000.0,50000000.0,0,0,0,0,0,0,111,2026-02-04 20:33:47.204931
PNR,62.31,62.3,62.32,50000000.0,50000000.0,0,0,0,0,0,0,111,2026-02-04 20:33:47.204931
FSR,31.25,31.24,31.26,50000000.0,50000000.0,0,0,0,0,0,0,111,2026-02-04 20:33:47.204931
ATB,62.52,62.51,62.53,50000000.0,50000000.0,0,0,0,0,0,0,111,2026-02-04 20:33:47.204931
SPK,50.57,50.56,50.58,50000000.0,50000000.0,0,0,0,0,0,0,111,2026-02-04 20:33:47.204931
EEC,47.65,47.64,47.66,50000000.0,50000000.0,0,0,0,0,0,0,111,2026-02-04 20:33:47.204931
TGX,43.24,43.23,43.25,50000000.0,50000000.0,0,0,0,0,0,0,112,2026-02-04 20:33:48.262387
PHR,47.61,47.6,47.62,50000000.0,50000000.0,0,0,0,0,0,0,112,2026-02-04 20:33:48.262387
BYL,44.32,44.31,44.33,50000000.0,50000000.0,0,0,0,0,0,0,112,2026-02-04 20:33:48.262387
