ticker,last_price,bid_price,ask_price,BUY_ZUAI-5,BUY_ZUAI-2,SELL_ZUAI-5,BUY_ANON,SELL_ANON,SELL_WRSW-6,BUY_WRSW-6,tick,timestamp
TGX,0.0,0.0,0.0,0,0,0,0,0,0,0,0,2026-02-03 13:52:36.802224
PHR,0.0,0.0,0.0,0,0,0,0,0,0,0,0,2026-02-03 13:52:36.802224
BYL,0.0,0.0,0.0,0,0,0,0,0,0,0,0,2026-02-03 13:52:36.802224
CLD,0.0,0.0,0.0,0,0,0,0,0,0,0,0,2026-02-03 13:52:36.802224
GGD,0.0,0.0,0.0,0,0,0,0,0,0,0,0,2026-02-03 13:52:36.802224
PNR,0.0,0.0,0.0,0,0,0,0,0,0,0,0,2026-02-03 13:52:36.802224
FSR,0.0,0.0,0.0,0,0,0,0,0,0,0,0,2026-02-03 13:52:36.802224
ATB,0.0,0.0,0.0,0,0,0,0,0,0,0,0,2026-02-03 13:52:36.802224
SPK,0.0,0.0,0.0,0,0,0,0,0,0,0,0,2026-02-03 13:52:36.802224
EEC,0.0,0.0,0.0,0,0,0,0,0,0,0,0,2026-02-03 13:52:36.802224
TGX,43.7,0.0,0.0,50000000.0,50000000.0,0,0,0,0,0,1,2026-02-03 13:52:37.405278,1.0,1.0,1.0,,Welcome to the RITC 2026 Merger Arbitrage Case - practice server,Good Luck!
PHR,47.5,0.0,0.0,50000000.0,50000000.0,0,0,0,0,0,1,2026-02-03 13:52:37.405278,,,,,,
BYL,43.51,0.0,0.0,50000000.0,50000000.0,0,0,0,0,0,1,2026-02-03 13:52:37.405278,,,,,,
CLD,79.3,0.0,0.0,50000000.0,50000000.0,0,0,0,0,0,1,2026-02-03 13:52:37.405278,,,,,,
GGD,31.49,0.0,0.0,50000000.0,50000000.0,0,0,0,0,0,1,2026-02-03 13:52:37.405278,,,,,,
PNR,59.8,0.0,0.0,50000000.0,50000000.0,0,0,0,0,0,1,2026-02-03 13:52:37.405278,,,,,,
FSR,30.51,0.0,0.0,50000000.0,50000000.0,0,0,0,0,0,1,2026-02-03 13:52:37.405278,,,,,,
ATB,62.2,0.0,0.0,50000000.0,50000000.0,0,0,0,0,0,1,2026-02-03 13:52:37.405278,,,,,,
SPK,52.81,0.0,0.0,50000000.0,50000000.0,0,0,0,0,0,1,2026-02-03 13:52:37.405278,,,,,,
EEC,48.0,0.0,0.0,50000000.0,50000000.0,0,0,0,0,0,1,2026-02-03 13:52:37.405278,,,,,,
TGX,43.63,43.62,43.64,50000000.0,50000000.0,0,0,0,0,0,2,2026-02-03 13:52:38.440757
PHR,47.09,47.08,47.1,50000000.0,50000000.0,0,0,0,0,0,2,2026-02-03 13:52:38.440757
BYL,43.88,43.87,43.89,50000000.0,50000000.0,0,0,0,0,0,2,2026-02-03 13:52:38.440757
CLD,80.05,80.04,80.06,50000000.0,50000000.0,0,0,0,0,0,2,2026-02-03 13:52:38.440757
GGD,31.43,31.42,31.44,50000000.0,50000000.0,0,0,0,0,0,2,2026-02-03 13:52:38.440757
PNR,59.72,59.71,59.73,50000000.0,50000000.0,0,0,0,0,0,2,2026-02-03 13:52:38.440757
FSR,30.52,30.51,30.53,50000000.0,50000000.0,0,0,0,0,0,2,2026-02-03 13:52:38.440757
ATB,62.59,62.58,62.6,50000000.0,50000000.0,0,0,0,0,0,2,2026-02-03 13:52:38.440757
SPK,52.94,52.93,52.95,50000000.0,50000000.0,0,0,0,0,0,2,2026-02-03 13:52:38.440757
EEC,48.28,48.27,48.29,50000000.0,50000000.0,0,0,0,0,0,2,2026-02-03 13:52:38.440757
TGX,43.67,43.66,43.68,50000000.0,50000000.0,0,0,0,0,0,3,2026-02-03 13:52:39.498348
PHR,47.6,47.59,47.61,50000000.0,50000000.0,0,0,0,0,0,3,2026-02-03 13:52:39.498348
BYL,43.72,43.71,43.73,50000000.0,50000000.0,0,0,0,0,0,3,2026-02-03 13:52:39.498348
CLD,79.77,79.76,79.78,50000000.0,50000000.0,0,0,0,0,0,3,2026-02-03 13:52:39.498348
GGD,31.4,31.39,31.41,50000000.0,50000000.0,0,0,0,0,0,3,2026-02-03 13:52:39.498348
PNR,59.79,59.78,59.8,50000000.0,50000000.0,0,0,0,0,0,3,2026-02-03 13:52:39.498348
FSR,30.5,30.49,30.51,50000000.0,50000000.0,0,0,0,0,0,3,2026-02-03 13:52:39.498348
ATB,62.59,62.58,62.6,50000000.0,50000000.0,0,0,0,0,0,3,2026-02-03 13:52:39.498348
SPK,52.81,52.8,52.82,50000000.0,50000000.0,0,0,0,0,0,3,2026-02-03 13:52:39.498348
EEC,48.1,48.09,48.11,50000000.0,50000000.0,0,0,0,0,0,3,2026-02-03 13:52:39.498348
TGX,43.67,43.66,43.68,50000000.0,50000000.0,0,0,0,0,0,4,2026-02-03 13:52:40.534872
PHR,47.48,47.47,47.49,50000000.0,50000000.0,0,0,0,0,0,4,2026-02-03 13:52:40.534872
BYL,43.61,43.6,43.62,50000000.0,50000000.0,0,0,0,0,0,4,2026-02-03 13:52:40.534872
CLD,79.73,79.72,79.74,50000000.0,50000000.0,0,0,0,0,0,4,2026-02-03 13:52:40.534872
GGD,31.39,31.38,31.4,50000000.0,50000000.0,0,0,0,0,0,4,2026-02-03 13:52:40.534872
PNR,59.71,59.7,59.72,50000000.0,50000000.0,0,0,0,0,0,4,2026-02-03 13:52:40.534872
FSR,30.5,30.49,30.51,50000000.0,50000000.0,0,0,0,0,0,4,2026-02-03 13:52:40.534872
ATB,62.82,62.81,62.83,50000000.0,50000000.0,0,0,0,0,0,4,2026-02-03 13:52:40.534872
SPK,52.92,52.91,52.93,50000000.0,50000000.0,0,0,0,0,0,4,2026-02-03 13:52:40.534872
EEC,48.28,48.27,48.29,50000000.0,50000000.0,0,0,0,0,0,4,2026-02-03 13:52:40.534872
TGX,43.6,43.59,43.61,50000000.0,50000000.0,0,0,0,0,0,5,2026-02-03 13:52:41.582865
PHR,47.6,47.59,47.61,50000000.0,50000000.0,0,0,0,0,0,5,2026-02-03 13:52:41.582865
BYL,43.39,43.38,43.4,50000000.0,50000000.0,0,0,0,0,0,5,2026-02-03 13:52:41.582865
CLD,79.05,79.04,79.06,50000000.0,50000000.0,0,0,0,0,0,5,2026-02-03 13:52:41.582865
GGD,31.41,31.4,31.42,50000000.0,50000000.0,0,0,0,0,0,5,2026-02-03 13:52:41.582865
PNR,59.57,59.56,59.58,50000000.0,50000000.0,0,0,0,0,0,5,2026-02-03 13:52:41.582865
FSR,30.5,30.49,30.51,50000000.0,50000000.0,0,0,0,0,0,5,2026-02-03 13:52:41.582865
ATB,62.88,62.87,62.89,50000000.0,50000000.0,0,0,0,0,0,5,2026-02-03 13:52:41.582865
SPK,52.96,52.95,52.97,50000000.0,50000000.0,0,0,0,0,0,5,2026-02-03 13:52:41.582865
EEC,48.38,48.37,48.39,50000000.0,50000000.0,0,0,0,0,0,5,2026-02-03 13:52:41.582865
TGX,43.55,43.54,43.56,50000000.0,50000000.0,0,0,0,0,0,6,2026-02-03 13:52:42.622599
PHR,47.15,47.14,47.16,50000000.0,50000000.0,0,0,0,0,0,6,2026-02-03 13:52:42.622599
BYL,43.43,43.42,43.44,50000000.0,50000000.0,0,0,0,0,0,6,2026-02-03 13:52:42.622599
CLD,79.38,79.37,79.39,50000000.0,50000000.0,0,0,0,0,0,6,2026-02-03 13:52:42.622599
GGD,31.42,31.41,31.43,50000000.0,50000000.0,0,0,0,0,0,6,2026-02-03 13:52:42.622599
PNR,59.71,59.7,59.72,50000000.0,50000000.0,0,0,0,0,0,6,2026-02-03 13:52:42.622599
FSR,30.5,30.49,30.51,50000000.0,50000000.0,0,0,0,0,0,6,2026-02-03 13:52:42.622599
ATB,62.87,62.86,62.88,50000000.0,50000000.0,0,0,0,0,0,6,2026-02-03 13:52:42.622599
SPK,53.14,53.13,53.15,50000000.0,50000000.0,0,0,0,0,0,6,2026-02-03 13:52:42.622599
EEC,48.7,48.69,48.71,50000000.0,50000000.0,0,0,0,0,0,6,2026-02-03 13:52:42.622599
TGX,43.56,43.55,43.57,50000000.0,50000000.0,0,0,0,0,0,7,2026-02-03 13:52:43.661735
PHR,47.59,47.58,47.6,50000000.0,50000000.0,0,0,0,0,0,7,2026-02-03 13:52:43.661735
BYL,43.52,43.51,43.53,50000000.0,50000000.0,0,0,0,0,0,7,2026-02-03 13:52:43.661735
CLD,79.45,79.44,79.46,50000000.0,50000000.0,0,0,0,0,0,7,2026-02-03 13:52:43.661735
GGD,31.46,31.45,31.47,50000000.0,50000000.0,0,0,0,0,0,7,2026-02-03 13:52:43.661735
PNR,59.67,59.66,59.68,50000000.0,50000000.0,0,0,0,0,0,7,2026-02-03 13:52:43.661735
FSR,30.49,30.48,30.5,50000000.0,50000000.0,0,0,0,0,0,7,2026-02-03 13:52:43.661735
ATB,62.92,62.91,62.93,50000000.0,50000000.0,0,0,0,0,0,7,2026-02-03 13:52:43.661735
SPK,53.25,53.24,53.26,50000000.0,50000000.0,0,0,0,0,0,7,2026-02-03 13:52:43.661735
EEC,48.92,48.91,48.93,50000000.0,50000000.0,0,0,0,0,0,7,2026-02-03 13:52:43.661735
TGX,43.58,43.57,43.59,50000000.0,50000000.0,0,0,0,0,0,8,2026-02-03 13:52:44.700601
PHR,47.26,47.25,47.27,50000000.0,50000000.0,0,0,0,0,0,8,2026-02-03 13:52:44.700601
BYL,43.15,43.14,43.16,50000000.0,50000000.0,0,0,0,0,0,8,2026-02-03 13:52:44.700601
CLD,78.51,78.5,78.52,50000000.0,50000000.0,0,0,0,0,0,8,2026-02-03 13:52:44.700601
GGD,31.46,31.45,31.47,50000000.0,50000000.0,0,0,0,0,0,8,2026-02-03 13:52:44.700601
PNR,59.6,59.59,59.61,50000000.0,50000000.0,0,0,0,0,0,8,2026-02-03 13:52:44.700601
FSR,30.49,30.48,30.5,50000000.0,50000000.0,0,0,0,0,0,8,2026-02-03 13:52:44.700601
ATB,62.66,62.65,62.67,50000000.0,50000000.0,0,0,0,0,0,8,2026-02-03 13:52:44.700601
SPK,53.38,53.37,53.39,50000000.0,50000000.0,0,0,0,0,0,8,2026-02-03 13:52:44.700601
EEC,49.18,49.17,49.19,50000000.0,50000000.0,0,0,0,0,0,8,2026-02-03 13:52:44.700601
TGX,43.6,43.59,43.61,50000000.0,50000000.0,0,0,0,0,0,9,2026-02-03 13:52:45.734649
PHR,47.4,47.39,47.41,50000000.0,50000000.0,0,0,0,0,0,9,2026-02-03 13:52:45.734649
BYL,42.86,42.85,42.87,50000000.0,50000000.0,0,0,0,0,0,9,2026-02-03 13:52:45.734649
CLD,77.67,77.66,77.68,50000000.0,50000000.0,0,0,0,0,0,9,2026-02-03 13:52:45.734649
GGD,31.46,31.45,31.47,50000000.0,50000000.0,0,0,0,0,0,9,2026-02-03 13:52:45.734649
PNR,59.52,59.51,59.53,50000000.0,50000000.0,0,0,0,0,0,9,2026-02-03 13:52:45.734649
FSR,30.46,30.45,30.47,50000000.0,50000000.0,0,0,0,0,0,9,2026-02-03 13:52:45.734649
ATB,62.48,62.47,62.49,50000000.0,50000000.0,0,0,0,0,0,9,2026-02-03 13:52:45.734649
SPK,53.27,53.26,53.28,50000000.0,50000000.0,0,0,0,0,0,9,2026-02-03 13:52:45.734649
EEC,49.04,49.03,49.05,50000000.0,50000000.0,0,0,0,0,0,9,2026-02-03 13:52:45.734649
TGX,43.54,43.53,43.55,50000000.0,50000000.0,0,0,0,0,0,10,2026-02-03 13:52:46.769986
PHR,47.46,47.45,47.47,50000000.0,50000000.0,0,0,0,0,0,10,2026-02-03 13:52:46.769986
BYL,42.99,42.98,43.0,50000000.0,50000000.0,0,0,0,0,0,10,2026-02-03 13:52:46.769986
CLD,77.92,77.91,77.93,50000000.0,50000000.0,0,0,0,0,0,10,2026-02-03 13:52:46.769986
GGD,31.51,31.5,31.52,50000000.0,50000000.0,0,0,0,0,0,10,2026-02-03 13:52:46.769986
PNR,59.77,59.76,59.78,50000000.0,50000000.0,0,0,0,0,0,10,2026-02-03 13:52:46.769986
FSR,30.49,30.48,30.5,50000000.0,50000000.0,0,0,0,0,0,10,2026-02-03 13:52:46.769986
ATB,62.35,62.34,62.36,50000000.0,50000000.0,0,0,0,0,0,10,2026-02-03 13:52:46.769986
SPK,53.23,53.22,53.24,50000000.0,50000000.0,0,0,0,0,0,10,2026-02-03 13:52:46.769986
EEC,48.94,48.93,48.95,50000000.0,50000000.0,0,0,0,0,0,10,2026-02-03 13:52:46.769986
TGX,43.57,43.56,43.58,50000000.0,50000000.0,0,0,0,0,0,11,2026-02-03 13:52:47.326337
PHR,47.06,47.05,47.07,50000000.0,50000000.0,0,0,0,0,0,11,2026-02-03 13:52:47.326337
BYL,42.9,42.89,42.91,50000000.0,50000000.0,0,0,0,0,0,11,2026-02-03 13:52:47.326337
CLD,77.84,77.83,77.85,50000000.0,50000000.0,0,0,0,0,0,11,2026-02-03 13:52:47.326337
GGD,31.51,31.5,31.52,50000000.0,50000000.0,0,0,0,0,0,11,2026-02-03 13:52:47.326337
PNR,59.63,59.62,59.64,50000000.0,50000000.0,0,0,0,0,0,11,2026-02-03 13:52:47.326337
FSR,30.49,30.48,30.5,50000000.0,50000000.0,0,0,0,0,0,11,2026-02-03 13:52:47.326337
ATB,62.18,62.17,62.19,50000000.0,50000000.0,0,0,0,0,0,11,2026-02-03 13:52:47.326337
SPK,53.23,53.22,53.24,50000000.0,50000000.0,0,0,0,0,0,11,2026-02-03 13:52:47.326337
EEC,48.92,48.91,48.93,50000000.0,50000000.0,0,0,0,0,0,11,2026-02-03 13:52:47.326337
TGX,43.57,43.56,43.58,50000000.0,50000000.0,0,0,0,0,0,12,2026-02-03 13:52:48.376205
PHR,47.22,47.21,47.23,50000000.0,50000000.0,0,0,0,0,0,12,2026-02-03 13:52:48.376205
BYL,43.04,43.03,43.05,50000000.0,50000000.0,0,0,0,0,0,12,2026-02-03 13:52:48.376205
CLD,77.94,77.93,77.95,50000000.0,50000000.0,0,0,0,0,0,12,2026-02-03 13:52:48.376205
GGD,31.52,31.51,31.53,50000000.0,50000000.0,0,0,0,0,0,12,2026-02-03 13:52:48.376205
PNR,59.6,59.59,59.61,50000000.0,50000000.0,0,0,0,0,0,12,2026-02-03 13:52:48.376205
FSR,30.48,30.47,30.49,50000000.0,50000000.0,0,0,0,0,0,12,2026-02-03 13:52:48.376205
ATB,62.05,62.04,62.06,50000000.0,50000000.0,0,0,0,0,0,12,2026-02-03 13:52:48.376205
SPK,53.32,53.31,53.33,50000000.0,50000000.0,0,0,0,0,0,12,2026-02-03 13:52:48.376205
EEC,49.05,49.04,49.06,50000000.0,50000000.0,0,0,0,0,0,12,2026-02-03 13:52:48.376205
TGX,43.55,43.54,43.56,50000000.0,50000000.0,0,0,0,0,0,13,2026-02-03 13:52:49.407210
PHR,47.24,47.23,47.25,50000000.0,50000000.0,0,0,0,0,0,13,2026-02-03 13:52:49.407210
BYL,43.12,43.11,43.13,50000000.0,50000000.0,0,0,0,0,0,13,2026-02-03 13:52:49.407210
CLD,78.09,78.08,78.1,50000000.0,50000000.0,0,0,0,0,0,13,2026-02-03 13:52:49.407210
GGD,31.49,31.48,31.5,50000000.0,50000000.0,0,0,0,0,0,13,2026-02-03 13:52:49.407210
PNR,59.7,59.69,59.71,50000000.0,50000000.0,0,0,0,0,0,13,2026-02-03 13:52:49.407210
FSR,30.5,30.49,30.51,50000000.0,50000000.0,0,0,0,0,0,13,2026-02-03 13:52:49.407210
ATB,62.23,62.22,62.24,50000000.0,50000000.0,0,0,0,0,0,13,2026-02-03 13:52:49.407210
SPK,53.27,53.26,53.28,50000000.0,50000000.0,0,0,0,0,0,13,2026-02-03 13:52:49.407210
EEC,49.01,49.0,49.02,50000000.0,50000000.0,0,0,0,0,0,13,2026-02-03 13:52:49.407210
TGX,43.47,43.46,43.48,50000000.0,50000000.0,0,0,0,0,0,14,2026-02-03 13:52:50.435027
PHR,47.09,47.08,47.1,50000000.0,50000000.0,0,0,0,0,0,14,2026-02-03 13:52:50.435027
BYL,43.04,43.03,43.05,50000000.0,50000000.0,0,0,0,0,0,14,2026-02-03 13:52:50.435027
CLD,77.8,77.79,77.81,50000000.0,50000000.0,0,0,0,0,0,14,2026-02-03 13:52:50.435027
GGD,31.49,31.48,31.5,50000000.0,50000000.0,0,0,0,0,0,14,2026-02-03 13:52:50.435027
PNR,59.91,59.9,59.92,50000000.0,50000000.0,0,0,0,0,0,14,2026-02-03 13:52:50.435027
FSR,30.47,30.46,30.48,50000000.0,50000000.0,0,0,0,0,0,14,2026-02-03 13:52:50.435027
ATB,62.17,62.16,62.18,50000000.0,50000000.0,0,0,0,0,0,14,2026-02-03 13:52:50.435027
SPK,53.58,53.57,53.59,50000000.0,50000000.0,0,0,0,0,0,14,2026-02-03 13:52:50.435027
EEC,49.53,49.52,49.54,50000000.0,50000000.0,0,0,0,0,0,14,2026-02-03 13:52:50.435027
TGX,43.49,43.48,43.5,50000000.0,50000000.0,0,0,0,0,0,15,2026-02-03 13:52:51.472021
PHR,47.02,47.01,47.03,50000000.0,50000000.0,0,0,0,0,0,15,2026-02-03 13:52:51.472021
BYL,42.78,42.77,42.79,50000000.0,50000000.0,0,0,0,0,0,15,2026-02-03 13:52:51.472021
CLD,77.25,77.24,77.26,50000000.0,50000000.0,0,0,0,0,0,15,2026-02-03 13:52:51.472021
GGD,31.58,31.57,31.59,50000000.0,50000000.0,0,0,0,0,0,15,2026-02-03 13:52:51.472021
PNR,59.9,59.89,59.91,50000000.0,50000000.0,0,0,0,0,0,15,2026-02-03 13:52:51.472021
FSR,30.48,30.47,30.49,50000000.0,50000000.0,0,0,0,0,0,15,2026-02-03 13:52:51.472021
ATB,61.9,61.89,61.91,50000000.0,50000000.0,0,0,0,0,0,15,2026-02-03 13:52:51.472021
SPK,53.45,53.44,53.46,50000000.0,50000000.0,0,0,0,0,0,15,2026-02-03 13:52:51.472021
EEC,49.34,49.33,49.35,50000000.0,50000000.0,0,0,0,0,0,15,2026-02-03 13:52:51.472021
TGX,43.49,43.48,43.5,50000000.0,50000000.0,0,0,0,0,0,16,2026-02-03 13:52:52.505461
PHR,47.15,47.14,47.16,50000000.0,50000000.0,0,0,0,0,0,16,2026-02-03 13:52:52.505461
BYL,42.67,42.66,42.68,50000000.0,50000000.0,0,0,0,0,0,16,2026-02-03 13:52:52.505461
CLD,77.02,77.01,77.03,50000000.0,50000000.0,0,0,0,0,0,16,2026-02-03 13:52:52.505461
GGD,31.57,31.56,31.58,50000000.0,50000000.0,0,0,0,0,0,16,2026-02-03 13:52:52.505461
PNR,59.86,59.85,59.87,50000000.0,50000000.0,0,0,0,0,0,16,2026-02-03 13:52:52.505461
FSR,30.5,30.49,30.51,50000000.0,50000000.0,0,0,0,0,0,16,2026-02-03 13:52:52.505461
ATB,62.25,62.24,62.26,50000000.0,50000000.0,0,0,0,0,0,16,2026-02-03 13:52:52.505461
SPK,53.45,53.44,53.46,50000000.0,50000000.0,0,0,0,0,0,16,2026-02-03 13:52:52.505461
EEC,49.36,49.35,49.37,50000000.0,50000000.0,0,0,0,0,0,16,2026-02-03 13:52:52.505461
TGX,43.52,43.51,43.53,50000000.0,50000000.0,0,0,0,0,0,17,2026-02-03 13:52:53.545458
PHR,46.95,46.94,46.96,50000000.0,50000000.0,0,0,0,0,0,17,2026-02-03 13:52:53.545458
BYL,42.49,42.48,42.5,50000000.0,50000000.0,0,0,0,0,0,17,2026-02-03 13:52:53.545458
CLD,76.68,76.67,76.69,50000000.0,50000000.0,0,0,0,0,0,17,2026-02-03 13:52:53.545458
GGD,31.54,31.53,31.55,50000000.0,50000000.0,0,0,0,0,0,17,2026-02-03 13:52:53.545458
PNR,60.02,60.01,60.03,50000000.0,50000000.0,0,0,0,0,0,17,2026-02-03 13:52:53.545458
FSR,30.47,30.46,30.48,50000000.0,50000000.0,0,0,0,0,0,17,2026-02-03 13:52:53.545458
ATB,62.43,62.42,62.44,50000000.0,50000000.0,0,0,0,0,0,17,2026-02-03 13:52:53.545458
SPK,53.32,53.31,53.33,50000000.0,50000000.0,0,0,0,0,0,17,2026-02-03 13:52:53.545458
EEC,49.11,49.1,49.12,50000000.0,50000000.0,0,0,0,0,0,17,2026-02-03 13:52:53.545458
TGX,43.54,43.53,43.55,50000000.0,50000000.0,0,0,0,0,0,18,2026-02-03 13:52:54.581585
PHR,47.23,47.22,47.24,50000000.0,50000000.0,0,0,0,0,0,18,2026-02-03 13:52:54.581585
BYL,42.67,42.66,42.68,50000000.0,50000000.0,0,0,0,0,0,18,2026-02-03 13:52:54.581585
CLD,77.02,77.01,77.03,50000000.0,50000000.0,0,0,0,0,0,18,2026-02-03 13:52:54.581585
GGD,31.52,31.51,31.53,50000000.0,50000000.0,0,0,0,0,0,18,2026-02-03 13:52:54.581585
PNR,59.88,59.87,59.89,50000000.0,50000000.0,0,0,0,0,0,18,2026-02-03 13:52:54.581585
FSR,30.47,30.46,30.48,50000000.0,50000000.0,0,0,0,0,0,18,2026-02-03 13:52:54.581585
ATB,62.77,62.76,62.78,50000000.0,50000000.0,0,0,0,0,0,18,2026-02-03 13:52:54.581585
SPK,53.5,53.49,53.51,50000000.0,50000000.0,0,0,0,0,0,18,2026-02-03 13:52:54.581585
EEC,49.49,49.48,49.5,50000000.0,50000000.0,0,0,0,0,0,18,2026-02-03 13:52:54.581585
TGX,43.49,43.48,43.5,50000000.0,50000000.0,0,0,0,0,0,19,2026-02-03 13:52:55.615490
PHR,46.91,46.9,46.92,50000000.0,50000000.0,0,0,0,0,0,19,2026-02-03 13:52:55.615490
BYL,42.68,42.67,42.69,50000000.0,50000000.0,0,0,0,0,0,19,2026-02-03 13:52:55.615490
CLD,76.91,76.9,76.92,50000000.0,50000000.0,0,0,0,0,0,19,2026-02-03 13:52:55.615490
GGD,31.52,31.51,31.53,50000000.0,50000000.0,0,0,0,0,0,19,2026-02-03 13:52:55.615490
PNR,59.91,59.9,59.92,50000000.0,50000000.0,0,0,0,0,0,19,2026-02-03 13:52:55.615490
FSR,30.45,30.44,30.46,50000000.0,50000000.0,0,0,0,0,0,19,2026-02-03 13:52:55.615490
ATB,62.56,62.55,62.57,50000000.0,50000000.0,0,0,0,0,0,19,2026-02-03 13:52:55.615490
SPK,53.58,53.57,53.59,50000000.0,50000000.0,0,0,0,0,0,19,2026-02-03 13:52:55.615490
EEC,49.64,49.63,49.65,50000000.0,50000000.0,0,0,0,0,0,19,2026-02-03 13:52:55.615490
TGX,43.48,43.47,43.49,50000000.0,50000000.0,0,0,0,0,0,20,2026-02-03 13:52:56.654331
PHR,46.61,46.6,46.62,50000000.0,50000000.0,0,0,0,0,0,20,2026-02-03 13:52:56.654331
BYL,42.15,42.14,42.16,50000000.0,50000000.0,0,0,0,0,0,20,2026-02-03 13:52:56.654331
CLD,75.74,75.73,75.75,50000000.0,50000000.0,0,0,0,0,0,20,2026-02-03 13:52:56.654331
GGD,31.5,31.49,31.51,50000000.0,50000000.0,0,0,0,0,0,20,2026-02-03 13:52:56.654331
PNR,59.92,59.91,59.93,50000000.0,50000000.0,0,0,0,0,0,20,2026-02-03 13:52:56.654331
FSR,30.42,30.41,30.43,50000000.0,50000000.0,0,0,0,0,0,20,2026-02-03 13:52:56.654331
ATB,62.66,62.65,62.67,50000000.0,50000000.0,0,0,0,0,0,20,2026-02-03 13:52:56.654331
SPK,53.71,53.7,53.72,50000000.0,50000000.0,0,0,0,0,0,20,2026-02-03 13:52:56.654331
EEC,49.92,49.91,49.93,50000000.0,50000000.0,0,0,0,0,0,20,2026-02-03 13:52:56.654331
TGX,43.52,43.51,43.53,50000000.0,50000000.0,0,0,0,0,0,21,2026-02-03 13:52:57.689316
PHR,46.58,46.57,46.59,50000000.0,50000000.0,0,0,0,0,0,21,2026-02-03 13:52:57.689316
BYL,42.36,42.35,42.37,50000000.0,50000000.0,0,0,0,0,0,21,2026-02-03 13:52:57.689316
CLD,76.26,76.25,76.27,50000000.0,50000000.0,0,0,0,0,0,21,2026-02-03 13:52:57.689316
GGD,31.5,31.49,31.51,50000000.0,50000000.0,0,0,0,0,0,21,2026-02-03 13:52:57.689316
PNR,59.79,59.78,59.8,50000000.0,50000000.0,0,0,0,0,0,21,2026-02-03 13:52:57.689316
FSR,30.44,30.43,30.45,50000000.0,50000000.0,0,0,0,0,0,21,2026-02-03 13:52:57.689316
ATB,62.92,62.91,62.93,50000000.0,50000000.0,0,0,0,0,0,21,2026-02-03 13:52:57.689316
SPK,53.73,53.72,53.74,50000000.0,50000000.0,0,0,0,0,0,21,2026-02-03 13:52:57.689316
EEC,50.01,50.0,50.02,50000000.0,50000000.0,0,0,0,0,0,21,2026-02-03 13:52:57.689316
TGX,43.56,43.55,43.57,50000000.0,50000000.0,0,0,0,0,0,22,2026-02-03 13:52:58.729404
PHR,47.05,47.04,47.06,50000000.0,50000000.0,0,0,0,0,0,22,2026-02-03 13:52:58.729404
BYL,42.47,42.46,42.48,50000000.0,50000000.0,0,0,0,0,0,22,2026-02-03 13:52:58.729404
CLD,76.56,76.55,76.57,50000000.0,50000000.0,0,0,0,0,0,22,2026-02-03 13:52:58.729404
GGD,31.51,31.5,31.52,50000000.0,50000000.0,0,0,0,0,0,22,2026-02-03 13:52:58.729404
PNR,59.78,59.77,59.79,50000000.0,50000000.0,0,0,0,0,0,22,2026-02-03 13:52:58.729404
FSR,30.42,30.41,30.43,50000000.0,50000000.0,0,0,0,0,0,22,2026-02-03 13:52:58.729404
ATB,62.96,62.95,62.97,50000000.0,50000000.0,0,0,0,0,0,22,2026-02-03 13:52:58.729404
SPK,53.7,53.69,53.71,50000000.0,50000000.0,0,0,0,0,0,22,2026-02-03 13:52:58.729404
EEC,49.95,49.94,49.96,50000000.0,50000000.0,0,0,0,0,0,22,2026-02-03 13:52:58.729404
TGX,43.56,43.55,43.57,50000000.0,50000000.0,0,0,0,0,0,23,2026-02-03 13:52:59.766711
PHR,47.2,47.19,47.21,50000000.0,50000000.0,0,0,0,0,0,23,2026-02-03 13:52:59.766711
BYL,42.54,42.53,42.55,50000000.0,50000000.0,0,0,0,0,0,23,2026-02-03 13:52:59.766711
CLD,76.76,76.75,76.77,50000000.0,50000000.0,0,0,0,0,0,23,2026-02-03 13:52:59.766711
GGD,31.53,31.52,31.54,50000000.0,50000000.0,0,0,0,0,0,23,2026-02-03 13:52:59.766711
PNR,59.71,59.7,59.72,50000000.0,50000000.0,0,0,0,0,0,23,2026-02-03 13:52:59.766711
FSR,30.41,30.4,30.42,50000000.0,50000000.0,0,0,0,0,0,23,2026-02-03 13:52:59.766711
ATB,62.73,62.72,62.74,50000000.0,50000000.0,0,0,0,0,0,23,2026-02-03 13:52:59.766711
SPK,53.89,53.88,53.9,50000000.0,50000000.0,0,0,0,0,0,23,2026-02-03 13:52:59.766711
EEC,50.29,50.28,50.3,50000000.0,50000000.0,0,0,0,0,0,23,2026-02-03 13:52:59.766711
TGX,43.52,43.51,43.53,50000000.0,50000000.0,0,0,0,0,0,24,2026-02-03 13:53:00.805394
PHR,47.02,47.01,47.03,50000000.0,50000000.0,0,0,0,0,0,24,2026-02-03 13:53:00.805394
BYL,42.74,42.73,42.75,50000000.0,50000000.0,0,0,0,0,0,24,2026-02-03 13:53:00.805394
CLD,77.07,77.06,77.08,50000000.0,50000000.0,0,0,0,0,0,24,2026-02-03 13:53:00.805394
GGD,31.54,31.53,31.55,50000000.0,50000000.0,0,0,0,0,0,24,2026-02-03 13:53:00.805394
PNR,59.71,59.7,59.72,50000000.0,50000000.0,0,0,0,0,0,24,2026-02-03 13:53:00.805394
FSR,30.4,30.39,30.41,50000000.0,50000000.0,0,0,0,0,0,24,2026-02-03 13:53:00.805394
ATB,62.99,62.98,63.0,50000000.0,50000000.0,0,0,0,0,0,24,2026-02-03 13:53:00.805394
SPK,53.96,53.95,53.97,50000000.0,50000000.0,0,0,0,0,0,24,2026-02-03 13:53:00.805394
EEC,50.46,50.45,50.47,50000000.0,50000000.0,0,0,0,0,0,24,2026-02-03 13:53:00.805394
TGX,43.55,43.54,43.56,50000000.0,50000000.0,0,0,0,0,0,25,2026-02-03 13:53:01.859313
PHR,47.24,47.23,47.25,50000000.0,50000000.0,0,0,0,0,0,25,2026-02-03 13:53:01.859313
BYL,42.61,42.6,42.62,50000000.0,50000000.0,0,0,0,0,0,25,2026-02-03 13:53:01.859313
CLD,76.71,76.7,76.72,50000000.0,50000000.0,0,0,0,0,0,25,2026-02-03 13:53:01.859313
GGD,31.53,31.52,31.54,50000000.0,50000000.0,0,0,0,0,0,25,2026-02-03 13:53:01.859313
PNR,59.63,59.62,59.64,50000000.0,50000000.0,0,0,0,0,0,25,2026-02-03 13:53:01.859313
FSR,30.41,30.4,30.42,50000000.0,50000000.0,0,0,0,0,0,25,2026-02-03 13:53:01.859313
ATB,63.04,63.03,63.05,50000000.0,50000000.0,0,0,0,0,0,25,2026-02-03 13:53:01.859313
SPK,53.98,53.97,53.99,50000000.0,50000000.0,0,0,0,0,0,25,2026-02-03 13:53:01.859313
EEC,50.53,50.52,50.54,50000000.0,50000000.0,0,0,0,0,0,25,2026-02-03 13:53:01.859313
TGX,43.6,43.59,43.61,50000000.0,50000000.0,0,0,0,0,0,26,2026-02-03 13:53:02.422442
PHR,47.55,47.54,47.56,50000000.0,50000000.0,0,0,0,0,0,26,2026-02-03 13:53:02.422442
BYL,42.46,42.45,42.47,50000000.0,50000000.0,0,0,0,0,0,26,2026-02-03 13:53:02.422442
CLD,76.38,76.37,76.39,50000000.0,50000000.0,0,0,0,0,0,26,2026-02-03 13:53:02.422442
GGD,31.5,31.49,31.51,50000000.0,50000000.0,0,0,0,0,0,26,2026-02-03 13:53:02.422442
PNR,59.53,59.52,59.54,50000000.0,50000000.0,0,0,0,0,0,26,2026-02-03 13:53:02.422442
FSR,30.41,30.4,30.42,50000000.0,50000000.0,0,0,0,0,0,26,2026-02-03 13:53:02.422442
ATB,62.68,62.67,62.69,50000000.0,50000000.0,0,0,0,0,0,26,2026-02-03 13:53:02.422442
SPK,54.07,54.06,54.08,50000000.0,50000000.0,0,0,0,0,0,26,2026-02-03 13:53:02.422442
EEC,50.67,50.66,50.68,50000000.0,50000000.0,0,0,0,0,0,26,2026-02-03 13:53:02.422442
TGX,43.62,43.61,43.63,50000000.0,50000000.0,0,0,0,0,0,27,2026-02-03 13:53:03.470141,2.0,1.0,26.0,D5-SPK/EEC,Definitive Agreement Announced,SolarPeak and EastEnergy execute merger agreement with expected closing in 6-9 months.
PHR,47.26,47.25,47.27,50000000.0,50000000.0,0,0,0,0,0,27,2026-02-03 13:53:03.470141,,,,,,
BYL,42.66,42.65,42.67,50000000.0,50000000.0,0,0,0,0,0,27,2026-02-03 13:53:03.470141,,,,,,
CLD,76.85,76.84,76.86,50000000.0,50000000.0,0,0,0,0,0,27,2026-02-03 13:53:03.470141,,,,,,
GGD,31.54,31.53,31.55,50000000.0,50000000.0,0,0,0,0,0,27,2026-02-03 13:53:03.470141,,,,,,
PNR,59.44,59.43,59.45,50000000.0,50000000.0,0,0,0,0,0,27,2026-02-03 13:53:03.470141,,,,,,
FSR,30.46,30.45,30.47,50000000.0,50000000.0,0,0,0,0,0,27,2026-02-03 13:53:03.470141,,,,,,
ATB,62.71,62.7,62.72,50000000.0,50000000.0,0,0,0,0,0,27,2026-02-03 13:53:03.470141,,,,,,
SPK,54.0,53.99,54.01,50000000.0,50000000.0,0,0,0,0,0,27,2026-02-03 13:53:03.470141,,,,,,
EEC,50.53,50.52,50.54,50000000.0,50000000.0,0,0,0,0,0,27,2026-02-03 13:53:03.470141,,,,,,
TGX,43.72,43.71,43.73,50000000.0,50000000.0,0,0,0,0,0,28,2026-02-03 13:53:04.513656
PHR,47.49,47.48,47.5,50000000.0,50000000.0,0,0,0,0,0,28,2026-02-03 13:53:04.513656
BYL,42.82,42.81,42.83,50000000.0,50000000.0,0,0,0,0,0,28,2026-02-03 13:53:04.513656
CLD,77.16,77.15,77.17,50000000.0,50000000.0,0,0,0,0,0,28,2026-02-03 13:53:04.513656
GGD,31.59,31.58,31.6,50000000.0,50000000.0,0,0,0,0,0,28,2026-02-03 13:53:04.513656
PNR,59.7,59.69,59.71,50000000.0,50000000.0,0,0,0,0,0,28,2026-02-03 13:53:04.513656
FSR,30.45,30.44,30.46,50000000.0,50000000.0,0,0,0,0,0,28,2026-02-03 13:53:04.513656
ATB,62.77,62.76,62.78,50000000.0,50000000.0,0,0,0,0,0,28,2026-02-03 13:53:04.513656
SPK,53.83,53.82,53.84,50000000.0,50000000.0,0,0,0,0,0,28,2026-02-03 13:53:04.513656
EEC,50.19,50.18,50.2,50000000.0,50000000.0,0,0,0,0,0,28,2026-02-03 13:53:04.513656
TGX,43.68,43.67,43.69,50000000.0,50000000.0,0,0,0,0,0,29,2026-02-03 13:53:05.559820
PHR,47.45,47.44,47.46,50000000.0,50000000.0,0,0,0,0,0,29,2026-02-03 13:53:05.559820
BYL,42.88,42.87,42.89,50000000.0,50000000.0,0,0,0,0,0,29,2026-02-03 13:53:05.559820
CLD,77.41,77.4,77.42,50000000.0,50000000.0,0,0,0,0,0,29,2026-02-03 13:53:05.559820
GGD,31.63,31.62,31.64,50000000.0,50000000.0,0,0,0,0,0,29,2026-02-03 13:53:05.559820
PNR,59.83,59.82,59.84,50000000.0,50000000.0,0,0,0,0,0,29,2026-02-03 13:53:05.559820
FSR,30.47,30.46,30.48,50000000.0,50000000.0,0,0,0,0,0,29,2026-02-03 13:53:05.559820
ATB,62.7,62.69,62.71,50000000.0,50000000.0,0,0,0,0,0,29,2026-02-03 13:53:05.559820
SPK,53.79,53.78,53.8,50000000.0,50000000.0,0,0,0,0,0,29,2026-02-03 13:53:05.559820
EEC,50.14,50.13,50.15,50000000.0,50000000.0,0,0,0,0,0,29,2026-02-03 13:53:05.559820
TGX,43.72,43.71,43.73,50000000.0,50000000.0,0,0,0,0,0,30,2026-02-03 13:53:06.595703
PHR,47.4,47.39,47.41,50000000.0,50000000.0,0,0,0,0,0,30,2026-02-03 13:53:06.595703
BYL,42.74,42.73,42.75,50000000.0,50000000.0,0,0,0,0,0,30,2026-02-03 13:53:06.595703
CLD,77.11,77.1,77.12,50000000.0,50000000.0,0,0,0,0,0,30,2026-02-03 13:53:06.595703
GGD,31.71,31.7,31.72,50000000.0,50000000.0,0,0,0,0,0,30,2026-02-03 13:53:06.595703
PNR,59.89,59.88,59.9,50000000.0,50000000.0,0,0,0,0,0,30,2026-02-03 13:53:06.595703
FSR,30.44,30.43,30.45,50000000.0,50000000.0,0,0,0,0,0,30,2026-02-03 13:53:06.595703
ATB,62.52,62.51,62.53,50000000.0,50000000.0,0,0,0,0,0,30,2026-02-03 13:53:06.595703
SPK,53.94,53.93,53.95,50000000.0,50000000.0,0,0,0,0,0,30,2026-02-03 13:53:06.595703
EEC,50.42,50.41,50.43,50000000.0,50000000.0,0,0,0,0,0,30,2026-02-03 13:53:06.595703
TGX,43.71,43.7,43.72,50000000.0,50000000.0,0,0,0,0,0,31,2026-02-03 13:53:07.634821
PHR,47.47,47.46,47.48,50000000.0,50000000.0,0,0,0,0,0,31,2026-02-03 13:53:07.634821
BYL,43.0,42.99,43.01,50000000.0,50000000.0,0,0,0,0,0,31,2026-02-03 13:53:07.634821
CLD,77.84,77.83,77.85,50000000.0,50000000.0,0,0,0,0,0,31,2026-02-03 13:53:07.634821
GGD,31.74,31.73,31.75,50000000.0,50000000.0,0,0,0,0,0,31,2026-02-03 13:53:07.634821
PNR,60.05,60.04,60.06,50000000.0,50000000.0,0,0,0,0,0,31,2026-02-03 13:53:07.634821
FSR,30.43,30.42,30.44,50000000.0,50000000.0,0,0,0,0,0,31,2026-02-03 13:53:07.634821
ATB,62.55,62.54,62.56,50000000.0,50000000.0,0,0,0,0,0,31,2026-02-03 13:53:07.634821
SPK,53.9,53.89,53.91,50000000.0,50000000.0,0,0,0,0,0,31,2026-02-03 13:53:07.634821
EEC,50.38,50.37,50.39,50000000.0,50000000.0,0,0,0,0,0,31,2026-02-03 13:53:07.634821
TGX,43.73,43.72,43.74,50000000.0,50000000.0,0,0,0,0,0,32,2026-02-03 13:53:08.673374,3.0,1.0,31.0,D4-FSR/ATB,Bank Credit Spreads Widen Sharply,Regional bank bond spreads widen 150bp on banking sector stress and deposit outflow concerns.
PHR,47.25,47.24,47.26,50000000.0,50000000.0,0,0,0,0,0,32,2026-02-03 13:53:08.673374,,,,,,
BYL,43.07,43.06,43.08,50000000.0,50000000.0,0,0,0,0,0,32,2026-02-03 13:53:08.673374,,,,,,
CLD,78.12,78.11,78.13,50000000.0,50000000.0,0,0,0,0,0,32,2026-02-03 13:53:08.673374,,,,,,
GGD,31.61,31.6,31.62,50000000.0,50000000.0,0,0,0,0,0,32,2026-02-03 13:53:08.673374,,,,,,
PNR,59.95,59.94,59.96,50000000.0,50000000.0,0,0,0,0,0,32,2026-02-03 13:53:08.673374,,,,,,
FSR,30.43,30.42,30.44,50000000.0,50000000.0,0,0,0,0,0,32,2026-02-03 13:53:08.673374,,,,,,
ATB,62.94,62.93,62.95,50000000.0,50000000.0,0,0,0,0,0,32,2026-02-03 13:53:08.673374,,,,,,
SPK,53.91,53.89,53.91,50000000.0,50000000.0,0,0,0,0,0,32,2026-02-03 13:53:08.673374,,,,,,
EEC,50.31,50.31,50.33,50000000.0,50000000.0,0,0,0,0,0,32,2026-02-03 13:53:08.673374,,,,,,
TGX,43.66,43.65,43.67,50000000.0,50000000.0,0,0,0,0,0,33,2026-02-03 13:53:09.712029
PHR,47.12,47.11,47.13,50000000.0,50000000.0,0,0,0,0,0,33,2026-02-03 13:53:09.712029
BYL,42.88,42.87,42.89,50000000.0,50000000.0,0,0,0,0,0,33,2026-02-03 13:53:09.712029
CLD,77.64,77.63,77.65,50000000.0,50000000.0,0,0,0,0,0,33,2026-02-03 13:53:09.712029
GGD,31.6,31.59,31.61,50000000.0,50000000.0,0,0,0,0,0,33,2026-02-03 13:53:09.712029
PNR,59.9,59.89,59.91,50000000.0,50000000.0,0,0,0,0,0,33,2026-02-03 13:53:09.712029
FSR,30.47,30.46,30.48,50000000.0,50000000.0,0,0,0,0,0,33,2026-02-03 13:53:09.712029
ATB,62.91,62.9,62.92,50000000.0,50000000.0,0,0,0,0,0,33,2026-02-03 13:53:09.712029
SPK,53.81,53.79,53.81,50000000.0,50000000.0,0,0,0,0,0,33,2026-02-03 13:53:09.712029
EEC,50.11,50.11,50.13,50000000.0,50000000.0,0,0,0,0,0,33,2026-02-03 13:53:09.712029
TGX,43.7,43.69,43.71,50000000.0,50000000.0,0,0,0,0,0,34,2026-02-03 13:53:10.748844,4.0,1.0,33.0,D1-TGX/PHR,Outside Date Extended,"The merger agreement outside date has been extended from September 30 to December 31 by mutual agreement, providing additional time for regulatory clearances."
PHR,46.98,46.97,46.99,50000000.0,50000000.0,0,0,0,0,0,34,2026-02-03 13:53:10.748844,,,,,,
BYL,43.17,43.16,43.18,50000000.0,50000000.0,0,0,0,0,0,34,2026-02-03 13:53:10.748844,,,,,,
CLD,78.09,78.08,78.1,50000000.0,50000000.0,0,0,0,0,0,34,2026-02-03 13:53:10.748844,,,,,,
GGD,31.55,31.54,31.56,50000000.0,50000000.0,0,0,0,0,0,34,2026-02-03 13:53:10.748844,,,,,,
PNR,60.05,60.04,60.06,50000000.0,50000000.0,0,0,0,0,0,34,2026-02-03 13:53:10.748844,,,,,,
FSR,30.48,30.47,30.49,50000000.0,50000000.0,0,0,0,0,0,34,2026-02-03 13:53:10.748844,,,,,,
ATB,63.04,63.03,63.05,50000000.0,50000000.0,0,0,0,0,0,34,2026-02-03 13:53:10.748844,,,,,,
SPK,53.73,53.72,53.74,50000000.0,50000000.0,0,0,0,0,0,34,2026-02-03 13:53:10.748844,,,,,,
EEC,49.98,49.97,49.99,50000000.0,50000000.0,0,0,0,0,0,34,2026-02-03 13:53:10.748844,,,,,,
TGX,43.74,43.73,43.75,50000000.0,50000000.0,0,0,0,0,0,35,2026-02-03 13:53:11.787911
PHR,47.1,47.09,47.11,50000000.0,50000000.0,0,0,0,0,0,35,2026-02-03 13:53:11.787911
BYL,43.46,43.45,43.47,50000000.0,50000000.0,0,0,0,0,0,35,2026-02-03 13:53:11.787911
CLD,78.66,78.65,78.67,50000000.0,50000000.0,0,0,0,0,0,35,2026-02-03 13:53:11.787911
GGD,31.6,31.59,31.61,50000000.0,50000000.0,0,0,0,0,0,35,2026-02-03 13:53:11.787911
PNR,59.89,59.88,59.9,50000000.0,50000000.0,0,0,0,0,0,35,2026-02-03 13:53:11.787911
FSR,30.5,30.49,30.51,50000000.0,50000000.0,0,0,0,0,0,35,2026-02-03 13:53:11.787911
ATB,62.81,62.8,62.82,50000000.0,50000000.0,0,0,0,0,0,35,2026-02-03 13:53:11.787911
SPK,53.71,53.7,53.72,50000000.0,50000000.0,0,0,0,0,0,35,2026-02-03 13:53:11.787911
EEC,49.92,49.91,49.93,50000000.0,50000000.0,0,0,0,0,0,35,2026-02-03 13:53:11.787911
TGX,43.77,43.76,43.78,50000000.0,50000000.0,0,0,0,0,0,36,2026-02-03 13:53:12.832359
PHR,47.43,47.42,47.44,50000000.0,50000000.0,0,0,0,0,0,36,2026-02-03 13:53:12.832359
BYL,42.96,42.95,42.97,50000000.0,50000000.0,0,0,0,0,0,36,2026-02-03 13:53:12.832359
CLD,77.4,77.39,77.41,50000000.0,50000000.0,0,0,0,0,0,36,2026-02-03 13:53:12.832359
GGD,31.55,31.54,31.56,50000000.0,50000000.0,0,0,0,0,0,36,2026-02-03 13:53:12.832359
PNR,59.62,59.61,59.63,50000000.0,50000000.0,0,0,0,0,0,36,2026-02-03 13:53:12.832359
FSR,30.5,30.49,30.51,50000000.0,50000000.0,0,0,0,0,0,36,2026-02-03 13:53:12.832359
ATB,62.69,62.68,62.7,50000000.0,50000000.0,0,0,0,0,0,36,2026-02-03 13:53:12.832359
SPK,54.03,54.02,54.04,50000000.0,50000000.0,0,0,0,0,0,36,2026-02-03 13:53:12.832359
EEC,50.4,50.39,50.41,50000000.0,50000000.0,0,0,0,0,0,36,2026-02-03 13:53:12.832359
TGX,43.83,43.82,43.84,50000000.0,50000000.0,0,0,0,0,0,37,2026-02-03 13:53:13.874694
PHR,47.35,47.34,47.36,50000000.0,50000000.0,0,0,0,0,0,37,2026-02-03 13:53:13.874694
BYL,42.53,42.52,42.54,50000000.0,50000000.0,0,0,0,0,0,37,2026-02-03 13:53:13.874694
CLD,76.44,76.43,76.45,50000000.0,50000000.0,0,0,0,0,0,37,2026-02-03 13:53:13.874694
GGD,31.49,31.48,31.5,50000000.0,50000000.0,0,0,0,0,0,37,2026-02-03 13:53:13.874694
PNR,59.72,59.71,59.73,50000000.0,50000000.0,0,0,0,0,0,37,2026-02-03 13:53:13.874694
FSR,30.49,30.48,30.5,50000000.0,50000000.0,0,0,0,0,0,37,2026-02-03 13:53:13.874694
ATB,62.87,62.86,62.88,50000000.0,50000000.0,0,0,0,0,0,37,2026-02-03 13:53:13.874694
SPK,53.95,53.93,53.95,50000000.0,50000000.0,0,0,0,0,0,37,2026-02-03 13:53:13.874694
EEC,50.26,50.26,50.28,50000000.0,50000000.0,0,0,0,0,0,37,2026-02-03 13:53:13.874694
TGX,43.82,43.81,43.83,50000000.0,50000000.0,0,0,0,0,0,38,2026-02-03 13:53:14.906278
PHR,46.86,46.85,46.87,50000000.0,50000000.0,0,0,0,0,0,38,2026-02-03 13:53:14.906278
BYL,42.63,42.62,42.64,50000000.0,50000000.0,0,0,0,0,0,38,2026-02-03 13:53:14.906278
CLD,76.72,76.71,76.73,50000000.0,50000000.0,0,0,0,0,0,38,2026-02-03 13:53:14.906278
GGD,31.46,31.45,31.47,50000000.0,50000000.0,0,0,0,0,0,38,2026-02-03 13:53:14.906278
PNR,59.81,59.8,59.82,50000000.0,50000000.0,0,0,0,0,0,38,2026-02-03 13:53:14.906278
FSR,30.48,30.47,30.49,50000000.0,50000000.0,0,0,0,0,0,38,2026-02-03 13:53:14.906278
ATB,63.43,63.42,63.44,50000000.0,50000000.0,0,0,0,0,0,38,2026-02-03 13:53:14.906278
SPK,53.92,53.91,53.93,50000000.0,50000000.0,0,0,0,0,0,38,2026-02-03 13:53:14.906278
EEC,50.27,50.26,50.28,50000000.0,50000000.0,0,0,0,0,0,38,2026-02-03 13:53:14.906278
TGX,43.9,43.89,43.91,50000000.0,50000000.0,0,0,0,0,0,39,2026-02-03 13:53:15.937295
PHR,47.05,47.04,47.06,50000000.0,50000000.0,0,0,0,0,0,39,2026-02-03 13:53:15.937295
BYL,42.72,42.71,42.73,50000000.0,50000000.0,0,0,0,0,0,39,2026-02-03 13:53:15.937295
CLD,76.85,76.84,76.86,50000000.0,50000000.0,0,0,0,0,0,39,2026-02-03 13:53:15.937295
GGD,31.41,31.4,31.42,50000000.0,50000000.0,0,0,0,0,0,39,2026-02-03 13:53:15.937295
PNR,59.75,59.74,59.76,50000000.0,50000000.0,0,0,0,0,0,39,2026-02-03 13:53:15.937295
FSR,30.48,30.47,30.49,50000000.0,50000000.0,0,0,0,0,0,39,2026-02-03 13:53:15.937295
ATB,63.4,63.39,63.41,50000000.0,50000000.0,0,0,0,0,0,39,2026-02-03 13:53:15.937295
SPK,54.04,54.03,54.05,50000000.0,50000000.0,0,0,0,0,0,39,2026-02-03 13:53:15.937295
EEC,50.52,50.51,50.53,50000000.0,50000000.0,0,0,0,0,0,39,2026-02-03 13:53:15.937295
TGX,43.85,43.84,43.86,50000000.0,50000000.0,0,0,0,0,0,40,2026-02-03 13:53:16.494450
PHR,46.73,46.72,46.74,50000000.0,50000000.0,0,0,0,0,0,40,2026-02-03 13:53:16.494450
BYL,42.84,42.83,42.85,50000000.0,50000000.0,0,0,0,0,0,40,2026-02-03 13:53:16.494450
CLD,77.12,77.11,77.13,50000000.0,50000000.0,0,0,0,0,0,40,2026-02-03 13:53:16.494450
GGD,31.38,31.37,31.39,50000000.0,50000000.0,0,0,0,0,0,40,2026-02-03 13:53:16.494450
PNR,59.76,59.75,59.77,50000000.0,50000000.0,0,0,0,0,0,40,2026-02-03 13:53:16.494450
FSR,30.45,30.44,30.46,50000000.0,50000000.0,0,0,0,0,0,40,2026-02-03 13:53:16.494450
ATB,63.54,63.53,63.55,50000000.0,50000000.0,0,0,0,0,0,40,2026-02-03 13:53:16.494450
SPK,53.96,53.95,53.97,50000000.0,50000000.0,0,0,0,0,0,40,2026-02-03 13:53:16.494450
EEC,50.44,50.43,50.45,50000000.0,50000000.0,0,0,0,0,0,40,2026-02-03 13:53:16.494450
TGX,43.91,43.9,43.92,50000000.0,50000000.0,0,0,0,0,0,41,2026-02-03 13:53:17.539491
PHR,46.67,46.66,46.68,50000000.0,50000000.0,0,0,0,0,0,41,2026-02-03 13:53:17.539491
BYL,43.04,43.03,43.05,50000000.0,50000000.0,0,0,0,0,0,41,2026-02-03 13:53:17.539491
CLD,77.53,77.52,77.54,50000000.0,50000000.0,0,0,0,0,0,41,2026-02-03 13:53:17.539491
GGD,31.39,31.38,31.4,50000000.0,50000000.0,0,0,0,0,0,41,2026-02-03 13:53:17.539491
PNR,60.03,60.02,60.04,50000000.0,50000000.0,0,0,0,0,0,41,2026-02-03 13:53:17.539491
FSR,30.47,30.46,30.48,50000000.0,50000000.0,0,0,0,0,0,41,2026-02-03 13:53:17.539491
ATB,63.84,63.83,63.85,50000000.0,50000000.0,0,0,0,0,0,41,2026-02-03 13:53:17.539491
SPK,53.95,53.94,53.96,50000000.0,50000000.0,0,0,0,0,0,41,2026-02-03 13:53:17.539491
EEC,50.46,50.45,50.47,50000000.0,50000000.0,0,0,0,0,0,41,2026-02-03 13:53:17.539491
TGX,43.89,43.88,43.9,50000000.0,50000000.0,0,0,0,0,0,42,2026-02-03 13:53:18.597396
PHR,46.19,46.18,46.2,50000000.0,50000000.0,0,0,0,0,0,42,2026-02-03 13:53:18.597396
BYL,43.03,43.02,43.04,50000000.0,50000000.0,0,0,0,0,0,42,2026-02-03 13:53:18.597396
CLD,77.3,77.29,77.31,50000000.0,50000000.0,0,0,0,0,0,42,2026-02-03 13:53:18.597396
GGD,31.36,31.35,31.37,50000000.0,50000000.0,0,0,0,0,0,42,2026-02-03 13:53:18.597396
PNR,60.05,60.04,60.06,50000000.0,50000000.0,0,0,0,0,0,42,2026-02-03 13:53:18.597396
FSR,30.44,30.43,30.45,50000000.0,50000000.0,0,0,0,0,0,42,2026-02-03 13:53:18.597396
ATB,64.29,64.28,64.3,50000000.0,50000000.0,0,0,0,0,0,42,2026-02-03 13:53:18.597396
SPK,54.06,54.05,54.07,50000000.0,50000000.0,0,0,0,0,0,42,2026-02-03 13:53:18.597396
EEC,50.61,50.6,50.62,50000000.0,50000000.0,0,0,0,0,0,42,2026-02-03 13:53:18.597396
TGX,43.93,43.92,43.94,50000000.0,50000000.0,0,0,0,0,0,43,2026-02-03 13:53:19.640111
PHR,46.34,46.33,46.35,50000000.0,50000000.0,0,0,0,0,0,43,2026-02-03 13:53:19.640111
BYL,42.94,42.93,42.95,50000000.0,50000000.0,0,0,0,0,0,43,2026-02-03 13:53:19.640111
CLD,77.01,77.0,77.02,50000000.0,50000000.0,0,0,0,0,0,43,2026-02-03 13:53:19.640111
GGD,31.27,31.26,31.28,50000000.0,50000000.0,0,0,0,0,0,43,2026-02-03 13:53:19.640111
PNR,60.15,60.14,60.16,50000000.0,50000000.0,0,0,0,0,0,43,2026-02-03 13:53:19.640111
FSR,30.43,30.42,30.44,50000000.0,50000000.0,0,0,0,0,0,43,2026-02-03 13:53:19.640111
ATB,64.16,64.15,64.17,50000000.0,50000000.0,0,0,0,0,0,43,2026-02-03 13:53:19.640111
SPK,54.0,53.99,54.01,50000000.0,50000000.0,0,0,0,0,0,43,2026-02-03 13:53:19.640111
EEC,50.54,50.53,50.55,50000000.0,50000000.0,0,0,0,0,0,43,2026-02-03 13:53:19.640111
TGX,43.82,43.81,43.83,50000000.0,50000000.0,0,0,0,0,0,44,2026-02-03 13:53:20.677937
PHR,46.23,46.22,46.24,50000000.0,50000000.0,0,0,0,0,0,44,2026-02-03 13:53:20.677937
BYL,43.01,43.0,43.02,50000000.0,50000000.0,0,0,0,0,0,44,2026-02-03 13:53:20.677937
CLD,77.01,77.0,77.02,50000000.0,50000000.0,0,0,0,0,0,44,2026-02-03 13:53:20.677937
GGD,31.19,31.18,31.2,50000000.0,50000000.0,0,0,0,0,0,44,2026-02-03 13:53:20.677937
PNR,60.19,60.18,60.2,50000000.0,50000000.0,0,0,0,0,0,44,2026-02-03 13:53:20.677937
FSR,30.45,30.44,30.46,50000000.0,50000000.0,0,0,0,0,0,44,2026-02-03 13:53:20.677937
ATB,64.03,64.02,64.04,50000000.0,50000000.0,0,0,0,0,0,44,2026-02-03 13:53:20.677937
SPK,54.06,54.05,54.07,50000000.0,50000000.0,0,0,0,0,0,44,2026-02-03 13:53:20.677937
EEC,50.66,50.65,50.67,50000000.0,50000000.0,0,0,0,0,0,44,2026-02-03 13:53:20.677937
TGX,43.78,43.77,43.79,50000000.0,50000000.0,0,0,0,0,0,45,2026-02-03 13:53:21.723314
PHR,46.04,46.03,46.05,50000000.0,50000000.0,0,0,0,0,0,45,2026-02-03 13:53:21.723314
BYL,43.04,43.03,43.05,50000000.0,50000000.0,0,0,0,0,0,45,2026-02-03 13:53:21.723314
CLD,77.06,77.05,77.07,50000000.0,50000000.0,0,0,0,0,0,45,2026-02-03 13:53:21.723314
GGD,31.25,31.24,31.26,50000000.0,50000000.0,0,0,0,0,0,45,2026-02-03 13:53:21.723314
PNR,60.5,60.49,60.51,50000000.0,50000000.0,0,0,0,0,0,45,2026-02-03 13:53:21.723314
FSR,30.44,30.43,30.45,50000000.0,50000000.0,0,0,0,0,0,45,2026-02-03 13:53:21.723314
ATB,64.21,64.2,64.22,50000000.0,50000000.0,0,0,0,0,0,45,2026-02-03 13:53:21.723314
SPK,54.06,54.05,54.07,50000000.0,50000000.0,0,0,0,0,0,45,2026-02-03 13:53:21.723314
EEC,50.6,50.59,50.61,50000000.0,50000000.0,0,0,0,0,0,45,2026-02-03 13:53:21.723314
TGX,43.77,43.76,43.78,50000000.0,50000000.0,0,0,0,0,0,46,2026-02-03 13:53:22.761866
PHR,46.24,46.23,46.25,50000000.0,50000000.0,0,0,0,0,0,46,2026-02-03 13:53:22.761866
BYL,43.15,43.14,43.16,50000000.0,50000000.0,0,0,0,0,0,46,2026-02-03 13:53:22.761866
CLD,77.14,77.13,77.15,50000000.0,50000000.0,0,0,0,0,0,46,2026-02-03 13:53:22.761866
GGD,31.31,31.3,31.32,50000000.0,50000000.0,0,0,0,0,0,46,2026-02-03 13:53:22.761866
PNR,60.62,60.61,60.63,50000000.0,50000000.0,0,0,0,0,0,46,2026-02-03 13:53:22.761866
FSR,30.45,30.44,30.46,50000000.0,50000000.0,0,0,0,0,0,46,2026-02-03 13:53:22.761866
ATB,64.0,63.99,64.01,50000000.0,50000000.0,0,0,0,0,0,46,2026-02-03 13:53:22.761866
SPK,54.12,54.11,54.13,50000000.0,50000000.0,0,0,0,0,0,46,2026-02-03 13:53:22.761866
EEC,50.67,50.66,50.68,50000000.0,50000000.0,0,0,0,0,0,46,2026-02-03 13:53:22.761866
TGX,43.81,43.8,43.82,50000000.0,50000000.0,0,0,0,0,0,47,2026-02-03 13:53:23.799895
PHR,46.04,46.03,46.05,50000000.0,50000000.0,0,0,0,0,0,47,2026-02-03 13:53:23.799895
BYL,43.32,43.31,43.33,50000000.0,50000000.0,0,0,0,0,0,47,2026-02-03 13:53:23.799895
CLD,77.61,77.6,77.62,50000000.0,50000000.0,0,0,0,0,0,47,2026-02-03 13:53:23.799895
GGD,31.36,31.35,31.37,50000000.0,50000000.0,0,0,0,0,0,47,2026-02-03 13:53:23.799895
PNR,60.73,60.72,60.74,50000000.0,50000000.0,0,0,0,0,0,47,2026-02-03 13:53:23.799895
FSR,30.46,30.45,30.47,50000000.0,50000000.0,0,0,0,0,0,47,2026-02-03 13:53:23.799895
ATB,64.05,64.04,64.06,50000000.0,50000000.0,0,0,0,0,0,47,2026-02-03 13:53:23.799895
SPK,54.11,54.1,54.12,50000000.0,50000000.0,0,0,0,0,0,47,2026-02-03 13:53:23.799895
EEC,50.71,50.7,50.72,50000000.0,50000000.0,0,0,0,0,0,47,2026-02-03 13:53:23.799895
TGX,43.7,43.69,43.71,50000000.0,50000000.0,0,0,0,0,0,48,2026-02-03 13:53:24.838202
PHR,46.12,46.11,46.13,50000000.0,50000000.0,0,0,0,0,0,48,2026-02-03 13:53:24.838202
BYL,43.4,43.39,43.41,50000000.0,50000000.0,0,0,0,0,0,48,2026-02-03 13:53:24.838202
CLD,77.85,77.84,77.86,50000000.0,50000000.0,0,0,0,0,0,48,2026-02-03 13:53:24.838202
GGD,31.37,31.36,31.38,50000000.0,50000000.0,0,0,0,0,0,48,2026-02-03 13:53:24.838202
PNR,60.91,60.9,60.92,50000000.0,50000000.0,0,0,0,0,0,48,2026-02-03 13:53:24.838202
FSR,30.46,30.45,30.47,50000000.0,50000000.0,0,0,0,0,0,48,2026-02-03 13:53:24.838202
ATB,63.85,63.84,63.86,50000000.0,50000000.0,0,0,0,0,0,48,2026-02-03 13:53:24.838202
SPK,54.14,54.13,54.15,50000000.0,50000000.0,0,0,0,0,0,48,2026-02-03 13:53:24.838202
EEC,50.8,50.79,50.81,50000000.0,50000000.0,0,0,0,0,0,48,2026-02-03 13:53:24.838202
TGX,43.71,43.7,43.72,50000000.0,50000000.0,0,0,0,0,0,49,2026-02-03 13:53:25.877357
PHR,46.34,46.33,46.35,50000000.0,50000000.0,0,0,0,0,0,49,2026-02-03 13:53:25.877357
BYL,43.24,43.23,43.25,50000000.0,50000000.0,0,0,0,0,0,49,2026-02-03 13:53:25.877357
CLD,77.49,77.48,77.5,50000000.0,50000000.0,0,0,0,0,0,49,2026-02-03 13:53:25.877357
GGD,31.39,31.38,31.4,50000000.0,50000000.0,0,0,0,0,0,49,2026-02-03 13:53:25.877357
PNR,60.69,60.68,60.7,50000000.0,50000000.0,0,0,0,0,0,49,2026-02-03 13:53:25.877357
FSR,30.48,30.47,30.49,50000000.0,50000000.0,0,0,0,0,0,49,2026-02-03 13:53:25.877357
ATB,63.86,63.85,63.87,50000000.0,50000000.0,0,0,0,0,0,49,2026-02-03 13:53:25.877357
SPK,53.97,53.96,53.98,50000000.0,50000000.0,0,0,0,0,0,49,2026-02-03 13:53:25.877357
EEC,50.47,50.46,50.48,50000000.0,50000000.0,0,0,0,0,0,49,2026-02-03 13:53:25.877357
TGX,43.67,43.66,43.68,50000000.0,50000000.0,0,0,0,0,0,50,2026-02-03 13:53:26.907965
PHR,46.29,46.28,46.3,50000000.0,50000000.0,0,0,0,0,0,50,2026-02-03 13:53:26.907965
BYL,43.35,43.34,43.36,50000000.0,50000000.0,0,0,0,0,0,50,2026-02-03 13:53:26.907965
CLD,77.73,77.72,77.74,50000000.0,50000000.0,0,0,0,0,0,50,2026-02-03 13:53:26.907965
GGD,31.29,31.28,31.3,50000000.0,50000000.0,0,0,0,0,0,50,2026-02-03 13:53:26.907965
PNR,60.56,60.55,60.57,50000000.0,50000000.0,0,0,0,0,0,50,2026-02-03 13:53:26.907965
FSR,30.47,30.46,30.48,50000000.0,50000000.0,0,0,0,0,0,50,2026-02-03 13:53:26.907965
ATB,63.84,63.83,63.85,50000000.0,50000000.0,0,0,0,0,0,50,2026-02-03 13:53:26.907965
SPK,54.27,54.26,54.28,50000000.0,50000000.0,0,0,0,0,0,50,2026-02-03 13:53:26.907965
EEC,50.52,50.51,50.53,50000000.0,50000000.0,0,0,0,0,0,50,2026-02-03 13:53:26.907965
TGX,43.73,43.72,43.74,50000000.0,50000000.0,0,0,0,0,0,51,2026-02-03 13:53:27.948246
PHR,46.32,46.31,46.33,50000000.0,50000000.0,0,0,0,0,0,51,2026-02-03 13:53:27.948246
BYL,43.11,43.1,43.12,50000000.0,50000000.0,0,0,0,0,0,51,2026-02-03 13:53:27.948246
CLD,77.26,77.25,77.27,50000000.0,50000000.0,0,0,0,0,0,51,2026-02-03 13:53:27.948246
GGD,31.27,31.26,31.28,50000000.0,50000000.0,0,0,0,0,0,51,2026-02-03 13:53:27.948246
PNR,60.69,60.68,60.7,50000000.0,50000000.0,0,0,0,0,0,51,2026-02-03 13:53:27.948246
FSR,30.48,30.47,30.49,50000000.0,50000000.0,0,0,0,0,0,51,2026-02-03 13:53:27.948246
ATB,63.95,63.94,63.96,50000000.0,50000000.0,0,0,0,0,0,51,2026-02-03 13:53:27.948246
SPK,54.3,54.29,54.31,50000000.0,50000000.0,0,0,0,0,0,51,2026-02-03 13:53:27.948246
EEC,50.59,50.58,50.6,50000000.0,50000000.0,0,0,0,0,0,51,2026-02-03 13:53:27.948246
TGX,43.69,43.68,43.7,50000000.0,50000000.0,0,0,0,0,0,52,2026-02-03 13:53:28.489328
PHR,46.68,46.67,46.69,50000000.0,50000000.0,0,0,0,0,0,52,2026-02-03 13:53:28.489328
BYL,43.15,43.14,43.16,50000000.0,50000000.0,0,0,0,0,0,52,2026-02-03 13:53:28.489328
CLD,77.39,77.38,77.4,50000000.0,50000000.0,0,0,0,0,0,52,2026-02-03 13:53:28.489328
GGD,31.25,31.24,31.26,50000000.0,50000000.0,0,0,0,0,0,52,2026-02-03 13:53:28.489328
PNR,60.71,60.7,60.72,50000000.0,50000000.0,0,0,0,0,0,52,2026-02-03 13:53:28.489328
FSR,30.48,30.47,30.49,50000000.0,50000000.0,0,0,0,0,0,52,2026-02-03 13:53:28.489328
ATB,64.26,64.25,64.27,50000000.0,50000000.0,0,0,0,0,0,52,2026-02-03 13:53:28.489328
SPK,54.34,54.33,54.35,50000000.0,50000000.0,0,0,0,0,0,52,2026-02-03 13:53:28.489328
EEC,50.61,50.6,50.62,50000000.0,50000000.0,0,0,0,0,0,52,2026-02-03 13:53:28.489328
TGX,43.67,43.66,43.68,50000000.0,50000000.0,0,0,0,0,0,53,2026-02-03 13:53:29.529294
PHR,46.6,46.59,46.61,50000000.0,50000000.0,0,0,0,0,0,53,2026-02-03 13:53:29.529294
BYL,43.11,43.1,43.12,50000000.0,50000000.0,0,0,0,0,0,53,2026-02-03 13:53:29.529294
CLD,77.22,77.21,77.23,50000000.0,50000000.0,0,0,0,0,0,53,2026-02-03 13:53:29.529294
GGD,31.23,31.22,31.24,50000000.0,50000000.0,0,0,0,0,0,53,2026-02-03 13:53:29.529294
PNR,60.51,60.5,60.52,50000000.0,50000000.0,0,0,0,0,0,53,2026-02-03 13:53:29.529294
FSR,30.51,30.5,30.52,50000000.0,50000000.0,0,0,0,0,0,53,2026-02-03 13:53:29.529294
ATB,64.37,64.36,64.38,50000000.0,50000000.0,0,0,0,0,0,53,2026-02-03 13:53:29.529294
SPK,54.24,54.23,54.25,50000000.0,50000000.0,0,0,0,0,0,53,2026-02-03 13:53:29.529294
EEC,50.42,50.41,50.43,50000000.0,50000000.0,0,0,0,0,0,53,2026-02-03 13:53:29.529294
TGX,43.67,43.66,43.68,50000000.0,50000000.0,0,0,0,0,0,54,2026-02-03 13:53:30.573659
PHR,46.91,46.9,46.92,50000000.0,50000000.0,0,0,0,0,0,54,2026-02-03 13:53:30.573659
BYL,43.26,43.25,43.27,50000000.0,50000000.0,0,0,0,0,0,54,2026-02-03 13:53:30.573659
CLD,77.56,77.55,77.57,50000000.0,50000000.0,0,0,0,0,0,54,2026-02-03 13:53:30.573659
GGD,31.24,31.23,31.25,50000000.0,50000000.0,0,0,0,0,0,54,2026-02-03 13:53:30.573659
PNR,60.56,60.55,60.57,50000000.0,50000000.0,0,0,0,0,0,54,2026-02-03 13:53:30.573659
FSR,30.49,30.48,30.5,50000000.0,50000000.0,0,0,0,0,0,54,2026-02-03 13:53:30.573659
ATB,64.25,64.24,64.26,50000000.0,50000000.0,0,0,0,0,0,54,2026-02-03 13:53:30.573659
SPK,54.43,54.42,54.44,50000000.0,50000000.0,0,0,0,0,0,54,2026-02-03 13:53:30.573659
EEC,50.74,50.73,50.75,50000000.0,50000000.0,0,0,0,0,0,54,2026-02-03 13:53:30.573659
TGX,43.65,43.64,43.66,50000000.0,50000000.0,0,0,0,0,0,55,2026-02-03 13:53:31.620507
PHR,47.12,47.11,47.13,50000000.0,50000000.0,0,0,0,0,0,55,2026-02-03 13:53:31.620507
BYL,43.09,43.08,43.1,50000000.0,50000000.0,0,0,0,0,0,55,2026-02-03 13:53:31.620507
CLD,77.38,77.37,77.39,50000000.0,50000000.0,0,0,0,0,0,55,2026-02-03 13:53:31.620507
GGD,31.21,31.2,31.22,50000000.0,50000000.0,0,0,0,0,0,55,2026-02-03 13:53:31.620507
PNR,60.62,60.61,60.63,50000000.0,50000000.0,0,0,0,0,0,55,2026-02-03 13:53:31.620507
FSR,30.52,30.51,30.53,50000000.0,50000000.0,0,0,0,0,0,55,2026-02-03 13:53:31.620507
ATB,64.04,64.03,64.05,50000000.0,50000000.0,0,0,0,0,0,55,2026-02-03 13:53:31.620507
SPK,54.26,54.25,54.27,50000000.0,50000000.0,0,0,0,0,0,55,2026-02-03 13:53:31.620507
EEC,50.42,50.41,50.43,50000000.0,50000000.0,0,0,0,0,0,55,2026-02-03 13:53:31.620507
TGX,43.71,43.7,43.72,50000000.0,50000000.0,0,0,0,0,0,56,2026-02-03 13:53:32.661388
PHR,46.87,46.86,46.88,50000000.0,50000000.0,0,0,0,0,0,56,2026-02-03 13:53:32.661388
BYL,43.2,43.19,43.21,50000000.0,50000000.0,0,0,0,0,0,56,2026-02-03 13:53:32.661388
CLD,77.64,77.63,77.65,50000000.0,50000000.0,0,0,0,0,0,56,2026-02-03 13:53:32.661388
GGD,31.16,31.15,31.17,50000000.0,50000000.0,0,0,0,0,0,56,2026-02-03 13:53:32.661388
PNR,60.54,60.53,60.55,50000000.0,50000000.0,0,0,0,0,0,56,2026-02-03 13:53:32.661388
FSR,30.52,30.51,30.53,50000000.0,50000000.0,0,0,0,0,0,56,2026-02-03 13:53:32.661388
ATB,63.93,63.92,63.94,50000000.0,50000000.0,0,0,0,0,0,56,2026-02-03 13:53:32.661388
SPK,54.04,54.03,54.05,50000000.0,50000000.0,0,0,0,0,0,56,2026-02-03 13:53:32.661388
EEC,50.0,49.99,50.01,50000000.0,50000000.0,0,0,0,0,0,56,2026-02-03 13:53:32.661388
TGX,43.63,43.62,43.64,50000000.0,50000000.0,0,0,0,0,0,57,2026-02-03 13:53:33.695702
PHR,46.76,46.75,46.77,50000000.0,50000000.0,0,0,0,0,0,57,2026-02-03 13:53:33.695702
BYL,43.45,43.44,43.46,50000000.0,50000000.0,0,0,0,0,0,57,2026-02-03 13:53:33.695702
CLD,78.07,78.06,78.08,50000000.0,50000000.0,0,0,0,0,0,57,2026-02-03 13:53:33.695702
GGD,31.15,31.14,31.16,50000000.0,50000000.0,0,0,0,0,0,57,2026-02-03 13:53:33.695702
PNR,60.53,60.52,60.54,50000000.0,50000000.0,0,0,0,0,0,57,2026-02-03 13:53:33.695702
FSR,30.54,30.53,30.55,50000000.0,50000000.0,0,0,0,0,0,57,2026-02-03 13:53:33.695702
ATB,64.01,64.0,64.02,50000000.0,50000000.0,0,0,0,0,0,57,2026-02-03 13:53:33.695702
SPK,53.96,53.95,53.97,50000000.0,50000000.0,0,0,0,0,0,57,2026-02-03 13:53:33.695702
EEC,49.85,49.84,49.86,50000000.0,50000000.0,0,0,0,0,0,57,2026-02-03 13:53:33.695702
TGX,43.75,43.74,43.76,50000000.0,50000000.0,0,0,0,0,0,58,2026-02-03 13:53:34.745505
PHR,46.75,46.74,46.76,50000000.0,50000000.0,0,0,0,0,0,58,2026-02-03 13:53:34.745505
BYL,43.5,43.49,43.51,50000000.0,50000000.0,0,0,0,0,0,58,2026-02-03 13:53:34.745505
CLD,78.02,78.01,78.03,50000000.0,50000000.0,0,0,0,0,0,58,2026-02-03 13:53:34.745505
GGD,31.19,31.18,31.2,50000000.0,50000000.0,0,0,0,0,0,58,2026-02-03 13:53:34.745505
PNR,60.55,60.54,60.56,50000000.0,50000000.0,0,0,0,0,0,58,2026-02-03 13:53:34.745505
FSR,30.58,30.57,30.59,50000000.0,50000000.0,0,0,0,0,0,58,2026-02-03 13:53:34.745505
ATB,63.99,63.98,64.0,50000000.0,50000000.0,0,0,0,0,0,58,2026-02-03 13:53:34.745505
SPK,54.1,54.09,54.11,50000000.0,50000000.0,0,0,0,0,0,58,2026-02-03 13:53:34.745505
EEC,50.16,50.15,50.17,50000000.0,50000000.0,0,0,0,0,0,58,2026-02-03 13:53:34.745505
TGX,43.77,43.76,43.78,50000000.0,50000000.0,0,0,0,0,0,59,2026-02-03 13:53:35.780093
PHR,46.72,46.71,46.73,50000000.0,50000000.0,0,0,0,0,0,59,2026-02-03 13:53:35.780093
BYL,43.47,43.46,43.48,50000000.0,50000000.0,0,0,0,0,0,59,2026-02-03 13:53:35.780093
CLD,77.85,77.84,77.86,50000000.0,50000000.0,0,0,0,0,0,59,2026-02-03 13:53:35.780093
GGD,31.17,31.16,31.18,50000000.0,50000000.0,0,0,0,0,0,59,2026-02-03 13:53:35.780093
PNR,60.47,60.46,60.48,50000000.0,50000000.0,0,0,0,0,0,59,2026-02-03 13:53:35.780093
FSR,30.58,30.57,30.59,50000000.0,50000000.0,0,0,0,0,0,59,2026-02-03 13:53:35.780093
ATB,63.95,63.94,63.96,50000000.0,50000000.0,0,0,0,0,0,59,2026-02-03 13:53:35.780093
SPK,54.12,54.11,54.13,50000000.0,50000000.0,0,0,0,0,0,59,2026-02-03 13:53:35.780093
EEC,50.16,50.15,50.17,50000000.0,50000000.0,0,0,0,0,0,59,2026-02-03 13:53:35.780093
TGX,43.74,43.73,43.75,50000000.0,50000000.0,0,0,0,0,0,60,2026-02-03 13:53:36.822135
PHR,46.68,46.67,46.69,50000000.0,50000000.0,0,0,0,0,0,60,2026-02-03 13:53:36.822135
BYL,43.46,43.45,43.47,50000000.0,50000000.0,0,0,0,0,0,60,2026-02-03 13:53:36.822135
CLD,77.74,77.73,77.75,50000000.0,50000000.0,0,0,0,0,0,60,2026-02-03 13:53:36.822135
GGD,31.14,31.13,31.15,50000000.0,50000000.0,0,0,0,0,0,60,2026-02-03 13:53:36.822135
PNR,60.37,60.36,60.38,50000000.0,50000000.0,0,0,0,0,0,60,2026-02-03 13:53:36.822135
FSR,30.59,30.58,30.6,50000000.0,50000000.0,0,0,0,0,0,60,2026-02-03 13:53:36.822135
ATB,64.09,64.08,64.1,50000000.0,50000000.0,0,0,0,0,0,60,2026-02-03 13:53:36.822135
SPK,53.86,53.85,53.87,50000000.0,50000000.0,0,0,0,0,0,60,2026-02-03 13:53:36.822135
EEC,49.64,49.63,49.65,50000000.0,50000000.0,0,0,0,0,0,60,2026-02-03 13:53:36.822135
TGX,43.7,43.69,43.71,50000000.0,50000000.0,0,0,0,0,0,61,2026-02-03 13:53:37.853301
PHR,46.4,46.39,46.41,50000000.0,50000000.0,0,0,0,0,0,61,2026-02-03 13:53:37.853301
BYL,43.75,43.74,43.76,50000000.0,50000000.0,0,0,0,0,0,61,2026-02-03 13:53:37.853301
CLD,78.48,78.47,78.49,50000000.0,50000000.0,0,0,0,0,0,61,2026-02-03 13:53:37.853301
GGD,31.16,31.15,31.17,50000000.0,50000000.0,0,0,0,0,0,61,2026-02-03 13:53:37.853301
PNR,60.27,60.26,60.28,50000000.0,50000000.0,0,0,0,0,0,61,2026-02-03 13:53:37.853301
FSR,30.57,30.56,30.58,50000000.0,50000000.0,0,0,0,0,0,61,2026-02-03 13:53:37.853301
ATB,64.14,64.13,64.15,50000000.0,50000000.0,0,0,0,0,0,61,2026-02-03 13:53:37.853301
SPK,53.89,53.88,53.9,50000000.0,50000000.0,0,0,0,0,0,61,2026-02-03 13:53:37.853301
EEC,49.69,49.68,49.7,50000000.0,50000000.0,0,0,0,0,0,61,2026-02-03 13:53:37.853301
TGX,43.72,43.71,43.73,50000000.0,50000000.0,0,0,0,0,0,62,2026-02-03 13:53:38.903177
PHR,46.36,46.35,46.37,50000000.0,50000000.0,0,0,0,0,0,62,2026-02-03 13:53:38.903177
BYL,43.95,43.94,43.96,50000000.0,50000000.0,0,0,0,0,0,62,2026-02-03 13:53:38.903177
CLD,79.09,79.08,79.1,50000000.0,50000000.0,0,0,0,0,0,62,2026-02-03 13:53:38.903177
GGD,31.19,31.18,31.2,50000000.0,50000000.0,0,0,0,0,0,62,2026-02-03 13:53:38.903177
PNR,60.32,60.31,60.33,50000000.0,50000000.0,0,0,0,0,0,62,2026-02-03 13:53:38.903177
FSR,30.54,30.53,30.55,50000000.0,50000000.0,0,0,0,0,0,62,2026-02-03 13:53:38.903177
ATB,63.96,63.95,63.97,50000000.0,50000000.0,0,0,0,0,0,62,2026-02-03 13:53:38.903177
SPK,53.76,53.75,53.77,50000000.0,50000000.0,0,0,0,0,0,62,2026-02-03 13:53:38.903177
EEC,49.46,49.45,49.47,50000000.0,50000000.0,0,0,0,0,0,62,2026-02-03 13:53:38.903177
TGX,43.73,43.72,43.74,50000000.0,50000000.0,0,0,0,0,0,63,2026-02-03 13:53:39.937185
PHR,45.97,45.96,45.98,50000000.0,50000000.0,0,0,0,0,0,63,2026-02-03 13:53:39.937185
BYL,44.09,44.08,44.1,50000000.0,50000000.0,0,0,0,0,0,63,2026-02-03 13:53:39.937185
CLD,79.49,79.48,79.5,50000000.0,50000000.0,0,0,0,0,0,63,2026-02-03 13:53:39.937185
GGD,31.21,31.2,31.22,50000000.0,50000000.0,0,0,0,0,0,63,2026-02-03 13:53:39.937185
PNR,60.54,60.53,60.55,50000000.0,50000000.0,0,0,0,0,0,63,2026-02-03 13:53:39.937185
FSR,30.54,30.53,30.55,50000000.0,50000000.0,0,0,0,0,0,63,2026-02-03 13:53:39.937185
ATB,64.08,64.07,64.09,50000000.0,50000000.0,0,0,0,0,0,63,2026-02-03 13:53:39.937185
SPK,53.72,53.71,53.73,50000000.0,50000000.0,0,0,0,0,0,63,2026-02-03 13:53:39.937185
EEC,49.39,49.38,49.4,50000000.0,50000000.0,0,0,0,0,0,63,2026-02-03 13:53:39.937185
TGX,43.66,43.65,43.67,50000000.0,50000000.0,0,0,0,0,0,64,2026-02-03 13:53:40.967325
PHR,45.45,45.44,45.46,50000000.0,50000000.0,0,0,0,0,0,64,2026-02-03 13:53:40.967325
BYL,44.11,44.1,44.12,50000000.0,50000000.0,0,0,0,0,0,64,2026-02-03 13:53:40.967325
CLD,79.58,79.57,79.59,50000000.0,50000000.0,0,0,0,0,0,64,2026-02-03 13:53:40.967325
GGD,31.17,31.16,31.18,50000000.0,50000000.0,0,0,0,0,0,64,2026-02-03 13:53:40.967325
PNR,60.55,60.54,60.56,50000000.0,50000000.0,0,0,0,0,0,64,2026-02-03 13:53:40.967325
FSR,30.52,30.51,30.53,50000000.0,50000000.0,0,0,0,0,0,64,2026-02-03 13:53:40.967325
ATB,64.08,64.07,64.09,50000000.0,50000000.0,0,0,0,0,0,64,2026-02-03 13:53:40.967325
SPK,53.57,53.56,53.58,50000000.0,50000000.0,0,0,0,0,0,64,2026-02-03 13:53:40.967325
EEC,49.09,49.08,49.1,50000000.0,50000000.0,0,0,0,0,0,64,2026-02-03 13:53:40.967325
TGX,43.71,43.7,43.72,50000000.0,50000000.0,0,0,0,0,0,65,2026-02-03 13:53:42.006333
PHR,45.68,45.67,45.69,50000000.0,50000000.0,0,0,0,0,0,65,2026-02-03 13:53:42.006333
BYL,44.12,44.11,44.13,50000000.0,50000000.0,0,0,0,0,0,65,2026-02-03 13:53:42.006333
CLD,79.69,79.68,79.7,50000000.0,50000000.0,0,0,0,0,0,65,2026-02-03 13:53:42.006333
GGD,31.14,31.13,31.15,50000000.0,50000000.0,0,0,0,0,0,65,2026-02-03 13:53:42.006333
PNR,60.71,60.7,60.72,50000000.0,50000000.0,0,0,0,0,0,65,2026-02-03 13:53:42.006333
FSR,30.56,30.55,30.57,50000000.0,50000000.0,0,0,0,0,0,65,2026-02-03 13:53:42.006333
ATB,64.04,64.03,64.05,50000000.0,50000000.0,0,0,0,0,0,65,2026-02-03 13:53:42.006333
SPK,53.48,53.47,53.49,50000000.0,50000000.0,0,0,0,0,0,65,2026-02-03 13:53:42.006333
EEC,48.96,48.95,48.97,50000000.0,50000000.0,0,0,0,0,0,65,2026-02-03 13:53:42.006333
TGX,43.71,43.7,43.72,50000000.0,50000000.0,0,0,0,0,0,66,2026-02-03 13:53:42.546308
PHR,45.9,45.89,45.91,50000000.0,50000000.0,0,0,0,0,0,66,2026-02-03 13:53:42.546308
BYL,43.89,43.88,43.9,50000000.0,50000000.0,0,0,0,0,0,66,2026-02-03 13:53:42.546308
CLD,79.08,79.07,79.09,50000000.0,50000000.0,0,0,0,0,0,66,2026-02-03 13:53:42.546308
GGD,31.17,31.16,31.18,50000000.0,50000000.0,0,0,0,0,0,66,2026-02-03 13:53:42.546308
PNR,60.83,60.82,60.84,50000000.0,50000000.0,0,0,0,0,0,66,2026-02-03 13:53:42.546308
FSR,30.58,30.57,30.59,50000000.0,50000000.0,0,0,0,0,0,66,2026-02-03 13:53:42.546308
ATB,64.01,64.0,64.02,50000000.0,50000000.0,0,0,0,0,0,66,2026-02-03 13:53:42.546308
SPK,53.63,53.62,53.64,50000000.0,50000000.0,0,0,0,0,0,66,2026-02-03 13:53:42.546308
EEC,49.16,49.15,49.17,50000000.0,50000000.0,0,0,0,0,0,66,2026-02-03 13:53:42.546308
TGX,43.64,43.63,43.65,50000000.0,50000000.0,0,0,0,0,0,67,2026-02-03 13:53:43.583473
PHR,46.05,46.04,46.06,50000000.0,50000000.0,0,0,0,0,0,67,2026-02-03 13:53:43.583473
BYL,44.02,44.01,44.03,50000000.0,50000000.0,0,0,0,0,0,67,2026-02-03 13:53:43.583473
CLD,79.24,79.23,79.25,50000000.0,50000000.0,0,0,0,0,0,67,2026-02-03 13:53:43.583473
GGD,31.15,31.14,31.16,50000000.0,50000000.0,0,0,0,0,0,67,2026-02-03 13:53:43.583473
PNR,60.77,60.76,60.78,50000000.0,50000000.0,0,0,0,0,0,67,2026-02-03 13:53:43.583473
FSR,30.56,30.55,30.57,50000000.0,50000000.0,0,0,0,0,0,67,2026-02-03 13:53:43.583473
ATB,64.37,64.36,64.38,50000000.0,50000000.0,0,0,0,0,0,67,2026-02-03 13:53:43.583473
SPK,53.7,53.69,53.71,50000000.0,50000000.0,0,0,0,0,0,67,2026-02-03 13:53:43.583473
EEC,49.27,49.26,49.28,50000000.0,50000000.0,0,0,0,0,0,67,2026-02-03 13:53:43.583473
TGX,43.65,43.64,43.66,50000000.0,50000000.0,0,0,0,0,0,68,2026-02-03 13:53:44.629641
PHR,46.39,46.38,46.4,50000000.0,50000000.0,0,0,0,0,0,68,2026-02-03 13:53:44.629641
BYL,43.86,43.85,43.87,50000000.0,50000000.0,0,0,0,0,0,68,2026-02-03 13:53:44.629641
CLD,78.84,78.83,78.85,50000000.0,50000000.0,0,0,0,0,0,68,2026-02-03 13:53:44.629641
GGD,31.18,31.17,31.19,50000000.0,50000000.0,0,0,0,0,0,68,2026-02-03 13:53:44.629641
PNR,60.77,60.76,60.78,50000000.0,50000000.0,0,0,0,0,0,68,2026-02-03 13:53:44.629641
FSR,30.57,30.56,30.58,50000000.0,50000000.0,0,0,0,0,0,68,2026-02-03 13:53:44.629641
ATB,64.37,64.36,64.38,50000000.0,50000000.0,0,0,0,0,0,68,2026-02-03 13:53:44.629641
SPK,53.89,53.88,53.9,50000000.0,50000000.0,0,0,0,0,0,68,2026-02-03 13:53:44.629641
EEC,49.62,49.61,49.63,50000000.0,50000000.0,0,0,0,0,0,68,2026-02-03 13:53:44.629641
TGX,43.57,43.56,43.58,50000000.0,50000000.0,0,0,0,0,0,69,2026-02-03 13:53:45.674760
PHR,46.52,46.51,46.53,50000000.0,50000000.0,0,0,0,0,0,69,2026-02-03 13:53:45.674760
BYL,43.81,43.8,43.82,50000000.0,50000000.0,0,0,0,0,0,69,2026-02-03 13:53:45.674760
CLD,78.75,78.74,78.76,50000000.0,50000000.0,0,0,0,0,0,69,2026-02-03 13:53:45.674760
GGD,31.11,31.1,31.12,50000000.0,50000000.0,0,0,0,0,0,69,2026-02-03 13:53:45.674760
PNR,60.77,60.76,60.78,50000000.0,50000000.0,0,0,0,0,0,69,2026-02-03 13:53:45.674760
FSR,30.59,30.58,30.6,50000000.0,50000000.0,0,0,0,0,0,69,2026-02-03 13:53:45.674760
ATB,64.15,64.14,64.16,50000000.0,50000000.0,0,0,0,0,0,69,2026-02-03 13:53:45.674760
SPK,53.98,53.97,53.99,50000000.0,50000000.0,0,0,0,0,0,69,2026-02-03 13:53:45.674760
EEC,49.81,49.8,49.82,50000000.0,50000000.0,0,0,0,0,0,69,2026-02-03 13:53:45.674760
TGX,43.59,43.58,43.6,50000000.0,50000000.0,0,0,0,0,0,70,2026-02-03 13:53:46.716962
PHR,46.63,46.62,46.64,50000000.0,50000000.0,0,0,0,0,0,70,2026-02-03 13:53:46.716962
BYL,43.83,43.82,43.84,50000000.0,50000000.0,0,0,0,0,0,70,2026-02-03 13:53:46.716962
CLD,78.61,78.6,78.62,50000000.0,50000000.0,0,0,0,0,0,70,2026-02-03 13:53:46.716962
GGD,31.1,31.09,31.11,50000000.0,50000000.0,0,0,0,0,0,70,2026-02-03 13:53:46.716962
PNR,60.67,60.66,60.68,50000000.0,50000000.0,0,0,0,0,0,70,2026-02-03 13:53:46.716962
FSR,30.62,30.61,30.63,50000000.0,50000000.0,0,0,0,0,0,70,2026-02-03 13:53:46.716962
ATB,64.1,64.09,64.11,50000000.0,50000000.0,0,0,0,0,0,70,2026-02-03 13:53:46.716962
SPK,53.95,53.94,53.96,50000000.0,50000000.0,0,0,0,0,0,70,2026-02-03 13:53:46.716962
EEC,49.76,49.75,49.77,50000000.0,50000000.0,0,0,0,0,0,70,2026-02-03 13:53:46.716962
TGX,43.61,43.6,43.62,50000000.0,50000000.0,0,0,0,0,0,71,2026-02-03 13:53:47.753101
PHR,46.65,46.64,46.66,50000000.0,50000000.0,0,0,0,0,0,71,2026-02-03 13:53:47.753101
BYL,43.58,43.57,43.59,50000000.0,50000000.0,0,0,0,0,0,71,2026-02-03 13:53:47.753101
CLD,78.16,78.15,78.17,50000000.0,50000000.0,0,0,0,0,0,71,2026-02-03 13:53:47.753101
GGD,31.12,31.11,31.13,50000000.0,50000000.0,0,0,0,0,0,71,2026-02-03 13:53:47.753101
PNR,60.51,60.5,60.52,50000000.0,50000000.0,0,0,0,0,0,71,2026-02-03 13:53:47.753101
FSR,30.6,30.59,30.61,50000000.0,50000000.0,0,0,0,0,0,71,2026-02-03 13:53:47.753101
ATB,63.97,63.96,63.98,50000000.0,50000000.0,0,0,0,0,0,71,2026-02-03 13:53:47.753101
SPK,54.03,54.02,54.04,50000000.0,50000000.0,0,0,0,0,0,71,2026-02-03 13:53:47.753101
EEC,49.92,49.91,49.93,50000000.0,50000000.0,0,0,0,0,0,71,2026-02-03 13:53:47.753101
TGX,43.64,43.63,43.65,50000000.0,50000000.0,0,0,0,0,0,72,2026-02-03 13:53:48.786727
PHR,46.62,46.61,46.63,50000000.0,50000000.0,0,0,0,0,0,72,2026-02-03 13:53:48.786727
BYL,43.32,43.31,43.33,50000000.0,50000000.0,0,0,0,0,0,72,2026-02-03 13:53:48.786727
CLD,77.58,77.57,77.59,50000000.0,50000000.0,0,0,0,0,0,72,2026-02-03 13:53:48.786727
GGD,31.13,31.12,31.14,50000000.0,50000000.0,0,0,0,0,0,72,2026-02-03 13:53:48.786727
PNR,60.65,60.64,60.66,50000000.0,50000000.0,0,0,0,0,0,72,2026-02-03 13:53:48.786727
FSR,30.64,30.63,30.65,50000000.0,50000000.0,0,0,0,0,0,72,2026-02-03 13:53:48.786727
ATB,63.79,63.78,63.8,50000000.0,50000000.0,0,0,0,0,0,72,2026-02-03 13:53:48.786727
SPK,54.12,54.11,54.13,50000000.0,50000000.0,0,0,0,0,0,72,2026-02-03 13:53:48.786727
EEC,50.05,50.04,50.06,50000000.0,50000000.0,0,0,0,0,0,72,2026-02-03 13:53:48.786727
TGX,43.67,43.66,43.68,50000000.0,50000000.0,0,0,0,0,0,73,2026-02-03 13:53:49.825087
PHR,46.44,46.43,46.45,50000000.0,50000000.0,0,0,0,0,0,73,2026-02-03 13:53:49.825087
BYL,43.4,43.39,43.41,50000000.0,50000000.0,0,0,0,0,0,73,2026-02-03 13:53:49.825087
CLD,77.65,77.64,77.66,50000000.0,50000000.0,0,0,0,0,0,73,2026-02-03 13:53:49.825087
GGD,31.16,31.15,31.17,50000000.0,50000000.0,0,0,0,0,0,73,2026-02-03 13:53:49.825087
PNR,60.63,60.62,60.64,50000000.0,50000000.0,0,0,0,0,0,73,2026-02-03 13:53:49.825087
FSR,30.64,30.63,30.65,50000000.0,50000000.0,0,0,0,0,0,73,2026-02-03 13:53:49.825087
ATB,64.08,64.07,64.09,50000000.0,50000000.0,0,0,0,0,0,73,2026-02-03 13:53:49.825087
SPK,54.17,54.16,54.18,50000000.0,50000000.0,0,0,0,0,0,73,2026-02-03 13:53:49.825087
EEC,50.16,50.15,50.17,50000000.0,50000000.0,0,0,0,0,0,73,2026-02-03 13:53:49.825087
TGX,43.64,43.63,43.65,50000000.0,50000000.0,0,0,0,0,0,74,2026-02-03 13:53:50.855498
PHR,46.53,46.52,46.54,50000000.0,50000000.0,0,0,0,0,0,74,2026-02-03 13:53:50.855498
BYL,43.18,43.17,43.19,50000000.0,50000000.0,0,0,0,0,0,74,2026-02-03 13:53:50.855498
CLD,77.15,77.14,77.16,50000000.0,50000000.0,0,0,0,0,0,74,2026-02-03 13:53:50.855498
GGD,31.22,31.21,31.23,50000000.0,50000000.0,0,0,0,0,0,74,2026-02-03 13:53:50.855498
PNR,60.55,60.54,60.56,50000000.0,50000000.0,0,0,0,0,0,74,2026-02-03 13:53:50.855498
FSR,30.61,30.6,30.62,50000000.0,50000000.0,0,0,0,0,0,74,2026-02-03 13:53:50.855498
ATB,64.03,64.02,64.04,50000000.0,50000000.0,0,0,0,0,0,74,2026-02-03 13:53:50.855498
SPK,54.16,54.15,54.17,50000000.0,50000000.0,0,0,0,0,0,74,2026-02-03 13:53:50.855498
EEC,50.11,50.1,50.12,50000000.0,50000000.0,0,0,0,0,0,74,2026-02-03 13:53:50.855498
TGX,43.68,43.67,43.69,50000000.0,50000000.0,0,0,0,0,0,75,2026-02-03 13:53:51.888850
PHR,46.92,46.91,46.93,50000000.0,50000000.0,0,0,0,0,0,75,2026-02-03 13:53:51.888850
BYL,42.79,42.78,42.8,50000000.0,50000000.0,0,0,0,0,0,75,2026-02-03 13:53:51.888850
CLD,76.38,76.37,76.39,50000000.0,50000000.0,0,0,0,0,0,75,2026-02-03 13:53:51.888850
GGD,31.23,31.22,31.24,50000000.0,50000000.0,0,0,0,0,0,75,2026-02-03 13:53:51.888850
PNR,60.65,60.64,60.66,50000000.0,50000000.0,0,0,0,0,0,75,2026-02-03 13:53:51.888850
FSR,30.57,30.56,30.58,50000000.0,50000000.0,0,0,0,0,0,75,2026-02-03 13:53:51.888850
ATB,64.08,64.07,64.09,50000000.0,50000000.0,0,0,0,0,0,75,2026-02-03 13:53:51.888850
SPK,54.17,54.16,54.18,50000000.0,50000000.0,0,0,0,0,0,75,2026-02-03 13:53:51.888850
EEC,50.1,50.09,50.11,50000000.0,50000000.0,0,0,0,0,0,75,2026-02-03 13:53:51.888850
TGX,43.59,43.58,43.6,50000000.0,50000000.0,0,0,0,0,0,76,2026-02-03 13:53:52.929875
PHR,46.98,46.97,46.99,50000000.0,50000000.0,0,0,0,0,0,76,2026-02-03 13:53:52.929875
BYL,43.11,43.1,43.12,50000000.0,50000000.0,0,0,0,0,0,76,2026-02-03 13:53:52.929875
CLD,77.15,77.14,77.16,50000000.0,50000000.0,0,0,0,0,0,76,2026-02-03 13:53:52.929875
GGD,31.24,31.23,31.25,50000000.0,50000000.0,0,0,0,0,0,76,2026-02-03 13:53:52.929875
PNR,60.53,60.52,60.54,50000000.0,50000000.0,0,0,0,0,0,76,2026-02-03 13:53:52.929875
FSR,30.57,30.56,30.58,50000000.0,50000000.0,0,0,0,0,0,76,2026-02-03 13:53:52.929875
ATB,64.01,64.0,64.02,50000000.0,50000000.0,0,0,0,0,0,76,2026-02-03 13:53:52.929875
SPK,54.31,54.3,54.32,50000000.0,50000000.0,0,0,0,0,0,76,2026-02-03 13:53:52.929875
EEC,50.37,50.36,50.38,50000000.0,50000000.0,0,0,0,0,0,76,2026-02-03 13:53:52.929875
TGX,43.59,43.58,43.6,50000000.0,50000000.0,0,0,0,0,0,77,2026-02-03 13:53:53.969423
PHR,46.89,46.88,46.9,50000000.0,50000000.0,0,0,0,0,0,77,2026-02-03 13:53:53.969423
BYL,43.17,43.16,43.18,50000000.0,50000000.0,0,0,0,0,0,77,2026-02-03 13:53:53.969423
CLD,77.43,77.42,77.44,50000000.0,50000000.0,0,0,0,0,0,77,2026-02-03 13:53:53.969423
GGD,31.27,31.26,31.28,50000000.0,50000000.0,0,0,0,0,0,77,2026-02-03 13:53:53.969423
PNR,60.47,60.46,60.48,50000000.0,50000000.0,0,0,0,0,0,77,2026-02-03 13:53:53.969423
FSR,30.58,30.57,30.59,50000000.0,50000000.0,0,0,0,0,0,77,2026-02-03 13:53:53.969423
ATB,63.93,63.92,63.94,50000000.0,50000000.0,0,0,0,0,0,77,2026-02-03 13:53:53.969423
SPK,54.46,54.45,54.47,50000000.0,50000000.0,0,0,0,0,0,77,2026-02-03 13:53:53.969423
EEC,50.62,50.61,50.63,50000000.0,50000000.0,0,0,0,0,0,77,2026-02-03 13:53:53.969423
TGX,43.61,43.6,43.62,50000000.0,50000000.0,0,0,0,0,0,78,2026-02-03 13:53:55.006854
PHR,46.51,46.5,46.52,50000000.0,50000000.0,0,0,0,0,0,78,2026-02-03 13:53:55.006854
BYL,43.05,43.04,43.06,50000000.0,50000000.0,0,0,0,0,0,78,2026-02-03 13:53:55.006854
CLD,77.41,77.4,77.42,50000000.0,50000000.0,0,0,0,0,0,78,2026-02-03 13:53:55.006854
GGD,31.28,31.27,31.29,50000000.0,50000000.0,0,0,0,0,0,78,2026-02-03 13:53:55.006854
PNR,60.35,60.34,60.36,50000000.0,50000000.0,0,0,0,0,0,78,2026-02-03 13:53:55.006854
FSR,30.58,30.57,30.59,50000000.0,50000000.0,0,0,0,0,0,78,2026-02-03 13:53:55.006854
ATB,63.66,63.65,63.67,50000000.0,50000000.0,0,0,0,0,0,78,2026-02-03 13:53:55.006854
SPK,54.44,54.43,54.45,50000000.0,50000000.0,0,0,0,0,0,78,2026-02-03 13:53:55.006854
EEC,50.63,50.62,50.64,50000000.0,50000000.0,0,0,0,0,0,78,2026-02-03 13:53:55.006854
TGX,43.66,43.65,43.67,50000000.0,50000000.0,0,0,0,0,0,79,2026-02-03 13:53:56.040474
PHR,46.7,46.69,46.71,50000000.0,50000000.0,0,0,0,0,0,79,2026-02-03 13:53:56.040474
BYL,43.06,43.05,43.07,50000000.0,50000000.0,0,0,0,0,0,79,2026-02-03 13:53:56.040474
CLD,77.48,77.47,77.49,50000000.0,50000000.0,0,0,0,0,0,79,2026-02-03 13:53:56.040474
GGD,31.25,31.24,31.26,50000000.0,50000000.0,0,0,0,0,0,79,2026-02-03 13:53:56.040474
PNR,60.19,60.18,60.2,50000000.0,50000000.0,0,0,0,0,0,79,2026-02-03 13:53:56.040474
FSR,30.59,30.58,30.6,50000000.0,50000000.0,0,0,0,0,0,79,2026-02-03 13:53:56.040474
ATB,63.75,63.74,63.76,50000000.0,50000000.0,0,0,0,0,0,79,2026-02-03 13:53:56.040474
SPK,54.37,54.36,54.38,50000000.0,50000000.0,0,0,0,0,0,79,2026-02-03 13:53:56.040474
EEC,50.55,50.54,50.56,50000000.0,50000000.0,0,0,0,0,0,79,2026-02-03 13:53:56.040474
TGX,43.57,43.56,43.58,50000000.0,50000000.0,0,0,0,0,0,80,2026-02-03 13:53:57.073662
PHR,47.23,47.22,47.24,50000000.0,50000000.0,0,0,0,0,0,80,2026-02-03 13:53:57.073662
BYL,42.72,42.71,42.73,50000000.0,50000000.0,0,0,0,0,0,80,2026-02-03 13:53:57.073662
CLD,76.8,76.79,76.81,50000000.0,50000000.0,0,0,0,0,0,80,2026-02-03 13:53:57.073662
GGD,31.28,31.27,31.29,50000000.0,50000000.0,0,0,0,0,0,80,2026-02-03 13:53:57.073662
PNR,60.15,60.14,60.16,50000000.0,50000000.0,0,0,0,0,0,80,2026-02-03 13:53:57.073662
FSR,30.59,30.58,30.6,50000000.0,50000000.0,0,0,0,0,0,80,2026-02-03 13:53:57.073662
ATB,63.79,63.78,63.8,50000000.0,50000000.0,0,0,0,0,0,80,2026-02-03 13:53:57.073662
SPK,54.3,54.29,54.31,50000000.0,50000000.0,0,0,0,0,0,80,2026-02-03 13:53:57.073662
EEC,50.4,50.39,50.41,50000000.0,50000000.0,0,0,0,0,0,80,2026-02-03 13:53:57.073662
TGX,43.59,43.58,43.6,50000000.0,50000000.0,0,0,0,0,0,81,2026-02-03 13:53:58.111411,5.0,1.0,80.0,D1-TGX/PHR,Bank Syndicate Expands,"The financing syndicate expands from 5 to 8 banks with strong over-subscription, demonstrating robust capital markets support for the transaction."
PHR,47.16,47.15,47.17,50000000.0,50000000.0,0,0,0,0,0,81,2026-02-03 13:53:58.111411,,,,,,
BYL,42.7,42.69,42.71,50000000.0,50000000.0,0,0,0,0,0,81,2026-02-03 13:53:58.111411,,,,,,
CLD,76.71,76.7,76.72,50000000.0,50000000.0,0,0,0,0,0,81,2026-02-03 13:53:58.111411,,,,,,
GGD,31.37,31.36,31.38,50000000.0,50000000.0,0,0,0,0,0,81,2026-02-03 13:53:58.111411,,,,,,
PNR,60.21,60.2,60.22,50000000.0,50000000.0,0,0,0,0,0,81,2026-02-03 13:53:58.111411,,,,,,
FSR,30.6,30.59,30.61,50000000.0,50000000.0,0,0,0,0,0,81,2026-02-03 13:53:58.111411,,,,,,
ATB,63.69,63.68,63.7,50000000.0,50000000.0,0,0,0,0,0,81,2026-02-03 13:53:58.111411,,,,,,
SPK,54.5,54.49,54.51,50000000.0,50000000.0,0,0,0,0,0,81,2026-02-03 13:53:58.111411,,,,,,
EEC,50.74,50.73,50.75,50000000.0,50000000.0,0,0,0,0,0,81,2026-02-03 13:53:58.111411,,,,,,
TGX,43.62,43.61,43.63,50000000.0,50000000.0,0,0,0,0,0,82,2026-02-03 13:53:59.154701
PHR,46.94,46.93,46.95,50000000.0,50000000.0,0,0,0,0,0,82,2026-02-03 13:53:59.154701
BYL,42.79,42.78,42.8,50000000.0,50000000.0,0,0,0,0,0,82,2026-02-03 13:53:59.154701
CLD,76.95,76.94,76.96,50000000.0,50000000.0,0,0,0,0,0,82,2026-02-03 13:53:59.154701
GGD,31.37,31.36,31.38,50000000.0,50000000.0,0,0,0,0,0,82,2026-02-03 13:53:59.154701
PNR,60.22,60.21,60.23,50000000.0,50000000.0,0,0,0,0,0,82,2026-02-03 13:53:59.154701
FSR,30.6,30.59,30.61,50000000.0,50000000.0,0,0,0,0,0,82,2026-02-03 13:53:59.154701
ATB,63.73,63.72,63.74,50000000.0,50000000.0,0,0,0,0,0,82,2026-02-03 13:53:59.154701
SPK,54.51,54.5,54.52,50000000.0,50000000.0,0,0,0,0,0,82,2026-02-03 13:53:59.154701
EEC,50.73,50.72,50.74,50000000.0,50000000.0,0,0,0,0,0,82,2026-02-03 13:53:59.154701
TGX,43.6,43.59,43.61,50000000.0,50000000.0,0,0,0,0,0,83,2026-02-03 13:53:59.684693
PHR,47.14,47.13,47.15,50000000.0,50000000.0,0,0,0,0,0,83,2026-02-03 13:53:59.684693
BYL,42.75,42.74,42.76,50000000.0,50000000.0,0,0,0,0,0,83,2026-02-03 13:53:59.684693
CLD,76.76,76.75,76.77,50000000.0,50000000.0,0,0,0,0,0,83,2026-02-03 13:53:59.684693
GGD,31.32,31.31,31.33,50000000.0,50000000.0,0,0,0,0,0,83,2026-02-03 13:53:59.684693
PNR,59.93,59.92,59.94,50000000.0,50000000.0,0,0,0,0,0,83,2026-02-03 13:53:59.684693
FSR,30.61,30.6,30.62,50000000.0,50000000.0,0,0,0,0,0,83,2026-02-03 13:53:59.684693
ATB,63.94,63.93,63.95,50000000.0,50000000.0,0,0,0,0,0,83,2026-02-03 13:53:59.684693
SPK,54.55,54.54,54.56,50000000.0,50000000.0,0,0,0,0,0,83,2026-02-03 13:53:59.684693
EEC,50.78,50.77,50.79,50000000.0,50000000.0,0,0,0,0,0,83,2026-02-03 13:53:59.684693
TGX,43.55,43.54,43.56,50000000.0,50000000.0,0,0,0,0,0,84,2026-02-03 13:54:00.716843,6.0,1.0,83.0,D4-FSR/ATB,Branch Manager Retention Program,Retention packages offered to 150 key branch managers and relationship bankers.
PHR,46.98,46.97,46.99,50000000.0,50000000.0,0,0,0,0,0,84,2026-02-03 13:54:00.716843,,,,,,
BYL,43.05,43.04,43.06,50000000.0,50000000.0,0,0,0,0,0,84,2026-02-03 13:54:00.716843,,,,,,
CLD,77.56,77.55,77.57,50000000.0,50000000.0,0,0,0,0,0,84,2026-02-03 13:54:00.716843,,,,,,
GGD,31.35,31.34,31.36,50000000.0,50000000.0,0,0,0,0,0,84,2026-02-03 13:54:00.716843,,,,,,
PNR,59.93,59.92,59.94,50000000.0,50000000.0,0,0,0,0,0,84,2026-02-03 13:54:00.716843,,,,,,
FSR,30.64,30.63,30.65,50000000.0,50000000.0,0,0,0,0,0,84,2026-02-03 13:54:00.716843,,,,,,
ATB,63.88,63.87,63.89,50000000.0,50000000.0,0,0,0,0,0,84,2026-02-03 13:54:00.716843,,,,,,
SPK,54.4,54.39,54.41,50000000.0,50000000.0,0,0,0,0,0,84,2026-02-03 13:54:00.716843,,,,,,
EEC,50.59,50.58,50.6,50000000.0,50000000.0,0,0,0,0,0,84,2026-02-03 13:54:00.716843,,,,,,
TGX,43.48,43.47,43.49,50000000.0,50000000.0,0,0,0,0,0,85,2026-02-03 13:54:01.758333
PHR,47.45,47.44,47.46,50000000.0,50000000.0,0,0,0,0,0,85,2026-02-03 13:54:01.758333
BYL,43.0,42.99,43.01,50000000.0,50000000.0,0,0,0,0,0,85,2026-02-03 13:54:01.758333
CLD,77.63,77.62,77.64,50000000.0,50000000.0,0,0,0,0,0,85,2026-02-03 13:54:01.758333
GGD,31.34,31.33,31.35,50000000.0,50000000.0,0,0,0,0,0,85,2026-02-03 13:54:01.758333
PNR,59.97,59.96,59.98,50000000.0,50000000.0,0,0,0,0,0,85,2026-02-03 13:54:01.758333
FSR,30.61,30.6,30.62,50000000.0,50000000.0,0,0,0,0,0,85,2026-02-03 13:54:01.758333
ATB,64.05,64.04,64.06,50000000.0,50000000.0,0,0,0,0,0,85,2026-02-03 13:54:01.758333
SPK,54.59,54.58,54.6,50000000.0,50000000.0,0,0,0,0,0,85,2026-02-03 13:54:01.758333
EEC,50.92,50.91,50.93,50000000.0,50000000.0,0,0,0,0,0,85,2026-02-03 13:54:01.758333
TGX,43.53,43.52,43.54,50000000.0,50000000.0,0,0,0,0,0,86,2026-02-03 13:54:02.792424
PHR,47.48,47.47,47.49,50000000.0,50000000.0,0,0,0,0,0,86,2026-02-03 13:54:02.792424
BYL,43.16,43.15,43.17,50000000.0,50000000.0,0,0,0,0,0,86,2026-02-03 13:54:02.792424
CLD,78.03,78.02,78.04,50000000.0,50000000.0,0,0,0,0,0,86,2026-02-03 13:54:02.792424
GGD,31.4,31.39,31.41,50000000.0,50000000.0,0,0,0,0,0,86,2026-02-03 13:54:02.792424
PNR,59.91,59.9,59.92,50000000.0,50000000.0,0,0,0,0,0,86,2026-02-03 13:54:02.792424
FSR,30.62,30.61,30.63,50000000.0,50000000.0,0,0,0,0,0,86,2026-02-03 13:54:02.792424
ATB,63.95,63.94,63.96,50000000.0,50000000.0,0,0,0,0,0,86,2026-02-03 13:54:02.792424
SPK,54.68,54.67,54.69,50000000.0,50000000.0,0,0,0,0,0,86,2026-02-03 13:54:02.792424
EEC,51.1,51.09,51.11,50000000.0,50000000.0,0,0,0,0,0,86,2026-02-03 13:54:02.792424
TGX,43.53,43.52,43.54,50000000.0,50000000.0,0,0,0,0,0,87,2026-02-03 13:54:03.828981
PHR,47.52,47.51,47.53,50000000.0,50000000.0,0,0,0,0,0,87,2026-02-03 13:54:03.828981
BYL,43.44,43.43,43.45,50000000.0,50000000.0,0,0,0,0,0,87,2026-02-03 13:54:03.828981
CLD,78.42,78.41,78.43,50000000.0,50000000.0,0,0,0,0,0,87,2026-02-03 13:54:03.828981
GGD,31.46,31.45,31.47,50000000.0,50000000.0,0,0,0,0,0,87,2026-02-03 13:54:03.828981
PNR,59.94,59.93,59.95,50000000.0,50000000.0,0,0,0,0,0,87,2026-02-03 13:54:03.828981
FSR,30.61,30.6,30.62,50000000.0,50000000.0,0,0,0,0,0,87,2026-02-03 13:54:03.828981
ATB,63.57,63.56,63.58,50000000.0,50000000.0,0,0,0,0,0,87,2026-02-03 13:54:03.828981
SPK,54.73,54.72,54.74,50000000.0,50000000.0,0,0,0,0,0,87,2026-02-03 13:54:03.828981
EEC,51.13,51.12,51.14,50000000.0,50000000.0,0,0,0,0,0,87,2026-02-03 13:54:03.828981
TGX,43.45,43.44,43.46,50000000.0,50000000.0,0,0,0,0,0,88,2026-02-03 13:54:04.870034
PHR,47.62,47.61,47.63,50000000.0,50000000.0,0,0,0,0,0,88,2026-02-03 13:54:04.870034
BYL,43.16,43.15,43.17,50000000.0,50000000.0,0,0,0,0,0,88,2026-02-03 13:54:04.870034
CLD,77.85,77.84,77.86,50000000.0,50000000.0,0,0,0,0,0,88,2026-02-03 13:54:04.870034
GGD,31.42,31.41,31.43,50000000.0,50000000.0,0,0,0,0,0,88,2026-02-03 13:54:04.870034
PNR,60.07,60.06,60.08,50000000.0,50000000.0,0,0,0,0,0,88,2026-02-03 13:54:04.870034
FSR,30.63,30.62,30.64,50000000.0,50000000.0,0,0,0,0,0,88,2026-02-03 13:54:04.870034
ATB,63.74,63.73,63.75,50000000.0,50000000.0,0,0,0,0,0,88,2026-02-03 13:54:04.870034
SPK,54.75,54.74,54.76,50000000.0,50000000.0,0,0,0,0,0,88,2026-02-03 13:54:04.870034
EEC,51.19,51.18,51.2,50000000.0,50000000.0,0,0,0,0,0,88,2026-02-03 13:54:04.870034
TGX,43.47,43.46,43.48,50000000.0,50000000.0,0,0,0,0,0,89,2026-02-03 13:54:05.910355
PHR,47.66,47.65,47.67,50000000.0,50000000.0,0,0,0,0,0,89,2026-02-03 13:54:05.910355
BYL,43.14,43.13,43.15,50000000.0,50000000.0,0,0,0,0,0,89,2026-02-03 13:54:05.910355
CLD,77.75,77.74,77.76,50000000.0,50000000.0,0,0,0,0,0,89,2026-02-03 13:54:05.910355
GGD,31.38,31.37,31.39,50000000.0,50000000.0,0,0,0,0,0,89,2026-02-03 13:54:05.910355
PNR,60.22,60.21,60.23,50000000.0,50000000.0,0,0,0,0,0,89,2026-02-03 13:54:05.910355
FSR,30.68,30.67,30.69,50000000.0,50000000.0,0,0,0,0,0,89,2026-02-03 13:54:05.910355
ATB,63.82,63.81,63.83,50000000.0,50000000.0,0,0,0,0,0,89,2026-02-03 13:54:05.910355
SPK,54.61,54.6,54.62,50000000.0,50000000.0,0,0,0,0,0,89,2026-02-03 13:54:05.910355
EEC,50.97,50.96,50.98,50000000.0,50000000.0,0,0,0,0,0,89,2026-02-03 13:54:05.910355
TGX,43.52,43.51,43.53,50000000.0,50000000.0,0,0,0,0,0,90,2026-02-03 13:54:06.950877
PHR,47.69,47.68,47.7,50000000.0,50000000.0,0,0,0,0,0,90,2026-02-03 13:54:06.950877
BYL,43.08,43.07,43.09,50000000.0,50000000.0,0,0,0,0,0,90,2026-02-03 13:54:06.950877
CLD,77.69,77.68,77.7,50000000.0,50000000.0,0,0,0,0,0,90,2026-02-03 13:54:06.950877
GGD,31.42,31.41,31.43,50000000.0,50000000.0,0,0,0,0,0,90,2026-02-03 13:54:06.950877
PNR,60.24,60.23,60.25,50000000.0,50000000.0,0,0,0,0,0,90,2026-02-03 13:54:06.950877
FSR,30.68,30.67,30.69,50000000.0,50000000.0,0,0,0,0,0,90,2026-02-03 13:54:06.950877
ATB,63.48,63.47,63.49,50000000.0,50000000.0,0,0,0,0,0,90,2026-02-03 13:54:06.950877
SPK,54.79,54.78,54.8,50000000.0,50000000.0,0,0,0,0,0,90,2026-02-03 13:54:06.950877
EEC,51.32,51.31,51.33,50000000.0,50000000.0,0,0,0,0,0,90,2026-02-03 13:54:06.950877
TGX,43.55,43.54,43.56,50000000.0,50000000.0,0,0,0,0,0,91,2026-02-03 13:54:07.989121
PHR,47.43,47.42,47.44,50000000.0,50000000.0,0,0,0,0,0,91,2026-02-03 13:54:07.989121
BYL,42.78,42.77,42.79,50000000.0,50000000.0,0,0,0,0,0,91,2026-02-03 13:54:07.989121
CLD,76.9,76.89,76.91,50000000.0,50000000.0,0,0,0,0,0,91,2026-02-03 13:54:07.989121
GGD,31.36,31.35,31.37,50000000.0,50000000.0,0,0,0,0,0,91,2026-02-03 13:54:07.989121
PNR,60.36,60.35,60.37,50000000.0,50000000.0,0,0,0,0,0,91,2026-02-03 13:54:07.989121
FSR,30.66,30.65,30.67,50000000.0,50000000.0,0,0,0,0,0,91,2026-02-03 13:54:07.989121
ATB,63.73,63.72,63.74,50000000.0,50000000.0,0,0,0,0,0,91,2026-02-03 13:54:07.989121
SPK,54.57,54.56,54.58,50000000.0,50000000.0,0,0,0,0,0,91,2026-02-03 13:54:07.989121
EEC,50.92,50.91,50.93,50000000.0,50000000.0,0,0,0,0,0,91,2026-02-03 13:54:07.989121
TGX,43.53,43.52,43.54,50000000.0,50000000.0,0,0,0,0,0,92,2026-02-03 13:54:09.026879
PHR,47.63,47.62,47.64,50000000.0,50000000.0,0,0,0,0,0,92,2026-02-03 13:54:09.026879
BYL,42.94,42.93,42.95,50000000.0,50000000.0,0,0,0,0,0,92,2026-02-03 13:54:09.026879
CLD,76.82,76.81,76.83,50000000.0,50000000.0,0,0,0,0,0,92,2026-02-03 13:54:09.026879
GGD,31.38,31.37,31.39,50000000.0,50000000.0,0,0,0,0,0,92,2026-02-03 13:54:09.026879
PNR,60.52,60.51,60.53,50000000.0,50000000.0,0,0,0,0,0,92,2026-02-03 13:54:09.026879
FSR,30.63,30.62,30.64,50000000.0,50000000.0,0,0,0,0,0,92,2026-02-03 13:54:09.026879
ATB,63.42,63.41,63.43,50000000.0,50000000.0,0,0,0,0,0,92,2026-02-03 13:54:09.026879
SPK,54.4,54.39,54.41,50000000.0,50000000.0,0,0,0,0,0,92,2026-02-03 13:54:09.026879
EEC,50.63,50.62,50.64,50000000.0,50000000.0,0,0,0,0,0,92,2026-02-03 13:54:09.026879
TGX,43.56,43.55,43.57,50000000.0,50000000.0,0,0,0,0,0,93,2026-02-03 13:54:10.062668
PHR,47.86,47.85,47.87,50000000.0,50000000.0,0,0,0,0,0,93,2026-02-03 13:54:10.062668
BYL,43.05,43.04,43.06,50000000.0,50000000.0,0,0,0,0,0,93,2026-02-03 13:54:10.062668
CLD,77.02,77.01,77.03,50000000.0,50000000.0,0,0,0,0,0,93,2026-02-03 13:54:10.062668
GGD,31.34,31.33,31.35,50000000.0,50000000.0,0,0,0,0,0,93,2026-02-03 13:54:10.062668
PNR,60.4,60.39,60.41,50000000.0,50000000.0,0,0,0,0,0,93,2026-02-03 13:54:10.062668
FSR,30.65,30.64,30.66,50000000.0,50000000.0,0,0,0,0,0,93,2026-02-03 13:54:10.062668
ATB,63.67,63.66,63.68,50000000.0,50000000.0,0,0,0,0,0,93,2026-02-03 13:54:10.062668
SPK,54.26,54.25,54.27,50000000.0,50000000.0,0,0,0,0,0,93,2026-02-03 13:54:10.062668
EEC,50.31,50.3,50.32,50000000.0,50000000.0,0,0,0,0,0,93,2026-02-03 13:54:10.062668
TGX,43.56,43.55,43.57,50000000.0,50000000.0,0,0,0,0,0,94,2026-02-03 13:54:11.095886
PHR,47.24,47.23,47.25,50000000.0,50000000.0,0,0,0,0,0,94,2026-02-03 13:54:11.095886
BYL,43.11,43.1,43.12,50000000.0,50000000.0,0,0,0,0,0,94,2026-02-03 13:54:11.095886
CLD,77.04,77.03,77.05,50000000.0,50000000.0,0,0,0,0,0,94,2026-02-03 13:54:11.095886
GGD,31.34,31.33,31.35,50000000.0,50000000.0,0,0,0,0,0,94,2026-02-03 13:54:11.095886
PNR,60.31,60.3,60.32,50000000.0,50000000.0,0,0,0,0,0,94,2026-02-03 13:54:11.095886
FSR,30.64,30.63,30.65,50000000.0,50000000.0,0,0,0,0,0,94,2026-02-03 13:54:11.095886
ATB,63.75,63.74,63.76,50000000.0,50000000.0,0,0,0,0,0,94,2026-02-03 13:54:11.095886
SPK,54.06,54.05,54.07,50000000.0,50000000.0,0,0,0,0,0,94,2026-02-03 13:54:11.095886
EEC,49.99,49.98,50.0,50000000.0,50000000.0,0,0,0,0,0,94,2026-02-03 13:54:11.095886
TGX,43.52,43.51,43.53,50000000.0,50000000.0,0,0,0,0,0,95,2026-02-03 13:54:12.134286
PHR,47.68,47.67,47.69,50000000.0,50000000.0,0,0,0,0,0,95,2026-02-03 13:54:12.134286
BYL,42.89,42.88,42.9,50000000.0,50000000.0,0,0,0,0,0,95,2026-02-03 13:54:12.134286
CLD,76.45,76.44,76.46,50000000.0,50000000.0,0,0,0,0,0,95,2026-02-03 13:54:12.134286
GGD,31.36,31.35,31.37,50000000.0,50000000.0,0,0,0,0,0,95,2026-02-03 13:54:12.134286
PNR,60.32,60.31,60.33,50000000.0,50000000.0,0,0,0,0,0,95,2026-02-03 13:54:12.134286
FSR,30.65,30.64,30.66,50000000.0,50000000.0,0,0,0,0,0,95,2026-02-03 13:54:12.134286
ATB,63.81,63.8,63.82,50000000.0,50000000.0,0,0,0,0,0,95,2026-02-03 13:54:12.134286
SPK,53.86,53.85,53.87,50000000.0,50000000.0,0,0,0,0,0,95,2026-02-03 13:54:12.134286
EEC,49.68,49.67,49.69,50000000.0,50000000.0,0,0,0,0,0,95,2026-02-03 13:54:12.134286
TGX,43.58,43.57,43.59,50000000.0,50000000.0,0,0,0,0,0,96,2026-02-03 13:54:13.168458
PHR,47.66,47.65,47.67,50000000.0,50000000.0,0,0,0,0,0,96,2026-02-03 13:54:13.168458
BYL,42.86,42.85,42.87,50000000.0,50000000.0,0,0,0,0,0,96,2026-02-03 13:54:13.168458
CLD,76.42,76.41,76.43,50000000.0,50000000.0,0,0,0,0,0,96,2026-02-03 13:54:13.168458
GGD,31.41,31.4,31.42,50000000.0,50000000.0,0,0,0,0,0,96,2026-02-03 13:54:13.168458
PNR,60.21,60.2,60.22,50000000.0,50000000.0,0,0,0,0,0,96,2026-02-03 13:54:13.168458
FSR,30.63,30.62,30.64,50000000.0,50000000.0,0,0,0,0,0,96,2026-02-03 13:54:13.168458
ATB,64.2,64.19,64.21,50000000.0,50000000.0,0,0,0,0,0,96,2026-02-03 13:54:13.168458
SPK,53.88,53.87,53.89,50000000.0,50000000.0,0,0,0,0,0,96,2026-02-03 13:54:13.168458
EEC,49.75,49.74,49.76,50000000.0,50000000.0,0,0,0,0,0,96,2026-02-03 13:54:13.168458
TGX,43.65,43.64,43.66,50000000.0,50000000.0,0,0,0,0,0,97,2026-02-03 13:54:14.211603
PHR,48.12,48.11,48.13,50000000.0,50000000.0,0,0,0,0,0,97,2026-02-03 13:54:14.211603
BYL,42.73,42.72,42.74,50000000.0,50000000.0,0,0,0,0,0,97,2026-02-03 13:54:14.211603
CLD,76.24,76.23,76.25,50000000.0,50000000.0,0,0,0,0,0,97,2026-02-03 13:54:14.211603
GGD,31.41,31.4,31.42,50000000.0,50000000.0,0,0,0,0,0,97,2026-02-03 13:54:14.211603
PNR,60.31,60.3,60.32,50000000.0,50000000.0,0,0,0,0,0,97,2026-02-03 13:54:14.211603
FSR,30.65,30.64,30.66,50000000.0,50000000.0,0,0,0,0,0,97,2026-02-03 13:54:14.211603
ATB,64.17,64.16,64.18,50000000.0,50000000.0,0,0,0,0,0,97,2026-02-03 13:54:14.211603
SPK,53.64,53.63,53.65,50000000.0,50000000.0,0,0,0,0,0,97,2026-02-03 13:54:14.211603
EEC,49.38,49.37,49.39,50000000.0,50000000.0,0,0,0,0,0,97,2026-02-03 13:54:14.211603
TGX,43.64,43.63,43.65,50000000.0,50000000.0,0,0,0,0,0,98,2026-02-03 13:54:14.743964
PHR,48.34,48.33,48.35,50000000.0,50000000.0,0,0,0,0,0,98,2026-02-03 13:54:14.743964
BYL,42.75,42.74,42.76,50000000.0,50000000.0,0,0,0,0,0,98,2026-02-03 13:54:14.743964
CLD,76.22,76.21,76.23,50000000.0,50000000.0,0,0,0,0,0,98,2026-02-03 13:54:14.743964
GGD,31.43,31.42,31.44,50000000.0,50000000.0,0,0,0,0,0,98,2026-02-03 13:54:14.743964
PNR,60.26,60.25,60.27,50000000.0,50000000.0,0,0,0,0,0,98,2026-02-03 13:54:14.743964
FSR,30.65,30.64,30.66,50000000.0,50000000.0,0,0,0,0,0,98,2026-02-03 13:54:14.743964
ATB,63.9,63.89,63.91,50000000.0,50000000.0,0,0,0,0,0,98,2026-02-03 13:54:14.743964
SPK,53.49,53.48,53.5,50000000.0,50000000.0,0,0,0,0,0,98,2026-02-03 13:54:14.743964
EEC,49.07,49.06,49.08,50000000.0,50000000.0,0,0,0,0,0,98,2026-02-03 13:54:14.743964
TGX,44.23,44.22,44.24,50000000.0,50000000.0,0,0,0,0,0,99,2026-02-03 13:54:15.786223
PHR,48.26,48.25,48.27,50000000.0,50000000.0,0,0,0,0,0,99,2026-02-03 13:54:15.786223
BYL,42.95,42.94,42.96,50000000.0,50000000.0,0,0,0,0,0,99,2026-02-03 13:54:15.786223
CLD,76.77,76.76,76.78,50000000.0,50000000.0,0,0,0,0,0,99,2026-02-03 13:54:15.786223
GGD,31.39,31.38,31.4,50000000.0,50000000.0,0,0,0,0,0,99,2026-02-03 13:54:15.786223
PNR,60.25,60.24,60.26,50000000.0,50000000.0,0,0,0,0,0,99,2026-02-03 13:54:15.786223
FSR,30.69,30.68,30.7,50000000.0,50000000.0,0,0,0,0,0,99,2026-02-03 13:54:15.786223
ATB,63.67,63.66,63.68,50000000.0,50000000.0,0,0,0,0,0,99,2026-02-03 13:54:15.786223
SPK,53.5,53.49,53.51,50000000.0,50000000.0,0,0,0,0,0,99,2026-02-03 13:54:15.786223
EEC,49.09,49.08,49.1,50000000.0,50000000.0,0,0,0,0,0,99,2026-02-03 13:54:15.786223
TGX,44.2,44.19,44.21,50000000.0,50000000.0,0,0,0,0,0,100,2026-02-03 13:54:16.822624
PHR,48.6,48.59,48.61,50000000.0,50000000.0,0,0,0,0,0,100,2026-02-03 13:54:16.822624
BYL,42.87,42.86,42.88,50000000.0,50000000.0,0,0,0,0,0,100,2026-02-03 13:54:16.822624
CLD,76.83,76.82,76.84,50000000.0,50000000.0,0,0,0,0,0,100,2026-02-03 13:54:16.822624
GGD,31.43,31.42,31.44,50000000.0,50000000.0,0,0,0,0,0,100,2026-02-03 13:54:16.822624
PNR,60.25,60.24,60.26,50000000.0,50000000.0,0,0,0,0,0,100,2026-02-03 13:54:16.822624
FSR,30.69,30.68,30.7,50000000.0,50000000.0,0,0,0,0,0,100,2026-02-03 13:54:16.822624
ATB,63.69,63.68,63.7,50000000.0,50000000.0,0,0,0,0,0,100,2026-02-03 13:54:16.822624
SPK,53.62,53.61,53.63,50000000.0,50000000.0,0,0,0,0,0,100,2026-02-03 13:54:16.822624
EEC,49.28,49.27,49.29,50000000.0,50000000.0,0,0,0,0,0,100,2026-02-03 13:54:16.822624
TGX,44.23,44.22,44.24,50000000.0,50000000.0,0,0,0,0,0,101,2026-02-03 13:54:17.861690
PHR,48.81,48.8,48.82,50000000.0,50000000.0,0,0,0,0,0,101,2026-02-03 13:54:17.861690
BYL,42.93,42.92,42.94,50000000.0,50000000.0,0,0,0,0,0,101,2026-02-03 13:54:17.861690
CLD,76.79,76.78,76.8,50000000.0,50000000.0,0,0,0,0,0,101,2026-02-03 13:54:17.861690
GGD,31.43,31.42,31.44,50000000.0,50000000.0,0,0,0,0,0,101,2026-02-03 13:54:17.861690
PNR,60.42,60.41,60.43,50000000.0,50000000.0,0,0,0,0,0,101,2026-02-03 13:54:17.861690
FSR,30.68,30.67,30.69,50000000.0,50000000.0,0,0,0,0,0,101,2026-02-03 13:54:17.861690
ATB,63.71,63.7,63.72,50000000.0,50000000.0,0,0,0,0,0,101,2026-02-03 13:54:17.861690
SPK,53.61,53.6,53.62,50000000.0,50000000.0,0,0,0,0,0,101,2026-02-03 13:54:17.861690
EEC,49.28,49.27,49.29,50000000.0,50000000.0,0,0,0,0,0,101,2026-02-03 13:54:17.861690
TGX,44.2,44.19,44.21,50000000.0,50000000.0,0,0,0,0,0,102,2026-02-03 13:54:18.896270
PHR,49.37,49.36,49.38,50000000.0,50000000.0,0,0,0,0,0,102,2026-02-03 13:54:18.896270
BYL,42.77,42.76,42.78,50000000.0,50000000.0,0,0,0,0,0,102,2026-02-03 13:54:18.896270
CLD,76.42,76.41,76.43,50000000.0,50000000.0,0,0,0,0,0,102,2026-02-03 13:54:18.896270
GGD,31.43,31.42,31.44,50000000.0,50000000.0,0,0,0,0,0,102,2026-02-03 13:54:18.896270
PNR,60.57,60.56,60.58,50000000.0,50000000.0,0,0,0,0,0,102,2026-02-03 13:54:18.896270
FSR,30.68,30.67,30.69,50000000.0,50000000.0,0,0,0,0,0,102,2026-02-03 13:54:18.896270
ATB,63.6,63.59,63.61,50000000.0,50000000.0,0,0,0,0,0,102,2026-02-03 13:54:18.896270
SPK,53.47,53.46,53.48,50000000.0,50000000.0,0,0,0,0,0,102,2026-02-03 13:54:18.896270
EEC,49.03,49.02,49.04,50000000.0,50000000.0,0,0,0,0,0,102,2026-02-03 13:54:18.896270
TGX,44.25,44.24,44.26,50000000.0,50000000.0,0,0,0,0,0,103,2026-02-03 13:54:19.934217
PHR,49.08,49.07,49.09,50000000.0,50000000.0,0,0,0,0,0,103,2026-02-03 13:54:19.934217
BYL,43.11,43.1,43.12,50000000.0,50000000.0,0,0,0,0,0,103,2026-02-03 13:54:19.934217
CLD,77.11,77.1,77.12,50000000.0,50000000.0,0,0,0,0,0,103,2026-02-03 13:54:19.934217
GGD,31.42,31.41,31.43,50000000.0,50000000.0,0,0,0,0,0,103,2026-02-03 13:54:19.934217
PNR,60.38,60.37,60.39,50000000.0,50000000.0,0,0,0,0,0,103,2026-02-03 13:54:19.934217
FSR,30.71,30.7,30.72,50000000.0,50000000.0,0,0,0,0,0,103,2026-02-03 13:54:19.934217
ATB,63.45,63.44,63.46,50000000.0,50000000.0,0,0,0,0,0,103,2026-02-03 13:54:19.934217
SPK,53.5,53.49,53.51,50000000.0,50000000.0,0,0,0,0,0,103,2026-02-03 13:54:19.934217
EEC,49.04,49.03,49.05,50000000.0,50000000.0,0,0,0,0,0,103,2026-02-03 13:54:19.934217
TGX,44.27,44.26,44.28,50000000.0,50000000.0,0,0,0,0,0,104,2026-02-03 13:54:20.967500
PHR,49.32,49.31,49.33,50000000.0,50000000.0,0,0,0,0,0,104,2026-02-03 13:54:20.967500
BYL,43.16,43.15,43.17,50000000.0,50000000.0,0,0,0,0,0,104,2026-02-03 13:54:20.967500
CLD,77.22,77.21,77.23,50000000.0,50000000.0,0,0,0,0,0,104,2026-02-03 13:54:20.967500
GGD,31.45,31.44,31.46,50000000.0,50000000.0,0,0,0,0,0,104,2026-02-03 13:54:20.967500
PNR,60.4,60.39,60.41,50000000.0,50000000.0,0,0,0,0,0,104,2026-02-03 13:54:20.967500
FSR,30.68,30.67,30.69,50000000.0,50000000.0,0,0,0,0,0,104,2026-02-03 13:54:20.967500
ATB,63.36,63.35,63.37,50000000.0,50000000.0,0,0,0,0,0,104,2026-02-03 13:54:20.967500
SPK,53.29,53.28,53.3,50000000.0,50000000.0,0,0,0,0,0,104,2026-02-03 13:54:20.967500
EEC,48.69,48.68,48.7,50000000.0,50000000.0,0,0,0,0,0,104,2026-02-03 13:54:20.967500
TGX,44.25,44.24,44.26,50000000.0,50000000.0,0,0,0,0,0,105,2026-02-03 13:54:22.009532,7.0,1.0,104.0,ALL,Broad Market Sell-Off as Risk Sentiment Deteriorates,"A sharp sell-off has swept across global equity markets following a confluence of macroeconomic concerns, with the S&P 500 declining over two percent in early trading. Volatility indices have spiked to multi-month highs, and merger arbitrage spreads have widened across the board as risk capital retreats. Stock-for-stock transactions are experiencing particularly acute spread widening due to acquirer share price declines, while all-cash deals are seeing modest sympathy widening driven by general risk aversion. Deal completion timelines are not directly affected, but market conditions may influence board and shareholder sentiment."
PHR,49.26,49.25,49.27,50000000.0,50000000.0,0,0,0,0,0,105,2026-02-03 13:54:22.009532,,,,,,
BYL,43.09,43.08,43.1,50000000.0,50000000.0,0,0,0,0,0,105,2026-02-03 13:54:22.009532,,,,,,
CLD,76.97,76.96,76.98,50000000.0,50000000.0,0,0,0,0,0,105,2026-02-03 13:54:22.009532,,,,,,
GGD,31.47,31.46,31.48,50000000.0,50000000.0,0,0,0,0,0,105,2026-02-03 13:54:22.009532,,,,,,
PNR,60.61,60.6,60.62,50000000.0,50000000.0,0,0,0,0,0,105,2026-02-03 13:54:22.009532,,,,,,
FSR,30.68,30.67,30.69,50000000.0,50000000.0,0,0,0,0,0,105,2026-02-03 13:54:22.009532,,,,,,
ATB,63.6,63.59,63.61,50000000.0,50000000.0,0,0,0,0,0,105,2026-02-03 13:54:22.009532,,,,,,
SPK,53.32,53.31,53.33,50000000.0,50000000.0,0,0,0,0,0,105,2026-02-03 13:54:22.009532,,,,,,
EEC,48.73,48.72,48.74,50000000.0,50000000.0,0,0,0,0,0,105,2026-02-03 13:54:22.009532,,,,,,
TGX,44.26,44.25,44.27,50000000.0,50000000.0,0,0,0,0,0,106,2026-02-03 13:54:23.048206
PHR,49.52,49.51,49.53,50000000.0,50000000.0,0,0,0,0,0,106,2026-02-03 13:54:23.048206
BYL,43.45,43.44,43.46,50000000.0,50000000.0,0,0,0,0,0,106,2026-02-03 13:54:23.048206
CLD,77.5,77.49,77.51,50000000.0,50000000.0,0,0,0,0,0,106,2026-02-03 13:54:23.048206
GGD,31.48,31.47,31.49,50000000.0,50000000.0,0,0,0,0,0,106,2026-02-03 13:54:23.048206
PNR,60.46,60.45,60.47,50000000.0,50000000.0,0,0,0,0,0,106,2026-02-03 13:54:23.048206
FSR,30.68,30.67,30.69,50000000.0,50000000.0,0,0,0,0,0,106,2026-02-03 13:54:23.048206
ATB,63.74,63.73,63.75,50000000.0,50000000.0,0,0,0,0,0,106,2026-02-03 13:54:23.048206
SPK,53.33,53.32,53.34,50000000.0,50000000.0,0,0,0,0,0,106,2026-02-03 13:54:23.048206
EEC,48.69,48.68,48.7,50000000.0,50000000.0,0,0,0,0,0,106,2026-02-03 13:54:23.048206
TGX,44.27,44.26,44.28,50000000.0,50000000.0,0,0,0,0,0,107,2026-02-03 13:54:24.084508
PHR,49.15,49.14,49.16,50000000.0,50000000.0,0,0,0,0,0,107,2026-02-03 13:54:24.084508
BYL,43.38,43.37,43.39,50000000.0,50000000.0,0,0,0,0,0,107,2026-02-03 13:54:24.084508
CLD,77.4,77.39,77.41,50000000.0,50000000.0,0,0,0,0,0,107,2026-02-03 13:54:24.084508
GGD,31.42,31.41,31.43,50000000.0,50000000.0,0,0,0,0,0,107,2026-02-03 13:54:24.084508
PNR,60.45,60.44,60.46,50000000.0,50000000.0,0,0,0,0,0,107,2026-02-03 13:54:24.084508
FSR,30.73,30.72,30.74,50000000.0,50000000.0,0,0,0,0,0,107,2026-02-03 13:54:24.084508
ATB,63.66,63.65,63.67,50000000.0,50000000.0,0,0,0,0,0,107,2026-02-03 13:54:24.084508
SPK,53.28,53.27,53.29,50000000.0,50000000.0,0,0,0,0,0,107,2026-02-03 13:54:24.084508
EEC,48.6,48.59,48.61,50000000.0,50000000.0,0,0,0,0,0,107,2026-02-03 13:54:24.084508
TGX,44.22,44.21,44.23,50000000.0,50000000.0,0,0,0,0,0,108,2026-02-03 13:54:25.122111
PHR,49.36,49.35,49.37,50000000.0,50000000.0,0,0,0,0,0,108,2026-02-03 13:54:25.122111
BYL,43.54,43.53,43.55,50000000.0,50000000.0,0,0,0,0,0,108,2026-02-03 13:54:25.122111
CLD,77.88,77.87,77.89,50000000.0,50000000.0,0,0,0,0,0,108,2026-02-03 13:54:25.122111
GGD,31.45,31.44,31.46,50000000.0,50000000.0,0,0,0,0,0,108,2026-02-03 13:54:25.122111
PNR,60.69,60.68,60.7,50000000.0,50000000.0,0,0,0,0,0,108,2026-02-03 13:54:25.122111
FSR,30.68,30.67,30.69,50000000.0,50000000.0,0,0,0,0,0,108,2026-02-03 13:54:25.122111
ATB,63.42,63.41,63.43,50000000.0,50000000.0,0,0,0,0,0,108,2026-02-03 13:54:25.122111
SPK,53.3,53.29,53.31,50000000.0,50000000.0,0,0,0,0,0,108,2026-02-03 13:54:25.122111
EEC,48.6,48.59,48.61,50000000.0,50000000.0,0,0,0,0,0,108,2026-02-03 13:54:25.122111
TGX,44.21,44.2,44.22,50000000.0,50000000.0,0,0,0,0,0,109,2026-02-03 13:54:26.154658
PHR,49.6,49.59,49.61,50000000.0,50000000.0,0,0,0,0,0,109,2026-02-03 13:54:26.154658
BYL,43.46,43.45,43.47,50000000.0,50000000.0,0,0,0,0,0,109,2026-02-03 13:54:26.154658
CLD,77.76,77.75,77.77,50000000.0,50000000.0,0,0,0,0,0,109,2026-02-03 13:54:26.154658
GGD,31.39,31.38,31.4,50000000.0,50000000.0,0,0,0,0,0,109,2026-02-03 13:54:26.154658
PNR,60.48,60.47,60.49,50000000.0,50000000.0,0,0,0,0,0,109,2026-02-03 13:54:26.154658
FSR,30.69,30.68,30.7,50000000.0,50000000.0,0,0,0,0,0,109,2026-02-03 13:54:26.154658
ATB,63.14,63.13,63.15,50000000.0,50000000.0,0,0,0,0,0,109,2026-02-03 13:54:26.154658
SPK,53.26,53.25,53.27,50000000.0,50000000.0,0,0,0,0,0,109,2026-02-03 13:54:26.154658
EEC,48.56,48.55,48.57,50000000.0,50000000.0,0,0,0,0,0,109,2026-02-03 13:54:26.154658
TGX,44.23,44.22,44.24,50000000.0,50000000.0,0,0,0,0,0,110,2026-02-03 13:54:27.186906
PHR,49.89,49.88,49.9,50000000.0,50000000.0,0,0,0,0,0,110,2026-02-03 13:54:27.186906
BYL,43.32,43.31,43.33,50000000.0,50000000.0,0,0,0,0,0,110,2026-02-03 13:54:27.186906
CLD,77.55,77.54,77.56,50000000.0,50000000.0,0,0,0,0,0,110,2026-02-03 13:54:27.186906
GGD,31.48,31.47,31.49,50000000.0,50000000.0,0,0,0,0,0,110,2026-02-03 13:54:27.186906
PNR,60.79,60.78,60.8,50000000.0,50000000.0,0,0,0,0,0,110,2026-02-03 13:54:27.186906
FSR,30.7,30.69,30.71,50000000.0,50000000.0,0,0,0,0,0,110,2026-02-03 13:54:27.186906
ATB,62.75,62.74,62.76,50000000.0,50000000.0,0,0,0,0,0,110,2026-02-03 13:54:27.186906
SPK,53.38,53.37,53.39,50000000.0,50000000.0,0,0,0,0,0,110,2026-02-03 13:54:27.186906
EEC,48.76,48.75,48.77,50000000.0,50000000.0,0,0,0,0,0,110,2026-02-03 13:54:27.186906
TGX,44.23,44.22,44.24,50000000.0,50000000.0,0,0,0,0,0,111,2026-02-03 13:54:28.219979
PHR,49.79,49.78,49.8,50000000.0,50000000.0,0,0,0,0,0,111,2026-02-03 13:54:28.219979
BYL,42.93,42.92,42.94,50000000.0,50000000.0,0,0,0,0,0,111,2026-02-03 13:54:28.219979
CLD,76.7,76.69,76.71,50000000.0,50000000.0,0,0,0,0,0,111,2026-02-03 13:54:28.219979
GGD,31.48,31.47,31.49,50000000.0,50000000.0,0,0,0,0,0,111,2026-02-03 13:54:28.219979
PNR,60.91,60.9,60.92,50000000.0,50000000.0,0,0,0,0,0,111,2026-02-03 13:54:28.219979
FSR,30.71,30.7,30.72,50000000.0,50000000.0,0,0,0,0,0,111,2026-02-03 13:54:28.219979
ATB,62.76,62.75,62.77,50000000.0,50000000.0,0,0,0,0,0,111,2026-02-03 13:54:28.219979
SPK,53.49,53.48,53.5,50000000.0,50000000.0,0,0,0,0,0,111,2026-02-03 13:54:28.219979
EEC,49.0,48.99,49.01,50000000.0,50000000.0,0,0,0,0,0,111,2026-02-03 13:54:28.219979
TGX,44.27,44.26,44.28,50000000.0,50000000.0,0,0,0,0,0,112,2026-02-03 13:54:28.756328
PHR,49.54,49.53,49.55,50000000.0,50000000.0,0,0,0,0,0,112,2026-02-03 13:54:28.756328
BYL,43.26,43.25,43.27,50000000.0,50000000.0,0,0,0,0,0,112,2026-02-03 13:54:28.756328
CLD,77.38,77.37,77.39,50000000.0,50000000.0,0,0,0,0,0,112,2026-02-03 13:54:28.756328
GGD,31.43,31.42,31.44,50000000.0,50000000.0,0,0,0,0,0,112,2026-02-03 13:54:28.756328
PNR,61.09,61.08,61.1,50000000.0,50000000.0,0,0,0,0,0,112,2026-02-03 13:54:28.756328
FSR,30.72,30.71,30.73,50000000.0,50000000.0,0,0,0,0,0,112,2026-02-03 13:54:28.756328
ATB,62.94,62.93,62.95,50000000.0,50000000.0,0,0,0,0,0,112,2026-02-03 13:54:28.756328
SPK,53.49,53.48,53.5,50000000.0,50000000.0,0,0,0,0,0,112,2026-02-03 13:54:28.756328
EEC,49.02,49.01,49.03,50000000.0,50000000.0,0,0,0,0,0,112,2026-02-03 13:54:28.756328
TGX,44.27,44.26,44.28,50000000.0,50000000.0,0,0,0,0,0,113,2026-02-03 13:54:29.798095
PHR,49.57,49.56,49.58,50000000.0,50000000.0,0,0,0,0,0,113,2026-02-03 13:54:29.798095
BYL,43.14,43.13,43.15,50000000.0,50000000.0,0,0,0,0,0,113,2026-02-03 13:54:29.798095
CLD,77.35,77.34,77.36,50000000.0,50000000.0,0,0,0,0,0,113,2026-02-03 13:54:29.798095
GGD,31.44,31.43,31.45,50000000.0,50000000.0,0,0,0,0,0,113,2026-02-03 13:54:29.798095
PNR,60.99,60.98,61.0,50000000.0,50000000.0,0,0,0,0,0,113,2026-02-03 13:54:29.798095
FSR,30.73,30.72,30.74,50000000.0,50000000.0,0,0,0,0,0,113,2026-02-03 13:54:29.798095
ATB,62.96,62.95,62.97,50000000.0,50000000.0,0,0,0,0,0,113,2026-02-03 13:54:29.798095
SPK,53.45,53.44,53.46,50000000.0,50000000.0,0,0,0,0,0,113,2026-02-03 13:54:29.798095
EEC,48.94,48.93,48.95,50000000.0,50000000.0,0,0,0,0,0,113,2026-02-03 13:54:29.798095
TGX,44.11,44.1,44.12,50000000.0,50000000.0,0,0,0,0,0,114,2026-02-03 13:54:30.832999
PHR,49.6,49.59,49.61,50000000.0,50000000.0,0,0,0,0,0,114,2026-02-03 13:54:30.832999
BYL,42.94,42.93,42.95,50000000.0,50000000.0,0,0,0,0,0,114,2026-02-03 13:54:30.832999
CLD,76.84,76.83,76.85,50000000.0,50000000.0,0,0,0,0,0,114,2026-02-03 13:54:30.832999
GGD,31.47,31.46,31.48,50000000.0,50000000.0,0,0,0,0,0,114,2026-02-03 13:54:30.832999
PNR,61.02,61.01,61.03,50000000.0,50000000.0,0,0,0,0,0,114,2026-02-03 13:54:30.832999
FSR,30.75,30.74,30.76,50000000.0,50000000.0,0,0,0,0,0,114,2026-02-03 13:54:30.832999
ATB,63.29,63.28,63.3,50000000.0,50000000.0,0,0,0,0,0,114,2026-02-03 13:54:30.832999
SPK,53.49,53.48,53.5,50000000.0,50000000.0,0,0,0,0,0,114,2026-02-03 13:54:30.832999
EEC,49.0,48.99,49.01,50000000.0,50000000.0,0,0,0,0,0,114,2026-02-03 13:54:30.832999
TGX,44.12,44.11,44.13,50000000.0,50000000.0,0,0,0,0,0,115,2026-02-03 13:54:31.865694
PHR,49.64,49.63,49.65,50000000.0,50000000.0,0,0,0,0,0,115,2026-02-03 13:54:31.865694
BYL,42.81,42.8,42.82,50000000.0,50000000.0,0,0,0,0,0,115,2026-02-03 13:54:31.865694
CLD,76.33,76.32,76.34,50000000.0,50000000.0,0,0,0,0,0,115,2026-02-03 13:54:31.865694
GGD,31.46,31.45,31.47,50000000.0,50000000.0,0,0,0,0,0,115,2026-02-03 13:54:31.865694
PNR,60.95,60.94,60.96,50000000.0,50000000.0,0,0,0,0,0,115,2026-02-03 13:54:31.865694
FSR,30.7,30.69,30.71,50000000.0,50000000.0,0,0,0,0,0,115,2026-02-03 13:54:31.865694
ATB,63.14,63.13,63.15,50000000.0,50000000.0,0,0,0,0,0,115,2026-02-03 13:54:31.865694
SPK,53.67,53.66,53.68,50000000.0,50000000.0,0,0,0,0,0,115,2026-02-03 13:54:31.865694
EEC,49.23,49.22,49.24,50000000.0,50000000.0,0,0,0,0,0,115,2026-02-03 13:54:31.865694
TGX,44.08,44.07,44.09,50000000.0,50000000.0,0,0,0,0,0,116,2026-02-03 13:54:32.899280
PHR,49.54,49.53,49.55,50000000.0,50000000.0,0,0,0,0,0,116,2026-02-03 13:54:32.899280
BYL,42.64,42.63,42.65,50000000.0,50000000.0,0,0,0,0,0,116,2026-02-03 13:54:32.899280
CLD,76.18,76.17,76.19,50000000.0,50000000.0,0,0,0,0,0,116,2026-02-03 13:54:32.899280
GGD,31.4,31.39,31.41,50000000.0,50000000.0,0,0,0,0,0,116,2026-02-03 13:54:32.899280
PNR,60.71,60.7,60.72,50000000.0,50000000.0,0,0,0,0,0,116,2026-02-03 13:54:32.899280
FSR,30.7,30.69,30.71,50000000.0,50000000.0,0,0,0,0,0,116,2026-02-03 13:54:32.899280
ATB,62.88,62.87,62.89,50000000.0,50000000.0,0,0,0,0,0,116,2026-02-03 13:54:32.899280
SPK,53.7,53.69,53.71,50000000.0,50000000.0,0,0,0,0,0,116,2026-02-03 13:54:32.899280
EEC,49.27,49.26,49.28,50000000.0,50000000.0,0,0,0,0,0,116,2026-02-03 13:54:32.899280
TGX,44.11,44.1,44.12,50000000.0,50000000.0,0,0,0,0,0,117,2026-02-03 13:54:33.942180
