ticker,last_price,bid_price,ask_price,BUY_ANON,SELL_ANON,BUY_ZUAI-5,BUY_ZUAI-2,SELL_ZUAI-5,SELL_WRSW-6,BUY_OTWA-1,BUY_WRSW-6,tick,timestamp,news_news_id,news_period,news_tick,news_ticker,news_headline,news_body
TGX,43.9,43.89,43.91,50000000.0,50000000.0,0,0,0,0,0,0,103,2026-02-04 10:01:35.610911,9.0,1.0,87.0,D4-FSR/ATB,Dividend Policy Maintained,Atlas confirms intention to maintain current dividend policy post-closing subject to regulatory approval.
PHR,49.13,49.12,49.14,50000000.0,50000000.0,0,0,0,0,0,0,103,2026-02-04 10:01:35.610911,8.0,1.0,86.0,D3-GGD/PNR,Regulatory Filings Submitted,"Companies submit required filings with FERC, FTC, and relevant state regulatory authorities."
BYL,45.98,45.97,45.99,50000000.0,50000000.0,0,0,0,0,0,0,103,2026-02-04 10:01:35.610911,7.0,1.0,86.0,D2-BYL/CLD,Convertible Note Holders Seek Clarity,ByteLayer convertible note holders request change-of-control provisions clarification ahead of shareholder vote.
CLD,81.93,81.92,81.94,50000000.0,50000000.0,0,0,0,0,0,0,103,2026-02-04 10:01:35.610911,6.0,1.0,83.0,D3-GGD/PNR,Sell-Side Analysts Issue Divergent Valuation Assessments,"Equity research analysts covering the GreenGrid/PetroNorth transaction have published updated notes with materially different conclusions on deal accretion and synergy realization timelines. Bull-case estimates cite accelerated revenue opportunities, while bear-case analysts highlight integration execution risk and uncertain market conditions in energy transmission and distribution. The divergence has contributed to wider-than-typical bid-ask spreads in both securities."
GGD,31.13,31.12,31.14,50000000.0,50000000.0,0,0,0,0,0,0,103,2026-02-04 10:01:35.610911,5.0,1.0,83.0,D2-BYL/CLD,Independent Fairness Review Generates Board Discussion,"An independent financial advisor retained by the ByteLayer board has presented a supplemental fairness analysis that reaches nuanced conclusions regarding the adequacy of the 0.75 CLD shares per BYL share offer. While the analysis does not formally contradict the original fairness opinion, it highlights sensitivity to key assumptions around standalone growth rates and comparable transaction multiples. Board members are reportedly weighing whether additional disclosure to shareholders is warranted."
PNR,58.21,58.2,58.22,50000000.0,50000000.0,0,0,0,0,0,0,103,2026-02-04 10:01:35.610911,4.0,1.0,76.0,D1-TGX/PHR,Targenix Engages Advisors for Strategic Review,"Targenix has reportedly retained a second financial advisor to conduct a parallel strategic review, a step that could indicate either a strengthening of the company's negotiating position within the existing deal or exploratory outreach to alternative parties. The engagement was not publicly announced and was identified through regulatory filing amendments. Market interpretation is divided, with some viewing this as standard deal-process diligence and others reading it as a signal of board-level dissatisfaction with current terms."
FSR,30.23,30.22,30.24,50000000.0,50000000.0,0,0,0,0,0,0,103,2026-02-04 10:01:35.610911,3.0,1.0,32.0,D5-SPK/EEC,Sell-Side Analysts Issue Divergent Valuation Assessments,"Equity research analysts covering the SolarPeak/EastEnergy transaction have published updated notes with materially different conclusions on deal accretion and synergy realization timelines. Bull-case estimates cite accelerated revenue opportunities, while bear-case analysts highlight integration execution risk and uncertain market conditions in solar generation and storage. The divergence has contributed to wider-than-typical bid-ask spreads in both securities."
ATB,59.56,59.55,59.57,50000000.0,50000000.0,0,0,0,0,0,0,103,2026-02-04 10:01:35.610911,2.0,1.0,26.0,D5-SPK/EEC,Termination Fee Structure,Agreement includes $150M termination fee for superior proposal and $75M regulatory failure fee.
SPK,52.65,52.64,52.66,50000000.0,50000000.0,0,0,0,0,0,0,103,2026-02-04 10:01:35.610911,1.0,1.0,1.0,,Welcome to the RITC 2026 Merger Arbitrage Case - practice server,Good Luck!
EEC,47.65,47.64,47.66,50000000.0,50000000.0,0,0,0,0,0,0,103,2026-02-04 10:01:35.610911,,,,,,
TGX,43.95,43.94,43.96,50000000.0,50000000.0,0,0,0,0,0,0,104,2026-02-04 10:01:36.657580
PHR,49.19,49.18,49.2,50000000.0,50000000.0,0,0,0,0,0,0,104,2026-02-04 10:01:36.657580
BYL,47.17,47.16,47.18,50000000.0,50000000.0,0,0,0,0,0,0,104,2026-02-04 10:01:36.657580
CLD,81.9,81.89,81.91,50000000.0,50000000.0,0,0,0,0,0,0,104,2026-02-04 10:01:36.657580
GGD,31.17,31.15,31.17,50000000.0,50000000.0,0,0,0,0,0,0,104,2026-02-04 10:01:36.657580
PNR,58.43,58.42,58.44,50000000.0,50000000.0,0,0,0,0,0,0,104,2026-02-04 10:01:36.657580
FSR,30.3,30.29,30.31,50000000.0,50000000.0,0,0,0,0,0,0,104,2026-02-04 10:01:36.657580
ATB,59.62,59.61,59.63,50000000.0,50000000.0,0,0,0,0,0,0,104,2026-02-04 10:01:36.657580
SPK,52.72,52.71,52.73,50000000.0,50000000.0,0,0,0,0,0,0,104,2026-02-04 10:01:36.657580
EEC,47.76,47.75,47.77,50000000.0,50000000.0,0,0,0,0,0,0,104,2026-02-04 10:01:36.657580
TGX,43.98,43.97,43.99,50000000.0,50000000.0,0,0,0,0,0,0,105,2026-02-04 10:01:37.717215
PHR,48.91,48.9,48.92,50000000.0,50000000.0,0,0,0,0,0,0,105,2026-02-04 10:01:37.717215
BYL,46.78,46.77,46.79,50000000.0,50000000.0,0,0,0,0,0,0,105,2026-02-04 10:01:37.717215
CLD,81.06,81.05,81.07,50000000.0,50000000.0,0,0,0,0,0,0,105,2026-02-04 10:01:37.717215
GGD,31.22,31.21,31.23,50000000.0,50000000.0,0,0,0,0,0,0,105,2026-02-04 10:01:37.717215
PNR,58.91,58.9,58.92,50000000.0,50000000.0,0,0,0,0,0,0,105,2026-02-04 10:01:37.717215
FSR,30.86,30.85,30.87,50000000.0,50000000.0,0,0,0,0,0,0,105,2026-02-04 10:01:37.717215
ATB,59.47,59.46,59.48,50000000.0,50000000.0,0,0,0,0,0,0,105,2026-02-04 10:01:37.717215
SPK,52.71,52.7,52.72,50000000.0,50000000.0,0,0,0,0,0,0,105,2026-02-04 10:01:37.717215
EEC,47.73,47.72,47.74,50000000.0,50000000.0,0,0,0,0,0,0,105,2026-02-04 10:01:37.717215
TGX,43.98,43.97,43.99,50000000.0,50000000.0,0,0,0,0,0,0,106,2026-02-04 10:01:38.799582
PHR,48.53,48.52,48.54,50000000.0,50000000.0,0,0,0,0,0,0,106,2026-02-04 10:01:38.799582
BYL,47.75,47.74,47.76,50000000.0,50000000.0,0,0,0,0,0,0,106,2026-02-04 10:01:38.799582
CLD,80.62,80.61,80.63,50000000.0,50000000.0,0,0,0,0,0,0,106,2026-02-04 10:01:38.799582
GGD,31.85,31.84,31.86,50000000.0,50000000.0,0,0,0,0,0,0,106,2026-02-04 10:01:38.799582
PNR,59.16,59.15,59.17,50000000.0,50000000.0,0,0,0,0,0,0,106,2026-02-04 10:01:38.799582
FSR,30.86,30.85,30.87,50000000.0,50000000.0,0,0,0,0,0,0,106,2026-02-04 10:01:38.799582
ATB,59.75,59.74,59.76,50000000.0,50000000.0,0,0,0,0,0,0,106,2026-02-04 10:01:38.799582
SPK,52.75,52.74,52.76,50000000.0,50000000.0,0,0,0,0,0,0,106,2026-02-04 10:01:38.799582
EEC,47.71,47.7,47.72,50000000.0,50000000.0,0,0,0,0,0,0,106,2026-02-04 10:01:38.799582
TGX,43.96,43.95,43.97,50000000.0,50000000.0,0,0,0,0,0,0,107,2026-02-04 10:01:39.331860
PHR,48.46,48.45,48.47,50000000.0,50000000.0,0,0,0,0,0,0,107,2026-02-04 10:01:39.331860
BYL,48.06,48.05,48.07,50000000.0,50000000.0,0,0,0,0,0,0,107,2026-02-04 10:01:39.331860
CLD,81.25,81.24,81.26,50000000.0,50000000.0,0,0,0,0,0,0,107,2026-02-04 10:01:39.331860
GGD,31.79,31.78,31.8,50000000.0,50000000.0,0,0,0,0,0,0,107,2026-02-04 10:01:39.331860
PNR,58.65,58.64,58.66,50000000.0,50000000.0,0,0,0,0,0,0,107,2026-02-04 10:01:39.331860
FSR,30.9,30.89,30.91,50000000.0,50000000.0,0,0,0,0,0,0,107,2026-02-04 10:01:39.331860
ATB,58.94,58.93,58.95,50000000.0,50000000.0,0,0,0,0,0,0,107,2026-02-04 10:01:39.331860
SPK,52.71,52.7,52.72,50000000.0,50000000.0,0,0,0,0,0,0,107,2026-02-04 10:01:39.331860
EEC,47.71,47.7,47.72,50000000.0,50000000.0,0,0,0,0,0,0,107,2026-02-04 10:01:39.331860
TGX,43.95,43.94,43.96,50000000.0,50000000.0,0,0,0,0,0,0,108,2026-02-04 10:01:40.374294
PHR,48.63,48.62,48.64,50000000.0,50000000.0,0,0,0,0,0,0,108,2026-02-04 10:01:40.374294
BYL,48.16,48.15,48.17,50000000.0,50000000.0,0,0,0,0,0,0,108,2026-02-04 10:01:40.374294
CLD,81.48,81.47,81.49,50000000.0,50000000.0,0,0,0,0,0,0,108,2026-02-04 10:01:40.374294
GGD,31.85,31.84,31.86,50000000.0,50000000.0,0,0,0,0,0,0,108,2026-02-04 10:01:40.374294
PNR,58.36,58.35,58.37,50000000.0,50000000.0,0,0,0,0,0,0,108,2026-02-04 10:01:40.374294
FSR,30.85,30.84,30.86,50000000.0,50000000.0,0,0,0,0,0,0,108,2026-02-04 10:01:40.374294
ATB,59.02,59.01,59.03,50000000.0,50000000.0,0,0,0,0,0,0,108,2026-02-04 10:01:40.374294
SPK,52.79,52.78,52.8,50000000.0,50000000.0,0,0,0,0,0,0,108,2026-02-04 10:01:40.374294
EEC,47.83,47.82,47.84,50000000.0,50000000.0,0,0,0,0,0,0,108,2026-02-04 10:01:40.374294
TGX,43.96,43.95,43.97,50000000.0,50000000.0,0,0,0,0,0,0,109,2026-02-04 10:01:41.416057
PHR,48.41,48.4,48.42,50000000.0,50000000.0,0,0,0,0,0,0,109,2026-02-04 10:01:41.416057
BYL,48.33,48.32,48.34,50000000.0,50000000.0,0,0,0,0,0,0,109,2026-02-04 10:01:41.416057
CLD,81.8,81.79,81.81,50000000.0,50000000.0,0,0,0,0,0,0,109,2026-02-04 10:01:41.416057
GGD,31.88,31.87,31.89,50000000.0,50000000.0,0,0,0,0,0,0,109,2026-02-04 10:01:41.416057
PNR,58.51,58.5,58.52,50000000.0,50000000.0,0,0,0,0,0,0,109,2026-02-04 10:01:41.416057
FSR,30.86,30.85,30.87,50000000.0,50000000.0,0,0,0,0,0,0,109,2026-02-04 10:01:41.416057
ATB,58.92,58.91,58.93,50000000.0,50000000.0,0,0,0,0,0,0,109,2026-02-04 10:01:41.416057
SPK,52.75,52.74,52.76,50000000.0,50000000.0,0,0,0,0,0,0,109,2026-02-04 10:01:41.416057
EEC,47.75,47.74,47.76,50000000.0,50000000.0,0,0,0,0,0,0,109,2026-02-04 10:01:41.416057
TGX,43.92,43.91,43.93,50000000.0,50000000.0,0,0,0,0,0,0,110,2026-02-04 10:01:42.452904
PHR,48.92,48.91,48.93,50000000.0,50000000.0,0,0,0,0,0,0,110,2026-02-04 10:01:42.452904
BYL,48.2,48.19,48.21,50000000.0,50000000.0,0,0,0,0,0,0,110,2026-02-04 10:01:42.452904
CLD,81.64,81.63,81.65,50000000.0,50000000.0,0,0,0,0,0,0,110,2026-02-04 10:01:42.452904
GGD,31.89,31.88,31.9,50000000.0,50000000.0,0,0,0,0,0,0,110,2026-02-04 10:01:42.452904
PNR,58.69,58.68,58.7,50000000.0,50000000.0,0,0,0,0,0,0,110,2026-02-04 10:01:42.452904
FSR,31.43,31.42,31.44,50000000.0,50000000.0,0,0,0,0,0,0,110,2026-02-04 10:01:42.452904
ATB,58.71,58.7,58.72,50000000.0,50000000.0,0,0,0,0,0,0,110,2026-02-04 10:01:42.452904
SPK,52.74,52.73,52.75,50000000.0,50000000.0,0,0,0,0,0,0,110,2026-02-04 10:01:42.452904
EEC,47.76,47.75,47.77,50000000.0,50000000.0,0,0,0,0,0,0,110,2026-02-04 10:01:42.452904
TGX,43.85,43.84,43.86,50000000.0,50000000.0,0,0,0,0,0,0,111,2026-02-04 10:01:43.487405
PHR,48.45,48.44,48.46,50000000.0,50000000.0,0,0,0,0,0,0,111,2026-02-04 10:01:43.487405
BYL,48.8,48.79,48.81,50000000.0,50000000.0,0,0,0,0,0,0,111,2026-02-04 10:01:43.487405
CLD,82.82,82.81,82.83,50000000.0,50000000.0,0,0,0,0,0,0,111,2026-02-04 10:01:43.487405
GGD,31.81,31.8,31.82,50000000.0,50000000.0,0,0,0,0,0,0,111,2026-02-04 10:01:43.487405
PNR,58.39,58.38,58.4,50000000.0,50000000.0,0,0,0,0,0,0,111,2026-02-04 10:01:43.487405
FSR,31.37,31.36,31.38,50000000.0,50000000.0,0,0,0,0,0,0,111,2026-02-04 10:01:43.487405
ATB,58.28,58.27,58.29,50000000.0,50000000.0,0,0,0,0,0,0,111,2026-02-04 10:01:43.487405
SPK,52.77,52.76,52.78,50000000.0,50000000.0,0,0,0,0,0,0,111,2026-02-04 10:01:43.487405
EEC,47.73,47.72,47.74,50000000.0,50000000.0,0,0,0,0,0,0,111,2026-02-04 10:01:43.487405
TGX,43.84,43.83,43.85,50000000.0,50000000.0,0,0,0,0,0,0,112,2026-02-04 10:01:44.517719
PHR,48.23,48.22,48.24,50000000.0,50000000.0,0,0,0,0,0,0,112,2026-02-04 10:01:44.517719
BYL,49.27,49.26,49.28,50000000.0,50000000.0,0,0,0,0,0,0,112,2026-02-04 10:01:44.517719
CLD,83.84,83.83,83.85,50000000.0,50000000.0,0,0,0,0,0,0,112,2026-02-04 10:01:44.517719
GGD,31.78,31.77,31.79,50000000.0,50000000.0,0,0,0,0,0,0,112,2026-02-04 10:01:44.517719
PNR,58.31,58.3,58.32,50000000.0,50000000.0,0,0,0,0,0,0,112,2026-02-04 10:01:44.517719
FSR,31.47,31.46,31.48,50000000.0,50000000.0,0,0,0,0,0,0,112,2026-02-04 10:01:44.517719
ATB,58.46,58.45,58.47,50000000.0,50000000.0,0,0,0,0,0,0,112,2026-02-04 10:01:44.517719
SPK,52.73,52.72,52.74,50000000.0,50000000.0,0,0,0,0,0,0,112,2026-02-04 10:01:44.517719
EEC,47.72,47.71,47.73,50000000.0,50000000.0,0,0,0,0,0,0,112,2026-02-04 10:01:44.517719
TGX,43.85,43.84,43.86,50000000.0,50000000.0,0,0,0,0,0,0,113,2026-02-04 10:01:45.551780
PHR,48.2,48.19,48.21,50000000.0,50000000.0,0,0,0,0,0,0,113,2026-02-04 10:01:45.551780
BYL,49.37,49.36,49.38,50000000.0,50000000.0,0,0,0,0,0,0,113,2026-02-04 10:01:45.551780
CLD,84.02,84.01,84.03,50000000.0,50000000.0,0,0,0,0,0,0,113,2026-02-04 10:01:45.551780
GGD,31.84,31.83,31.85,50000000.0,50000000.0,0,0,0,0,0,0,113,2026-02-04 10:01:45.551780
PNR,58.47,58.46,58.48,50000000.0,50000000.0,0,0,0,0,0,0,113,2026-02-04 10:01:45.551780
FSR,31.47,31.46,31.48,50000000.0,50000000.0,0,0,0,0,0,0,113,2026-02-04 10:01:45.551780
ATB,58.4,58.39,58.41,50000000.0,50000000.0,0,0,0,0,0,0,113,2026-02-04 10:01:45.551780
SPK,52.78,52.77,52.79,50000000.0,50000000.0,0,0,0,0,0,0,113,2026-02-04 10:01:45.551780
EEC,47.74,47.73,47.75,50000000.0,50000000.0,0,0,0,0,0,0,113,2026-02-04 10:01:45.551780
TGX,43.8,43.79,43.81,50000000.0,50000000.0,0,0,0,0,0,0,114,2026-02-04 10:01:46.590814
PHR,48.59,48.58,48.6,50000000.0,50000000.0,0,0,0,0,0,0,114,2026-02-04 10:01:46.590814
BYL,49.38,49.37,49.39,50000000.0,50000000.0,0,0,0,0,0,0,114,2026-02-04 10:01:46.590814
CLD,84.05,84.04,84.06,50000000.0,50000000.0,0,0,0,0,0,0,114,2026-02-04 10:01:46.590814
GGD,31.84,31.83,31.85,50000000.0,50000000.0,0,0,0,0,0,0,114,2026-02-04 10:01:46.590814
PNR,58.61,58.6,58.62,50000000.0,50000000.0,0,0,0,0,0,0,114,2026-02-04 10:01:46.590814
FSR,31.53,31.52,31.54,50000000.0,50000000.0,0,0,0,0,0,0,114,2026-02-04 10:01:46.590814
ATB,58.24,58.23,58.25,50000000.0,50000000.0,0,0,0,0,0,0,114,2026-02-04 10:01:46.590814
SPK,52.8,52.79,52.81,50000000.0,50000000.0,0,0,0,0,0,0,114,2026-02-04 10:01:46.590814
EEC,47.78,47.77,47.79,50000000.0,50000000.0,0,0,0,0,0,0,114,2026-02-04 10:01:46.590814
TGX,43.8,43.79,43.81,50000000.0,50000000.0,0,0,0,0,0,0,115,2026-02-04 10:01:47.626687
PHR,48.82,48.81,48.83,50000000.0,50000000.0,0,0,0,0,0,0,115,2026-02-04 10:01:47.626687
BYL,49.18,49.17,49.19,50000000.0,50000000.0,0,0,0,0,0,0,115,2026-02-04 10:01:47.626687
CLD,83.66,83.65,83.67,50000000.0,50000000.0,0,0,0,0,0,0,115,2026-02-04 10:01:47.626687
GGD,31.96,31.95,31.97,50000000.0,50000000.0,0,0,0,0,0,0,115,2026-02-04 10:01:47.626687
PNR,58.61,58.6,58.62,50000000.0,50000000.0,0,0,0,0,0,0,115,2026-02-04 10:01:47.626687
FSR,31.53,31.52,31.54,50000000.0,50000000.0,0,0,0,0,0,0,115,2026-02-04 10:01:47.626687
ATB,57.68,57.67,57.69,50000000.0,50000000.0,0,0,0,0,0,0,115,2026-02-04 10:01:47.626687
SPK,52.82,52.81,52.83,50000000.0,50000000.0,0,0,0,0,0,0,115,2026-02-04 10:01:47.626687
EEC,47.81,47.8,47.82,50000000.0,50000000.0,0,0,0,0,0,0,115,2026-02-04 10:01:47.626687
TGX,43.78,43.77,43.79,50000000.0,50000000.0,0,0,0,0,0,0,116,2026-02-04 10:01:48.657142
PHR,48.59,48.58,48.6,50000000.0,50000000.0,0,0,0,0,0,0,116,2026-02-04 10:01:48.657142
BYL,49.46,49.45,49.47,50000000.0,50000000.0,0,0,0,0,0,0,116,2026-02-04 10:01:48.657142
CLD,84.15,84.14,84.16,50000000.0,50000000.0,0,0,0,0,0,0,116,2026-02-04 10:01:48.657142
GGD,31.97,31.96,31.98,50000000.0,50000000.0,0,0,0,0,0,0,116,2026-02-04 10:01:48.657142
PNR,58.48,58.47,58.49,50000000.0,50000000.0,0,0,0,0,0,0,116,2026-02-04 10:01:48.657142
FSR,31.52,31.51,31.53,50000000.0,50000000.0,0,0,0,0,0,0,116,2026-02-04 10:01:48.657142
ATB,57.9,57.89,57.91,50000000.0,50000000.0,0,0,0,0,0,0,116,2026-02-04 10:01:48.657142
SPK,52.81,52.8,52.82,50000000.0,50000000.0,0,0,0,0,0,0,116,2026-02-04 10:01:48.657142
EEC,47.81,47.8,47.82,50000000.0,50000000.0,0,0,0,0,0,0,116,2026-02-04 10:01:48.657142
TGX,43.76,43.75,43.77,50000000.0,50000000.0,0,0,0,0,0,0,117,2026-02-04 10:01:49.706752
PHR,48.88,48.87,48.89,50000000.0,50000000.0,0,0,0,0,0,0,117,2026-02-04 10:01:49.706752
BYL,49.33,49.32,49.34,50000000.0,50000000.0,0,0,0,0,0,0,117,2026-02-04 10:01:49.706752
CLD,83.87,83.86,83.88,50000000.0,50000000.0,0,0,0,0,0,0,117,2026-02-04 10:01:49.706752
GGD,32.06,32.05,32.07,50000000.0,50000000.0,0,0,0,0,0,0,117,2026-02-04 10:01:49.706752
PNR,58.71,58.7,58.72,50000000.0,50000000.0,0,0,0,0,0,0,117,2026-02-04 10:01:49.706752
FSR,31.56,31.55,31.57,50000000.0,50000000.0,0,0,0,0,0,0,117,2026-02-04 10:01:49.706752
ATB,57.44,57.43,57.45,50000000.0,50000000.0,0,0,0,0,0,0,117,2026-02-04 10:01:49.706752
SPK,52.94,52.93,52.95,50000000.0,50000000.0,0,0,0,0,0,0,117,2026-02-04 10:01:49.706752
EEC,48.05,48.04,48.06,50000000.0,50000000.0,0,0,0,0,0,0,117,2026-02-04 10:01:49.706752
TGX,43.79,43.78,43.8,50000000.0,50000000.0,0,0,0,0,0,0,118,2026-02-04 10:01:50.749189
PHR,48.76,48.75,48.77,50000000.0,50000000.0,0,0,0,0,0,0,118,2026-02-04 10:01:50.749189
BYL,49.44,49.43,49.45,50000000.0,50000000.0,0,0,0,0,0,0,118,2026-02-04 10:01:50.749189
CLD,84.06,84.05,84.07,50000000.0,50000000.0,0,0,0,0,0,0,118,2026-02-04 10:01:50.749189
GGD,32.04,32.03,32.05,50000000.0,50000000.0,0,0,0,0,0,0,118,2026-02-04 10:01:50.749189
PNR,58.56,58.55,58.57,50000000.0,50000000.0,0,0,0,0,0,0,118,2026-02-04 10:01:50.749189
FSR,31.54,31.53,31.55,50000000.0,50000000.0,0,0,0,0,0,0,118,2026-02-04 10:01:50.749189
ATB,57.67,57.66,57.68,50000000.0,50000000.0,0,0,0,0,0,0,118,2026-02-04 10:01:50.749189
SPK,52.93,52.92,52.94,50000000.0,50000000.0,0,0,0,0,0,0,118,2026-02-04 10:01:50.749189
EEC,48.03,48.02,48.04,50000000.0,50000000.0,0,0,0,0,0,0,118,2026-02-04 10:01:50.749189
TGX,43.84,43.83,43.85,50000000.0,50000000.0,0,0,0,0,0,0,119,2026-02-04 10:01:51.782344
PHR,48.65,48.64,48.66,50000000.0,50000000.0,0,0,0,0,0,0,119,2026-02-04 10:01:51.782344
BYL,49.09,49.08,49.1,50000000.0,50000000.0,0,0,0,0,0,0,119,2026-02-04 10:01:51.782344
CLD,83.27,83.26,83.28,50000000.0,50000000.0,0,0,0,0,0,0,119,2026-02-04 10:01:51.782344
GGD,32.11,32.1,32.12,50000000.0,50000000.0,0,0,0,0,0,0,119,2026-02-04 10:01:51.782344
PNR,58.63,58.62,58.64,50000000.0,50000000.0,0,0,0,0,0,0,119,2026-02-04 10:01:51.782344
FSR,31.6,31.59,31.61,50000000.0,50000000.0,0,0,0,0,0,0,119,2026-02-04 10:01:51.782344
ATB,57.79,57.78,57.8,50000000.0,50000000.0,0,0,0,0,0,0,119,2026-02-04 10:01:51.782344
SPK,52.91,52.9,52.92,50000000.0,50000000.0,0,0,0,0,0,0,119,2026-02-04 10:01:51.782344
EEC,48.0,47.99,48.01,50000000.0,50000000.0,0,0,0,0,0,0,119,2026-02-04 10:01:51.782344
TGX,43.84,43.83,43.85,50000000.0,50000000.0,0,0,0,0,0,0,120,2026-02-04 10:01:52.816773
PHR,48.45,48.44,48.46,50000000.0,50000000.0,0,0,0,0,0,0,120,2026-02-04 10:01:52.816773
BYL,49.11,49.1,49.12,50000000.0,50000000.0,0,0,0,0,0,0,120,2026-02-04 10:01:52.816773
CLD,83.22,83.21,83.23,50000000.0,50000000.0,0,0,0,0,0,0,120,2026-02-04 10:01:52.816773
GGD,32.18,32.17,32.19,50000000.0,50000000.0,0,0,0,0,0,0,120,2026-02-04 10:01:52.816773
PNR,58.49,58.48,58.5,50000000.0,50000000.0,0,0,0,0,0,0,120,2026-02-04 10:01:52.816773
FSR,31.63,31.62,31.64,50000000.0,50000000.0,0,0,0,0,0,0,120,2026-02-04 10:01:52.816773
ATB,57.7,57.69,57.71,50000000.0,50000000.0,0,0,0,0,0,0,120,2026-02-04 10:01:52.816773
SPK,52.86,52.85,52.87,50000000.0,50000000.0,0,0,0,0,0,0,120,2026-02-04 10:01:52.816773
EEC,47.93,47.92,47.94,50000000.0,50000000.0,0,0,0,0,0,0,120,2026-02-04 10:01:52.816773
TGX,43.88,43.87,43.89,50000000.0,50000000.0,0,0,0,0,0,0,121,2026-02-04 10:01:53.859172
PHR,48.85,48.84,48.86,50000000.0,50000000.0,0,0,0,0,0,0,121,2026-02-04 10:01:53.859172
BYL,48.89,48.88,48.9,50000000.0,50000000.0,0,0,0,0,0,0,121,2026-02-04 10:01:53.859172
CLD,82.73,82.72,82.74,50000000.0,50000000.0,0,0,0,0,0,0,121,2026-02-04 10:01:53.859172
GGD,32.16,32.15,32.17,50000000.0,50000000.0,0,0,0,0,0,0,121,2026-02-04 10:01:53.859172
PNR,58.07,58.06,58.08,50000000.0,50000000.0,0,0,0,0,0,0,121,2026-02-04 10:01:53.859172
FSR,31.55,31.54,31.56,50000000.0,50000000.0,0,0,0,0,0,0,121,2026-02-04 10:01:53.859172
ATB,57.42,57.41,57.43,50000000.0,50000000.0,0,0,0,0,0,0,121,2026-02-04 10:01:53.859172
SPK,52.9,52.89,52.91,50000000.0,50000000.0,0,0,0,0,0,0,121,2026-02-04 10:01:53.859172
EEC,48.01,48.0,48.02,50000000.0,50000000.0,0,0,0,0,0,0,121,2026-02-04 10:01:53.859172
TGX,43.89,43.88,43.9,50000000.0,50000000.0,0,0,0,0,0,0,122,2026-02-04 10:01:54.399940
PHR,48.93,48.92,48.94,50000000.0,50000000.0,0,0,0,0,0,0,122,2026-02-04 10:01:54.399940
BYL,48.88,48.87,48.89,50000000.0,50000000.0,0,0,0,0,0,0,122,2026-02-04 10:01:54.399940
CLD,82.86,82.85,82.87,50000000.0,50000000.0,0,0,0,0,0,0,122,2026-02-04 10:01:54.399940
GGD,32.16,32.15,32.17,50000000.0,50000000.0,0,0,0,0,0,0,122,2026-02-04 10:01:54.399940
PNR,58.1,58.09,58.11,50000000.0,50000000.0,0,0,0,0,0,0,122,2026-02-04 10:01:54.399940
FSR,31.6,31.59,31.61,50000000.0,50000000.0,0,0,0,0,0,0,122,2026-02-04 10:01:54.399940
ATB,57.99,57.98,58.0,50000000.0,50000000.0,0,0,0,0,0,0,122,2026-02-04 10:01:54.399940
SPK,52.89,52.88,52.9,50000000.0,50000000.0,0,0,0,0,0,0,122,2026-02-04 10:01:54.399940
EEC,48.03,48.02,48.04,50000000.0,50000000.0,0,0,0,0,0,0,122,2026-02-04 10:01:54.399940
TGX,43.88,43.87,43.89,50000000.0,50000000.0,0,0,0,0,0,0,123,2026-02-04 10:01:55.491760
PHR,48.6,48.59,48.61,50000000.0,50000000.0,0,0,0,0,0,0,123,2026-02-04 10:01:55.491760
BYL,48.6,48.59,48.61,50000000.0,50000000.0,0,0,0,0,0,0,123,2026-02-04 10:01:55.491760
CLD,82.46,82.45,82.47,50000000.0,50000000.0,0,0,0,0,0,0,123,2026-02-04 10:01:55.491760
GGD,32.17,32.16,32.18,50000000.0,50000000.0,0,0,0,0,0,0,123,2026-02-04 10:01:55.491760
PNR,57.78,57.77,57.79,50000000.0,50000000.0,0,0,0,0,0,0,123,2026-02-04 10:01:55.491760
FSR,31.65,31.64,31.66,50000000.0,50000000.0,0,0,0,0,0,0,123,2026-02-04 10:01:55.491760
ATB,57.53,57.52,57.54,50000000.0,50000000.0,0,0,0,0,0,0,123,2026-02-04 10:01:55.491760
SPK,52.91,52.9,52.92,50000000.0,50000000.0,0,0,0,0,0,0,123,2026-02-04 10:01:55.491760
EEC,48.1,48.09,48.11,50000000.0,50000000.0,0,0,0,0,0,0,123,2026-02-04 10:01:55.491760
TGX,43.89,43.88,43.9,50000000.0,50000000.0,0,0,0,0,0,0,124,2026-02-04 10:01:56.544312
PHR,48.67,48.66,48.68,50000000.0,50000000.0,0,0,0,0,0,0,124,2026-02-04 10:01:56.544312
BYL,49.12,49.11,49.13,50000000.0,50000000.0,0,0,0,0,0,0,124,2026-02-04 10:01:56.544312
CLD,83.51,83.5,83.52,50000000.0,50000000.0,0,0,0,0,0,0,124,2026-02-04 10:01:56.544312
GGD,32.17,32.16,32.18,50000000.0,50000000.0,0,0,0,0,0,0,124,2026-02-04 10:01:56.544312
PNR,57.85,57.84,57.86,50000000.0,50000000.0,0,0,0,0,0,0,124,2026-02-04 10:01:56.544312
FSR,31.55,31.54,31.56,50000000.0,50000000.0,0,0,0,0,0,0,124,2026-02-04 10:01:56.544312
ATB,57.47,57.46,57.48,50000000.0,50000000.0,0,0,0,0,0,0,124,2026-02-04 10:01:56.544312
SPK,52.93,52.92,52.94,50000000.0,50000000.0,0,0,0,0,0,0,124,2026-02-04 10:01:56.544312
EEC,48.12,48.11,48.13,50000000.0,50000000.0,0,0,0,0,0,0,124,2026-02-04 10:01:56.544312
TGX,43.88,43.87,43.89,50000000.0,50000000.0,0,0,0,0,0,0,125,2026-02-04 10:01:57.611007
PHR,48.7,48.69,48.71,50000000.0,50000000.0,0,0,0,0,0,0,125,2026-02-04 10:01:57.611007
BYL,49.29,49.28,49.3,50000000.0,50000000.0,0,0,0,0,0,0,125,2026-02-04 10:01:57.611007
CLD,83.81,83.8,83.82,50000000.0,50000000.0,0,0,0,0,0,0,125,2026-02-04 10:01:57.611007
GGD,32.18,32.17,32.19,50000000.0,50000000.0,0,0,0,0,0,0,125,2026-02-04 10:01:57.611007
PNR,57.84,57.83,57.85,50000000.0,50000000.0,0,0,0,0,0,0,125,2026-02-04 10:01:57.611007
FSR,31.57,31.56,31.58,50000000.0,50000000.0,0,0,0,0,0,0,125,2026-02-04 10:01:57.611007
ATB,57.7,57.69,57.71,50000000.0,50000000.0,0,0,0,0,0,0,125,2026-02-04 10:01:57.611007
SPK,53.01,53.0,53.02,50000000.0,50000000.0,0,0,0,0,0,0,125,2026-02-04 10:01:57.611007
EEC,48.25,48.24,48.26,50000000.0,50000000.0,0,0,0,0,0,0,125,2026-02-04 10:01:57.611007
TGX,43.86,43.85,43.87,50000000.0,50000000.0,0,0,0,0,0,0,126,2026-02-04 10:01:58.652033
PHR,48.65,48.64,48.66,50000000.0,50000000.0,0,0,0,0,0,0,126,2026-02-04 10:01:58.652033
BYL,49.3,49.29,49.31,50000000.0,50000000.0,0,0,0,0,0,0,126,2026-02-04 10:01:58.652033
CLD,83.99,83.98,84.0,50000000.0,50000000.0,0,0,0,0,0,0,126,2026-02-04 10:01:58.652033
GGD,32.06,32.05,32.07,50000000.0,50000000.0,0,0,0,0,0,0,126,2026-02-04 10:01:58.652033
PNR,57.5,57.49,57.51,50000000.0,50000000.0,0,0,0,0,0,0,126,2026-02-04 10:01:58.652033
FSR,31.59,31.58,31.6,50000000.0,50000000.0,0,0,0,0,0,0,126,2026-02-04 10:01:58.652033
ATB,57.47,57.46,57.48,50000000.0,50000000.0,0,0,0,0,0,0,126,2026-02-04 10:01:58.652033
SPK,52.91,52.9,52.92,50000000.0,50000000.0,0,0,0,0,0,0,126,2026-02-04 10:01:58.652033
EEC,48.08,48.07,48.09,50000000.0,50000000.0,0,0,0,0,0,0,126,2026-02-04 10:01:58.652033
TGX,43.87,43.86,43.88,50000000.0,50000000.0,0,0,0,0,0,0,127,2026-02-04 10:01:59.689555
PHR,48.78,48.77,48.79,50000000.0,50000000.0,0,0,0,0,0,0,127,2026-02-04 10:01:59.689555
BYL,49.62,49.61,49.63,50000000.0,50000000.0,0,0,0,0,0,0,127,2026-02-04 10:01:59.689555
CLD,84.56,84.55,84.57,50000000.0,50000000.0,0,0,0,0,0,0,127,2026-02-04 10:01:59.689555
GGD,31.95,31.94,31.96,50000000.0,50000000.0,0,0,0,0,0,0,127,2026-02-04 10:01:59.689555
PNR,57.47,57.46,57.48,50000000.0,50000000.0,0,0,0,0,0,0,127,2026-02-04 10:01:59.689555
FSR,31.57,31.56,31.58,50000000.0,50000000.0,0,0,0,0,0,0,127,2026-02-04 10:01:59.689555
ATB,57.43,57.42,57.44,50000000.0,50000000.0,0,0,0,0,0,0,127,2026-02-04 10:01:59.689555
SPK,52.98,52.97,52.99,50000000.0,50000000.0,0,0,0,0,0,0,127,2026-02-04 10:01:59.689555
EEC,48.2,48.19,48.21,50000000.0,50000000.0,0,0,0,0,0,0,127,2026-02-04 10:01:59.689555
TGX,43.88,43.87,43.89,50000000.0,50000000.0,0,0,0,0,0,0,128,2026-02-04 10:02:00.721259
PHR,49.11,49.1,49.12,50000000.0,50000000.0,0,0,0,0,0,0,128,2026-02-04 10:02:00.721259
BYL,49.73,49.72,49.74,50000000.0,50000000.0,0,0,0,0,0,0,128,2026-02-04 10:02:00.721259
CLD,84.72,84.71,84.73,50000000.0,50000000.0,0,0,0,0,0,0,128,2026-02-04 10:02:00.721259
GGD,31.97,31.96,31.98,50000000.0,50000000.0,0,0,0,0,0,0,128,2026-02-04 10:02:00.721259
PNR,57.55,57.54,57.56,50000000.0,50000000.0,0,0,0,0,0,0,128,2026-02-04 10:02:00.721259
FSR,31.66,31.65,31.67,50000000.0,50000000.0,0,0,0,0,0,0,128,2026-02-04 10:02:00.721259
ATB,57.45,57.44,57.46,50000000.0,50000000.0,0,0,0,0,0,0,128,2026-02-04 10:02:00.721259
SPK,52.92,52.91,52.93,50000000.0,50000000.0,0,0,0,0,0,0,128,2026-02-04 10:02:00.721259
EEC,48.08,48.07,48.09,50000000.0,50000000.0,0,0,0,0,0,0,128,2026-02-04 10:02:00.721259
TGX,43.94,43.93,43.95,50000000.0,50000000.0,0,0,0,0,0,0,129,2026-02-04 10:02:01.757537
PHR,49.01,49.0,49.02,50000000.0,50000000.0,0,0,0,0,0,0,129,2026-02-04 10:02:01.757537
BYL,49.19,49.18,49.2,50000000.0,50000000.0,0,0,0,0,0,0,129,2026-02-04 10:02:01.757537
CLD,83.67,83.66,83.68,50000000.0,50000000.0,0,0,0,0,0,0,129,2026-02-04 10:02:01.757537
GGD,32.0,31.99,32.01,50000000.0,50000000.0,0,0,0,0,0,0,129,2026-02-04 10:02:01.757537
PNR,57.56,57.55,57.57,50000000.0,50000000.0,0,0,0,0,0,0,129,2026-02-04 10:02:01.757537
FSR,31.56,31.55,31.57,50000000.0,50000000.0,0,0,0,0,0,0,129,2026-02-04 10:02:01.757537
ATB,57.08,57.07,57.09,50000000.0,50000000.0,0,0,0,0,0,0,129,2026-02-04 10:02:01.757537
SPK,52.85,52.84,52.86,50000000.0,50000000.0,0,0,0,0,0,0,129,2026-02-04 10:02:01.757537
EEC,48.06,48.05,48.07,50000000.0,50000000.0,0,0,0,0,0,0,129,2026-02-04 10:02:01.757537
TGX,43.97,43.96,43.98,50000000.0,50000000.0,0,0,0,0,0,0,130,2026-02-04 10:02:02.787420
PHR,49.17,49.16,49.18,50000000.0,50000000.0,0,0,0,0,0,0,130,2026-02-04 10:02:02.787420
BYL,49.55,49.54,49.56,50000000.0,50000000.0,0,0,0,0,0,0,130,2026-02-04 10:02:02.787420
CLD,84.33,84.32,84.34,50000000.0,50000000.0,0,0,0,0,0,0,130,2026-02-04 10:02:02.787420
GGD,32.07,32.06,32.08,50000000.0,50000000.0,0,0,0,0,0,0,130,2026-02-04 10:02:02.787420
PNR,57.79,57.78,57.8,50000000.0,50000000.0,0,0,0,0,0,0,130,2026-02-04 10:02:02.787420
FSR,31.57,31.56,31.58,50000000.0,50000000.0,0,0,0,0,0,0,130,2026-02-04 10:02:02.787420
ATB,56.73,56.72,56.74,50000000.0,50000000.0,0,0,0,0,0,0,130,2026-02-04 10:02:02.787420
SPK,52.93,52.92,52.94,50000000.0,50000000.0,0,0,0,0,0,0,130,2026-02-04 10:02:02.787420
EEC,48.23,48.22,48.24,50000000.0,50000000.0,0,0,0,0,0,0,130,2026-02-04 10:02:02.787420
TGX,43.98,43.97,43.99,50000000.0,50000000.0,0,0,0,0,0,0,131,2026-02-04 10:02:03.818822
PHR,49.32,49.31,49.33,50000000.0,50000000.0,0,0,0,0,0,0,131,2026-02-04 10:02:03.818822
BYL,49.7,49.69,49.71,50000000.0,50000000.0,0,0,0,0,0,0,131,2026-02-04 10:02:03.818822
CLD,84.7,84.69,84.71,50000000.0,50000000.0,0,0,0,0,0,0,131,2026-02-04 10:02:03.818822
GGD,32.0,31.99,32.01,50000000.0,50000000.0,0,0,0,0,0,0,131,2026-02-04 10:02:03.818822
PNR,57.86,57.85,57.87,50000000.0,50000000.0,0,0,0,0,0,0,131,2026-02-04 10:02:03.818822
FSR,31.61,31.6,31.62,50000000.0,50000000.0,0,0,0,0,0,0,131,2026-02-04 10:02:03.818822
ATB,56.61,56.6,56.62,50000000.0,50000000.0,0,0,0,0,0,0,131,2026-02-04 10:02:03.818822
SPK,52.92,52.91,52.93,50000000.0,50000000.0,0,0,0,0,0,0,131,2026-02-04 10:02:03.818822
EEC,48.22,48.21,48.23,50000000.0,50000000.0,0,0,0,0,0,0,131,2026-02-04 10:02:03.818822
TGX,43.96,43.95,43.97,50000000.0,50000000.0,0,0,0,0,0,0,132,2026-02-04 10:02:04.853510
PHR,49.03,49.02,49.04,50000000.0,50000000.0,0,0,0,0,0,0,132,2026-02-04 10:02:04.853510
BYL,50.53,50.52,50.54,50000000.0,50000000.0,0,0,0,0,0,0,132,2026-02-04 10:02:04.853510
CLD,86.47,86.46,86.48,50000000.0,50000000.0,0,0,0,0,0,0,132,2026-02-04 10:02:04.853510
GGD,32.05,32.04,32.06,50000000.0,50000000.0,0,0,0,0,0,0,132,2026-02-04 10:02:04.853510
PNR,58.0,57.99,58.01,50000000.0,50000000.0,0,0,0,0,0,0,132,2026-02-04 10:02:04.853510
FSR,31.69,31.68,31.7,50000000.0,50000000.0,0,0,0,0,0,0,132,2026-02-04 10:02:04.853510
ATB,56.44,56.43,56.45,50000000.0,50000000.0,0,0,0,0,0,0,132,2026-02-04 10:02:04.853510
SPK,52.95,52.94,52.96,50000000.0,50000000.0,0,0,0,0,0,0,132,2026-02-04 10:02:04.853510
EEC,48.22,48.21,48.23,50000000.0,50000000.0,0,0,0,0,0,0,132,2026-02-04 10:02:04.853510
TGX,43.94,43.93,43.95,50000000.0,50000000.0,0,0,0,0,0,0,133,2026-02-04 10:02:05.888492
PHR,48.92,48.91,48.93,50000000.0,50000000.0,0,0,0,0,0,0,133,2026-02-04 10:02:05.888492
BYL,51.13,51.12,51.14,50000000.0,50000000.0,0,0,0,0,0,0,133,2026-02-04 10:02:05.888492
CLD,87.65,87.64,87.66,50000000.0,50000000.0,0,0,0,0,0,0,133,2026-02-04 10:02:05.888492
GGD,32.04,32.03,32.05,50000000.0,50000000.0,0,0,0,0,0,0,133,2026-02-04 10:02:05.888492
PNR,58.02,58.01,58.03,50000000.0,50000000.0,0,0,0,0,0,0,133,2026-02-04 10:02:05.888492
FSR,31.72,31.71,31.73,50000000.0,50000000.0,0,0,0,0,0,0,133,2026-02-04 10:02:05.888492
ATB,56.96,56.95,56.97,50000000.0,50000000.0,0,0,0,0,0,0,133,2026-02-04 10:02:05.888492
SPK,53.02,53.01,53.03,50000000.0,50000000.0,0,0,0,0,0,0,133,2026-02-04 10:02:05.888492
EEC,48.31,48.3,48.32,50000000.0,50000000.0,0,0,0,0,0,0,133,2026-02-04 10:02:05.888492
TGX,43.95,43.94,43.96,50000000.0,50000000.0,0,0,0,0,0,0,134,2026-02-04 10:02:06.923367
PHR,48.41,48.4,48.42,50000000.0,50000000.0,0,0,0,0,0,0,134,2026-02-04 10:02:06.923367
BYL,51.08,51.07,51.09,50000000.0,50000000.0,0,0,0,0,0,0,134,2026-02-04 10:02:06.923367
CLD,87.59,87.58,87.6,50000000.0,50000000.0,0,0,0,0,0,0,134,2026-02-04 10:02:06.923367
GGD,32.06,32.05,32.07,50000000.0,50000000.0,0,0,0,0,0,0,134,2026-02-04 10:02:06.923367
PNR,58.07,58.06,58.08,50000000.0,50000000.0,0,0,0,0,0,0,134,2026-02-04 10:02:06.923367
FSR,31.81,31.8,31.82,50000000.0,50000000.0,0,0,0,0,0,0,134,2026-02-04 10:02:06.923367
ATB,56.97,56.96,56.98,50000000.0,50000000.0,0,0,0,0,0,0,134,2026-02-04 10:02:06.923367
SPK,53.0,52.99,53.01,50000000.0,50000000.0,0,0,0,0,0,0,134,2026-02-04 10:02:06.923367
EEC,48.29,48.28,48.3,50000000.0,50000000.0,0,0,0,0,0,0,134,2026-02-04 10:02:06.923367
TGX,43.92,43.91,43.93,50000000.0,50000000.0,0,0,0,0,0,0,135,2026-02-04 10:02:07.975006
PHR,48.97,48.96,48.98,50000000.0,50000000.0,0,0,0,0,0,0,135,2026-02-04 10:02:07.975006
BYL,51.12,51.11,51.13,50000000.0,50000000.0,0,0,0,0,0,0,135,2026-02-04 10:02:07.975006
CLD,87.61,87.6,87.62,50000000.0,50000000.0,0,0,0,0,0,0,135,2026-02-04 10:02:07.975006
GGD,32.06,32.05,32.07,50000000.0,50000000.0,0,0,0,0,0,0,135,2026-02-04 10:02:07.975006
PNR,58.0,57.99,58.01,50000000.0,50000000.0,0,0,0,0,0,0,135,2026-02-04 10:02:07.975006
FSR,31.84,31.83,31.85,50000000.0,50000000.0,0,0,0,0,0,0,135,2026-02-04 10:02:07.975006
ATB,56.6,56.59,56.61,50000000.0,50000000.0,0,0,0,0,0,0,135,2026-02-04 10:02:07.975006
SPK,53.01,53.0,53.02,50000000.0,50000000.0,0,0,0,0,0,0,135,2026-02-04 10:02:07.975006
EEC,48.27,48.26,48.28,50000000.0,50000000.0,0,0,0,0,0,0,135,2026-02-04 10:02:07.975006
TGX,43.84,43.83,43.85,50000000.0,50000000.0,0,0,0,0,0,0,136,2026-02-04 10:02:08.509177,10.0,1.0,135.0,D4-FSR/ATB,DOJ Antitrust Clearance Granted,Justice Department issues clearance after review of deposit market concentration analysis.
PHR,49.03,49.02,49.04,50000000.0,50000000.0,0,0,0,0,0,0,136,2026-02-04 10:02:08.509177,,,,,,
BYL,51.44,51.43,51.45,50000000.0,50000000.0,0,0,0,0,0,0,136,2026-02-04 10:02:08.509177,,,,,,
CLD,88.22,88.21,88.23,50000000.0,50000000.0,0,0,0,0,0,0,136,2026-02-04 10:02:08.509177,,,,,,
GGD,32.09,32.08,32.1,50000000.0,50000000.0,0,0,0,0,0,0,136,2026-02-04 10:02:08.509177,,,,,,
PNR,58.21,58.2,58.22,50000000.0,50000000.0,0,0,0,0,0,0,136,2026-02-04 10:02:08.509177,,,,,,
FSR,31.84,31.83,31.85,50000000.0,50000000.0,0,0,0,0,0,0,136,2026-02-04 10:02:08.509177,,,,,,
ATB,56.55,56.54,56.56,50000000.0,50000000.0,0,0,0,0,0,0,136,2026-02-04 10:02:08.509177,,,,,,
SPK,52.98,52.97,52.99,50000000.0,50000000.0,0,0,0,0,0,0,136,2026-02-04 10:02:08.509177,,,,,,
EEC,48.24,48.23,48.25,50000000.0,50000000.0,0,0,0,0,0,0,136,2026-02-04 10:02:08.509177,,,,,,
TGX,43.82,43.81,43.83,50000000.0,50000000.0,0,0,0,0,0,0,137,2026-02-04 10:02:09.548377
PHR,48.79,48.78,48.8,50000000.0,50000000.0,0,0,0,0,0,0,137,2026-02-04 10:02:09.548377
BYL,51.44,51.43,51.45,50000000.0,50000000.0,0,0,0,0,0,0,137,2026-02-04 10:02:09.548377
CLD,88.29,88.28,88.3,50000000.0,50000000.0,0,0,0,0,0,0,137,2026-02-04 10:02:09.548377
GGD,32.13,32.12,32.14,50000000.0,50000000.0,0,0,0,0,0,0,137,2026-02-04 10:02:09.548377
PNR,58.41,58.4,58.42,50000000.0,50000000.0,0,0,0,0,0,0,137,2026-02-04 10:02:09.548377
FSR,31.81,31.8,31.82,50000000.0,50000000.0,0,0,0,0,0,0,137,2026-02-04 10:02:09.548377
ATB,56.53,56.52,56.54,50000000.0,50000000.0,0,0,0,0,0,0,137,2026-02-04 10:02:09.548377
SPK,53.03,53.02,53.04,50000000.0,50000000.0,0,0,0,0,0,0,137,2026-02-04 10:02:09.548377
EEC,48.34,48.33,48.35,50000000.0,50000000.0,0,0,0,0,0,0,137,2026-02-04 10:02:09.548377
TGX,43.79,43.78,43.8,50000000.0,50000000.0,0,0,0,0,0,0,138,2026-02-04 10:02:10.580330
PHR,49.11,49.1,49.12,50000000.0,50000000.0,0,0,0,0,0,0,138,2026-02-04 10:02:10.580330
BYL,51.35,51.34,51.36,50000000.0,50000000.0,0,0,0,0,0,0,138,2026-02-04 10:02:10.580330
CLD,88.02,88.01,88.03,50000000.0,50000000.0,0,0,0,0,0,0,138,2026-02-04 10:02:10.580330
GGD,32.17,32.16,32.18,50000000.0,50000000.0,0,0,0,0,0,0,138,2026-02-04 10:02:10.580330
PNR,58.25,58.24,58.26,50000000.0,50000000.0,0,0,0,0,0,0,138,2026-02-04 10:02:10.580330
FSR,31.85,31.84,31.86,50000000.0,50000000.0,0,0,0,0,0,0,138,2026-02-04 10:02:10.580330
ATB,57.38,57.37,57.39,50000000.0,50000000.0,0,0,0,0,0,0,138,2026-02-04 10:02:10.580330
SPK,53.0,52.99,53.01,50000000.0,50000000.0,0,0,0,0,0,0,138,2026-02-04 10:02:10.580330
EEC,48.33,48.32,48.34,50000000.0,50000000.0,0,0,0,0,0,0,138,2026-02-04 10:02:10.580330
TGX,43.77,43.76,43.78,50000000.0,50000000.0,0,0,0,0,0,0,139,2026-02-04 10:02:11.611740
PHR,48.86,48.85,48.87,50000000.0,50000000.0,0,0,0,0,0,0,139,2026-02-04 10:02:11.611740
BYL,50.81,50.8,50.82,50000000.0,50000000.0,0,0,0,0,0,0,139,2026-02-04 10:02:11.611740
CLD,86.93,86.92,86.94,50000000.0,50000000.0,0,0,0,0,0,0,139,2026-02-04 10:02:11.611740
GGD,32.11,32.1,32.12,50000000.0,50000000.0,0,0,0,0,0,0,139,2026-02-04 10:02:11.611740
PNR,57.83,57.82,57.84,50000000.0,50000000.0,0,0,0,0,0,0,139,2026-02-04 10:02:11.611740
FSR,31.83,31.82,31.84,50000000.0,50000000.0,0,0,0,0,0,0,139,2026-02-04 10:02:11.611740
ATB,57.16,57.15,57.17,50000000.0,50000000.0,0,0,0,0,0,0,139,2026-02-04 10:02:11.611740
SPK,53.02,53.01,53.03,50000000.0,50000000.0,0,0,0,0,0,0,139,2026-02-04 10:02:11.611740
EEC,48.35,48.34,48.36,50000000.0,50000000.0,0,0,0,0,0,0,139,2026-02-04 10:02:11.611740
TGX,43.82,43.81,43.83,50000000.0,50000000.0,0,0,0,0,0,0,140,2026-02-04 10:02:12.646918
PHR,49.12,49.11,49.13,50000000.0,50000000.0,0,0,0,0,0,0,140,2026-02-04 10:02:12.646918
BYL,50.8,50.79,50.81,50000000.0,50000000.0,0,0,0,0,0,0,140,2026-02-04 10:02:12.646918
CLD,86.99,86.98,87.0,50000000.0,50000000.0,0,0,0,0,0,0,140,2026-02-04 10:02:12.646918
GGD,32.11,32.1,32.12,50000000.0,50000000.0,0,0,0,0,0,0,140,2026-02-04 10:02:12.646918
PNR,57.45,57.44,57.46,50000000.0,50000000.0,0,0,0,0,0,0,140,2026-02-04 10:02:12.646918
FSR,31.78,31.77,31.79,50000000.0,50000000.0,0,0,0,0,0,0,140,2026-02-04 10:02:12.646918
ATB,56.49,56.48,56.5,50000000.0,50000000.0,0,0,0,0,0,0,140,2026-02-04 10:02:12.646918
SPK,52.98,52.97,52.99,50000000.0,50000000.0,0,0,0,0,0,0,140,2026-02-04 10:02:12.646918
EEC,48.28,48.27,48.29,50000000.0,50000000.0,0,0,0,0,0,0,140,2026-02-04 10:02:12.646918
TGX,43.81,43.8,43.82,50000000.0,50000000.0,0,0,0,0,0,0,141,2026-02-04 10:02:13.678304
PHR,48.51,48.5,48.52,50000000.0,50000000.0,0,0,0,0,0,0,141,2026-02-04 10:02:13.678304
BYL,50.95,50.94,50.96,50000000.0,50000000.0,0,0,0,0,0,0,141,2026-02-04 10:02:13.678304
CLD,87.28,87.27,87.29,50000000.0,50000000.0,0,0,0,0,0,0,141,2026-02-04 10:02:13.678304
GGD,32.1,32.09,32.11,50000000.0,50000000.0,0,0,0,0,0,0,141,2026-02-04 10:02:13.678304
PNR,57.97,57.96,57.98,50000000.0,50000000.0,0,0,0,0,0,0,141,2026-02-04 10:02:13.678304
FSR,31.75,31.74,31.76,50000000.0,50000000.0,0,0,0,0,0,0,141,2026-02-04 10:02:13.678304
ATB,56.63,56.62,56.64,50000000.0,50000000.0,0,0,0,0,0,0,141,2026-02-04 10:02:13.678304
SPK,52.89,52.88,52.9,50000000.0,50000000.0,0,0,0,0,0,0,141,2026-02-04 10:02:13.678304
EEC,48.23,48.22,48.24,50000000.0,50000000.0,0,0,0,0,0,0,141,2026-02-04 10:02:13.678304
TGX,43.82,43.81,43.83,50000000.0,50000000.0,0,0,0,0,0,0,142,2026-02-04 10:02:14.715517,12.0,1.0,141.0,D3-GGD/PNR,GreenGrid Schedules Shareholder Vote,Special meeting scheduled 75 days forward for shareholders to vote on merger transaction.
PHR,48.68,48.67,48.69,50000000.0,50000000.0,0,0,0,0,0,0,142,2026-02-04 10:02:14.715517,11.0,1.0,141.0,D1-TGX/PHR,Chinese SAMR Extends Review Period,"China's State Administration for Market Regulation has extended its review for a third time, now requesting detailed market share data across all Asia-Pacific regions."
BYL,51.33,51.32,51.34,50000000.0,50000000.0,0,0,0,0,0,0,142,2026-02-04 10:02:14.715517,,,,,,
CLD,88.03,88.02,88.04,50000000.0,50000000.0,0,0,0,0,0,0,142,2026-02-04 10:02:14.715517,,,,,,
GGD,32.14,32.13,32.15,50000000.0,50000000.0,0,0,0,0,0,0,142,2026-02-04 10:02:14.715517,,,,,,
PNR,58.33,58.32,58.34,50000000.0,50000000.0,0,0,0,0,0,0,142,2026-02-04 10:02:14.715517,,,,,,
FSR,31.66,31.65,31.67,50000000.0,50000000.0,0,0,0,0,0,0,142,2026-02-04 10:02:14.715517,,,,,,
ATB,56.76,56.75,56.77,50000000.0,50000000.0,0,0,0,0,0,0,142,2026-02-04 10:02:14.715517,,,,,,
SPK,52.9,52.89,52.91,50000000.0,50000000.0,0,0,0,0,0,0,142,2026-02-04 10:02:14.715517,,,,,,
EEC,48.23,48.22,48.24,50000000.0,50000000.0,0,0,0,0,0,0,142,2026-02-04 10:02:14.715517,,,,,,
TGX,43.76,43.75,43.77,50000000.0,50000000.0,0,0,0,0,0,0,143,2026-02-04 10:02:15.767432
PHR,48.77,48.76,48.78,50000000.0,50000000.0,0,0,0,0,0,0,143,2026-02-04 10:02:15.767432
BYL,51.73,51.72,51.74,50000000.0,50000000.0,0,0,0,0,0,0,143,2026-02-04 10:02:15.767432
CLD,88.83,88.82,88.84,50000000.0,50000000.0,0,0,0,0,0,0,143,2026-02-04 10:02:15.767432
GGD,32.22,32.21,32.23,50000000.0,50000000.0,0,0,0,0,0,0,143,2026-02-04 10:02:15.767432
PNR,58.13,58.12,58.14,50000000.0,50000000.0,0,0,0,0,0,0,143,2026-02-04 10:02:15.767432
FSR,31.63,31.62,31.64,50000000.0,50000000.0,0,0,0,0,0,0,143,2026-02-04 10:02:15.767432
ATB,56.8,56.79,56.81,50000000.0,50000000.0,0,0,0,0,0,0,143,2026-02-04 10:02:15.767432
SPK,52.9,52.89,52.91,50000000.0,50000000.0,0,0,0,0,0,0,143,2026-02-04 10:02:15.767432
EEC,48.19,48.18,48.2,50000000.0,50000000.0,0,0,0,0,0,0,143,2026-02-04 10:02:15.767432
TGX,43.74,43.73,43.75,50000000.0,50000000.0,0,0,0,0,0,0,144,2026-02-04 10:02:16.806851,13.0,1.0,143.0,D5-SPK/EEC,Independent Fairness Review Generates Board Discussion,"An independent financial advisor retained by the SolarPeak board has presented a supplemental fairness analysis that reaches nuanced conclusions regarding the adequacy of the 1.20 EEC shares per SPK share offer. While the analysis does not formally contradict the original fairness opinion, it highlights sensitivity to key assumptions around standalone growth rates and comparable transaction multiples. Board members are reportedly weighing whether additional disclosure to shareholders is warranted."
PHR,48.39,48.38,48.4,50000000.0,50000000.0,0,0,0,0,0,0,144,2026-02-04 10:02:16.806851,,,,,,
BYL,51.2,51.19,51.21,50000000.0,50000000.0,0,0,0,0,0,0,144,2026-02-04 10:02:16.806851,,,,,,
CLD,87.78,87.77,87.79,50000000.0,50000000.0,0,0,0,0,0,0,144,2026-02-04 10:02:16.806851,,,,,,
GGD,32.3,32.29,32.31,50000000.0,50000000.0,0,0,0,0,0,0,144,2026-02-04 10:02:16.806851,,,,,,
PNR,58.39,58.38,58.4,50000000.0,50000000.0,0,0,0,0,0,0,144,2026-02-04 10:02:16.806851,,,,,,
FSR,31.77,31.76,31.78,50000000.0,50000000.0,0,0,0,0,0,0,144,2026-02-04 10:02:16.806851,,,,,,
ATB,56.7,56.69,56.71,50000000.0,50000000.0,0,0,0,0,0,0,144,2026-02-04 10:02:16.806851,,,,,,
SPK,52.94,52.93,52.95,50000000.0,50000000.0,0,0,0,0,0,0,144,2026-02-04 10:02:16.806851,,,,,,
EEC,48.22,48.21,48.23,50000000.0,50000000.0,0,0,0,0,0,0,144,2026-02-04 10:02:16.806851,,,,,,
TGX,43.79,43.78,43.8,50000000.0,50000000.0,0,0,0,0,0,0,145,2026-02-04 10:02:17.846057
PHR,48.36,48.35,48.37,50000000.0,50000000.0,0,0,0,0,0,0,145,2026-02-04 10:02:17.846057
BYL,50.94,50.93,50.95,50000000.0,50000000.0,0,0,0,0,0,0,145,2026-02-04 10:02:17.846057
CLD,87.3,87.29,87.31,50000000.0,50000000.0,0,0,0,0,0,0,145,2026-02-04 10:02:17.846057
GGD,32.38,32.37,32.39,50000000.0,50000000.0,0,0,0,0,0,0,145,2026-02-04 10:02:17.846057
PNR,58.77,58.76,58.78,50000000.0,50000000.0,0,0,0,0,0,0,145,2026-02-04 10:02:17.846057
FSR,31.76,31.75,31.77,50000000.0,50000000.0,0,0,0,0,0,0,145,2026-02-04 10:02:17.846057
ATB,56.23,56.22,56.24,50000000.0,50000000.0,0,0,0,0,0,0,145,2026-02-04 10:02:17.846057
SPK,52.96,52.95,52.97,50000000.0,50000000.0,0,0,0,0,0,0,145,2026-02-04 10:02:17.846057
EEC,48.23,48.22,48.24,50000000.0,50000000.0,0,0,0,0,0,0,145,2026-02-04 10:02:17.846057
TGX,43.83,43.82,43.84,50000000.0,50000000.0,0,0,0,0,0,0,146,2026-02-04 10:02:18.884251
PHR,48.4,48.39,48.41,50000000.0,50000000.0,0,0,0,0,0,0,146,2026-02-04 10:02:18.884251
BYL,51.69,51.68,51.7,50000000.0,50000000.0,0,0,0,0,0,0,146,2026-02-04 10:02:18.884251
CLD,88.78,88.77,88.79,50000000.0,50000000.0,0,0,0,0,0,0,146,2026-02-04 10:02:18.884251
GGD,32.37,32.36,32.38,50000000.0,50000000.0,0,0,0,0,0,0,146,2026-02-04 10:02:18.884251
PNR,58.84,58.83,58.85,50000000.0,50000000.0,0,0,0,0,0,0,146,2026-02-04 10:02:18.884251
FSR,31.74,31.73,31.75,50000000.0,50000000.0,0,0,0,0,0,0,146,2026-02-04 10:02:18.884251
ATB,56.03,56.02,56.04,50000000.0,50000000.0,0,0,0,0,0,0,146,2026-02-04 10:02:18.884251
SPK,52.98,52.97,52.99,50000000.0,50000000.0,0,0,0,0,0,0,146,2026-02-04 10:02:18.884251
EEC,48.29,48.28,48.3,50000000.0,50000000.0,0,0,0,0,0,0,146,2026-02-04 10:02:18.884251
TGX,43.81,43.8,43.82,50000000.0,50000000.0,0,0,0,0,0,0,147,2026-02-04 10:02:19.918296
PHR,48.29,48.28,48.3,50000000.0,50000000.0,0,0,0,0,0,0,147,2026-02-04 10:02:19.918296
BYL,52.2,52.19,52.21,50000000.0,50000000.0,0,0,0,0,0,0,147,2026-02-04 10:02:19.918296
CLD,89.69,89.68,89.7,50000000.0,50000000.0,0,0,0,0,0,0,147,2026-02-04 10:02:19.918296
GGD,32.39,32.38,32.4,50000000.0,50000000.0,0,0,0,0,0,0,147,2026-02-04 10:02:19.918296
PNR,58.79,58.78,58.8,50000000.0,50000000.0,0,0,0,0,0,0,147,2026-02-04 10:02:19.918296
FSR,31.75,31.74,31.76,50000000.0,50000000.0,0,0,0,0,0,0,147,2026-02-04 10:02:19.918296
ATB,56.2,56.19,56.21,50000000.0,50000000.0,0,0,0,0,0,0,147,2026-02-04 10:02:19.918296
SPK,52.92,52.91,52.93,50000000.0,50000000.0,0,0,0,0,0,0,147,2026-02-04 10:02:19.918296
EEC,48.23,48.22,48.24,50000000.0,50000000.0,0,0,0,0,0,0,147,2026-02-04 10:02:19.918296
TGX,43.83,43.82,43.84,50000000.0,50000000.0,0,0,0,0,0,0,148,2026-02-04 10:02:20.956986
PHR,48.39,48.38,48.4,50000000.0,50000000.0,0,0,0,0,0,0,148,2026-02-04 10:02:20.956986
BYL,52.4,52.39,52.41,50000000.0,50000000.0,0,0,0,0,0,0,148,2026-02-04 10:02:20.956986
CLD,90.07,90.06,90.08,50000000.0,50000000.0,0,0,0,0,0,0,148,2026-02-04 10:02:20.956986
GGD,32.41,32.4,32.42,50000000.0,50000000.0,0,0,0,0,0,0,148,2026-02-04 10:02:20.956986
PNR,59.05,59.04,59.06,50000000.0,50000000.0,0,0,0,0,0,0,148,2026-02-04 10:02:20.956986
FSR,31.84,31.83,31.85,50000000.0,50000000.0,0,0,0,0,0,0,148,2026-02-04 10:02:20.956986
ATB,56.63,56.62,56.64,50000000.0,50000000.0,0,0,0,0,0,0,148,2026-02-04 10:02:20.956986
SPK,52.93,52.92,52.94,50000000.0,50000000.0,0,0,0,0,0,0,148,2026-02-04 10:02:20.956986
EEC,48.24,48.23,48.25,50000000.0,50000000.0,0,0,0,0,0,0,148,2026-02-04 10:02:20.956986
TGX,43.88,43.87,43.89,50000000.0,50000000.0,0,0,0,0,0,0,149,2026-02-04 10:02:21.996378
PHR,47.96,47.95,47.97,50000000.0,50000000.0,0,0,0,0,0,0,149,2026-02-04 10:02:21.996378
BYL,52.87,52.86,52.88,50000000.0,50000000.0,0,0,0,0,0,0,149,2026-02-04 10:02:21.996378
CLD,91.09,91.08,91.1,50000000.0,50000000.0,0,0,0,0,0,0,149,2026-02-04 10:02:21.996378
GGD,32.37,32.36,32.38,50000000.0,50000000.0,0,0,0,0,0,0,149,2026-02-04 10:02:21.996378
PNR,59.32,59.31,59.33,50000000.0,50000000.0,0,0,0,0,0,0,149,2026-02-04 10:02:21.996378
FSR,31.84,31.83,31.85,50000000.0,50000000.0,0,0,0,0,0,0,149,2026-02-04 10:02:21.996378
ATB,56.74,56.73,56.75,50000000.0,50000000.0,0,0,0,0,0,0,149,2026-02-04 10:02:21.996378
SPK,52.93,52.92,52.94,50000000.0,50000000.0,0,0,0,0,0,0,149,2026-02-04 10:02:21.996378
EEC,48.24,48.23,48.25,50000000.0,50000000.0,0,0,0,0,0,0,149,2026-02-04 10:02:21.996378
TGX,43.87,43.86,43.88,50000000.0,50000000.0,0,0,0,0,0,0,150,2026-02-04 10:02:23.033060
PHR,47.8,47.79,47.81,50000000.0,50000000.0,0,0,0,0,0,0,150,2026-02-04 10:02:23.033060
BYL,52.68,52.67,52.69,50000000.0,50000000.0,0,0,0,0,0,0,150,2026-02-04 10:02:23.033060
CLD,90.7,90.69,90.71,50000000.0,50000000.0,0,0,0,0,0,0,150,2026-02-04 10:02:23.033060
GGD,32.45,32.44,32.46,50000000.0,50000000.0,0,0,0,0,0,0,150,2026-02-04 10:02:23.033060
PNR,59.19,59.18,59.2,50000000.0,50000000.0,0,0,0,0,0,0,150,2026-02-04 10:02:23.033060
FSR,31.82,31.81,31.83,50000000.0,50000000.0,0,0,0,0,0,0,150,2026-02-04 10:02:23.033060
ATB,57.02,57.01,57.03,50000000.0,50000000.0,0,0,0,0,0,0,150,2026-02-04 10:02:23.033060
SPK,52.96,52.95,52.97,50000000.0,50000000.0,0,0,0,0,0,0,150,2026-02-04 10:02:23.033060
EEC,48.28,48.27,48.29,50000000.0,50000000.0,0,0,0,0,0,0,150,2026-02-04 10:02:23.033060
TGX,43.84,43.83,43.85,50000000.0,50000000.0,0,0,0,0,0,0,151,2026-02-04 10:02:23.611082
PHR,47.82,47.81,47.83,50000000.0,50000000.0,0,0,0,0,0,0,151,2026-02-04 10:02:23.611082
BYL,52.98,52.97,52.99,50000000.0,50000000.0,0,0,0,0,0,0,151,2026-02-04 10:02:23.611082
CLD,91.36,91.35,91.37,50000000.0,50000000.0,0,0,0,0,0,0,151,2026-02-04 10:02:23.611082
GGD,32.42,32.41,32.43,50000000.0,50000000.0,0,0,0,0,0,0,151,2026-02-04 10:02:23.611082
PNR,59.41,59.4,59.42,50000000.0,50000000.0,0,0,0,0,0,0,151,2026-02-04 10:02:23.611082
FSR,31.84,31.83,31.85,50000000.0,50000000.0,0,0,0,0,0,0,151,2026-02-04 10:02:23.611082
ATB,56.78,56.77,56.79,50000000.0,50000000.0,0,0,0,0,0,0,151,2026-02-04 10:02:23.611082
SPK,52.98,52.97,52.99,50000000.0,50000000.0,0,0,0,0,0,0,151,2026-02-04 10:02:23.611082
EEC,48.31,48.3,48.32,50000000.0,50000000.0,0,0,0,0,0,0,151,2026-02-04 10:02:23.611082
TGX,43.82,43.81,43.83,50000000.0,50000000.0,0,0,0,0,0,0,152,2026-02-04 10:02:24.655308
PHR,47.35,47.34,47.36,50000000.0,50000000.0,0,0,0,0,0,0,152,2026-02-04 10:02:24.655308
BYL,52.97,52.96,52.98,50000000.0,50000000.0,0,0,0,0,0,0,152,2026-02-04 10:02:24.655308
CLD,91.34,91.33,91.35,50000000.0,50000000.0,0,0,0,0,0,0,152,2026-02-04 10:02:24.655308
GGD,32.39,32.38,32.4,50000000.0,50000000.0,0,0,0,0,0,0,152,2026-02-04 10:02:24.655308
PNR,59.19,59.18,59.2,50000000.0,50000000.0,0,0,0,0,0,0,152,2026-02-04 10:02:24.655308
FSR,31.8,31.79,31.81,50000000.0,50000000.0,0,0,0,0,0,0,152,2026-02-04 10:02:24.655308
ATB,56.77,56.76,56.78,50000000.0,50000000.0,0,0,0,0,0,0,152,2026-02-04 10:02:24.655308
SPK,52.99,52.98,53.0,50000000.0,50000000.0,0,0,0,0,0,0,152,2026-02-04 10:02:24.655308
EEC,48.31,48.3,48.32,50000000.0,50000000.0,0,0,0,0,0,0,152,2026-02-04 10:02:24.655308
TGX,43.8,43.79,43.81,50000000.0,50000000.0,0,0,0,0,0,0,153,2026-02-04 10:02:25.700906
PHR,47.3,47.29,47.31,50000000.0,50000000.0,0,0,0,0,0,0,153,2026-02-04 10:02:25.700906
BYL,52.65,52.64,52.66,50000000.0,50000000.0,0,0,0,0,0,0,153,2026-02-04 10:02:25.700906
CLD,90.73,90.72,90.74,50000000.0,50000000.0,0,0,0,0,0,0,153,2026-02-04 10:02:25.700906
GGD,32.35,32.34,32.36,50000000.0,50000000.0,0,0,0,0,0,0,153,2026-02-04 10:02:25.700906
PNR,59.27,59.26,59.28,50000000.0,50000000.0,0,0,0,0,0,0,153,2026-02-04 10:02:25.700906
FSR,33.45,33.44,33.46,50000000.0,50000000.0,0,0,0,0,0,0,153,2026-02-04 10:02:25.700906
ATB,56.85,56.84,56.86,50000000.0,50000000.0,0,0,0,0,0,0,153,2026-02-04 10:02:25.700906
SPK,52.97,52.96,52.98,50000000.0,50000000.0,0,0,0,0,0,0,153,2026-02-04 10:02:25.700906
EEC,48.28,48.27,48.29,50000000.0,50000000.0,0,0,0,0,0,0,153,2026-02-04 10:02:25.700906
TGX,43.78,43.77,43.79,50000000.0,50000000.0,0,0,0,0,0,0,154,2026-02-04 10:02:26.746710
PHR,47.35,47.34,47.36,50000000.0,50000000.0,0,0,0,0,0,0,154,2026-02-04 10:02:26.746710
BYL,52.26,52.25,52.27,50000000.0,50000000.0,0,0,0,0,0,0,154,2026-02-04 10:02:26.746710
CLD,89.89,89.88,89.9,50000000.0,50000000.0,0,0,0,0,0,0,154,2026-02-04 10:02:26.746710
GGD,32.46,32.45,32.47,50000000.0,50000000.0,0,0,0,0,0,0,154,2026-02-04 10:02:26.746710
PNR,59.78,59.77,59.79,50000000.0,50000000.0,0,0,0,0,0,0,154,2026-02-04 10:02:26.746710
FSR,35.22,35.21,35.23,50000000.0,50000000.0,0,0,0,0,0,0,154,2026-02-04 10:02:26.746710
ATB,57.35,57.34,57.36,50000000.0,50000000.0,0,0,0,0,0,0,154,2026-02-04 10:02:26.746710
SPK,52.97,52.96,52.98,50000000.0,50000000.0,0,0,0,0,0,0,154,2026-02-04 10:02:26.746710
EEC,48.31,48.3,48.32,50000000.0,50000000.0,0,0,0,0,0,0,154,2026-02-04 10:02:26.746710
TGX,43.85,43.84,43.86,50000000.0,50000000.0,0,0,0,0,0,0,155,2026-02-04 10:02:27.784750
PHR,47.47,47.46,47.48,50000000.0,50000000.0,0,0,0,0,0,0,155,2026-02-04 10:02:27.784750
BYL,52.34,52.33,52.35,50000000.0,50000000.0,0,0,0,0,0,0,155,2026-02-04 10:02:27.784750
CLD,90.01,90.0,90.02,50000000.0,50000000.0,0,0,0,0,0,0,155,2026-02-04 10:02:27.784750
GGD,32.53,32.52,32.54,50000000.0,50000000.0,0,0,0,0,0,0,155,2026-02-04 10:02:27.784750
PNR,60.03,60.02,60.04,50000000.0,50000000.0,0,0,0,0,0,0,155,2026-02-04 10:02:27.784750
FSR,35.24,35.23,35.25,50000000.0,50000000.0,0,0,0,0,0,0,155,2026-02-04 10:02:27.784750
ATB,57.96,57.95,57.97,50000000.0,50000000.0,0,0,0,0,0,0,155,2026-02-04 10:02:27.784750
SPK,52.99,52.98,53.0,50000000.0,50000000.0,0,0,0,0,0,0,155,2026-02-04 10:02:27.784750
EEC,48.26,48.25,48.27,50000000.0,50000000.0,0,0,0,0,0,0,155,2026-02-04 10:02:27.784750
TGX,43.85,43.84,43.86,50000000.0,50000000.0,0,0,0,0,0,0,156,2026-02-04 10:02:28.827162
PHR,47.79,47.78,47.8,50000000.0,50000000.0,0,0,0,0,0,0,156,2026-02-04 10:02:28.827162
BYL,52.31,52.3,52.32,50000000.0,50000000.0,0,0,0,0,0,0,156,2026-02-04 10:02:28.827162
CLD,89.98,89.97,89.99,50000000.0,50000000.0,0,0,0,0,0,0,156,2026-02-04 10:02:28.827162
GGD,32.47,32.46,32.48,50000000.0,50000000.0,0,0,0,0,0,0,156,2026-02-04 10:02:28.827162
PNR,59.87,59.86,59.88,50000000.0,50000000.0,0,0,0,0,0,0,156,2026-02-04 10:02:28.827162
FSR,35.2,35.19,35.21,50000000.0,50000000.0,0,0,0,0,0,0,156,2026-02-04 10:02:28.827162
ATB,57.69,57.68,57.7,50000000.0,50000000.0,0,0,0,0,0,0,156,2026-02-04 10:02:28.827162
SPK,53.06,53.05,53.07,50000000.0,50000000.0,0,0,0,0,0,0,156,2026-02-04 10:02:28.827162
EEC,48.33,48.32,48.34,50000000.0,50000000.0,0,0,0,0,0,0,156,2026-02-04 10:02:28.827162
TGX,42.78,42.77,42.79,50000000.0,50000000.0,0,0,0,0,0,0,157,2026-02-04 10:02:29.857446
PHR,48.2,48.19,48.21,50000000.0,50000000.0,0,0,0,0,0,0,157,2026-02-04 10:02:29.857446
BYL,52.6,52.59,52.61,50000000.0,50000000.0,0,0,0,0,0,0,157,2026-02-04 10:02:29.857446
CLD,90.54,90.53,90.55,50000000.0,50000000.0,0,0,0,0,0,0,157,2026-02-04 10:02:29.857446
GGD,32.41,32.4,32.42,50000000.0,50000000.0,0,0,0,0,0,0,157,2026-02-04 10:02:29.857446
PNR,59.89,59.88,59.9,50000000.0,50000000.0,0,0,0,0,0,0,157,2026-02-04 10:02:29.857446
FSR,36.89,36.88,36.9,50000000.0,50000000.0,0,0,0,0,0,0,157,2026-02-04 10:02:29.857446
ATB,57.91,57.9,57.92,50000000.0,50000000.0,0,0,0,0,0,0,157,2026-02-04 10:02:29.857446
SPK,53.1,53.09,53.11,50000000.0,50000000.0,0,0,0,0,0,0,157,2026-02-04 10:02:29.857446
EEC,48.47,48.46,48.48,50000000.0,50000000.0,0,0,0,0,0,0,157,2026-02-04 10:02:29.857446
TGX,42.8,42.79,42.81,50000000.0,50000000.0,0,0,0,0,0,0,158,2026-02-04 10:02:30.892871
PHR,47.63,47.62,47.64,50000000.0,50000000.0,0,0,0,0,0,0,158,2026-02-04 10:02:30.892871
BYL,52.0,51.99,52.01,50000000.0,50000000.0,0,0,0,0,0,0,158,2026-02-04 10:02:30.892871
CLD,89.33,89.32,89.34,50000000.0,50000000.0,0,0,0,0,0,0,158,2026-02-04 10:02:30.892871
GGD,32.4,32.39,32.41,50000000.0,50000000.0,0,0,0,0,0,0,158,2026-02-04 10:02:30.892871
PNR,60.17,60.16,60.18,50000000.0,50000000.0,0,0,0,0,0,0,158,2026-02-04 10:02:30.892871
FSR,36.89,36.88,36.9,50000000.0,50000000.0,0,0,0,0,0,0,158,2026-02-04 10:02:30.892871
ATB,58.08,58.07,58.09,50000000.0,50000000.0,0,0,0,0,0,0,158,2026-02-04 10:02:30.892871
SPK,53.11,53.1,53.12,50000000.0,50000000.0,0,0,0,0,0,0,158,2026-02-04 10:02:30.892871
EEC,48.49,48.48,48.5,50000000.0,50000000.0,0,0,0,0,0,0,158,2026-02-04 10:02:30.892871
TGX,42.8,42.79,42.81,50000000.0,50000000.0,0,0,0,0,0,0,159,2026-02-04 10:02:31.925032
PHR,46.77,46.76,46.78,50000000.0,50000000.0,0,0,0,0,0,0,159,2026-02-04 10:02:31.925032
BYL,52.49,52.48,52.5,50000000.0,50000000.0,0,0,0,0,0,0,159,2026-02-04 10:02:31.925032
CLD,90.3,90.29,90.31,50000000.0,50000000.0,0,0,0,0,0,0,159,2026-02-04 10:02:31.925032
GGD,32.38,32.37,32.39,50000000.0,50000000.0,0,0,0,0,0,0,159,2026-02-04 10:02:31.925032
PNR,60.16,60.15,60.17,50000000.0,50000000.0,0,0,0,0,0,0,159,2026-02-04 10:02:31.925032
FSR,36.87,36.86,36.88,50000000.0,50000000.0,0,0,0,0,0,0,159,2026-02-04 10:02:31.925032
ATB,57.3,57.29,57.31,50000000.0,50000000.0,0,0,0,0,0,0,159,2026-02-04 10:02:31.925032
SPK,53.04,53.03,53.05,50000000.0,50000000.0,0,0,0,0,0,0,159,2026-02-04 10:02:31.925032
EEC,48.37,48.36,48.38,50000000.0,50000000.0,0,0,0,0,0,0,159,2026-02-04 10:02:31.925032
TGX,42.85,42.84,42.86,50000000.0,50000000.0,0,0,0,0,0,0,160,2026-02-04 10:02:32.957266
PHR,46.84,46.83,46.85,50000000.0,50000000.0,0,0,0,0,0,0,160,2026-02-04 10:02:32.957266
BYL,52.95,52.94,52.96,50000000.0,50000000.0,0,0,0,0,0,0,160,2026-02-04 10:02:32.957266
CLD,91.2,91.19,91.21,50000000.0,50000000.0,0,0,0,0,0,0,160,2026-02-04 10:02:32.957266
GGD,32.43,32.42,32.44,50000000.0,50000000.0,0,0,0,0,0,0,160,2026-02-04 10:02:32.957266
PNR,60.25,60.24,60.26,50000000.0,50000000.0,0,0,0,0,0,0,160,2026-02-04 10:02:32.957266
FSR,38.49,38.48,38.5,50000000.0,50000000.0,0,0,0,0,0,0,160,2026-02-04 10:02:32.957266
ATB,57.13,57.12,57.14,50000000.0,50000000.0,0,0,0,0,0,0,160,2026-02-04 10:02:32.957266
SPK,52.98,52.97,52.99,50000000.0,50000000.0,0,0,0,0,0,0,160,2026-02-04 10:02:32.957266
EEC,48.25,48.24,48.26,50000000.0,50000000.0,0,0,0,0,0,0,160,2026-02-04 10:02:32.957266
TGX,42.83,42.82,42.84,50000000.0,50000000.0,0,0,0,0,0,0,161,2026-02-04 10:02:33.988263
PHR,46.81,46.8,46.82,50000000.0,50000000.0,0,0,0,0,0,0,161,2026-02-04 10:02:33.988263
BYL,52.82,52.81,52.83,50000000.0,50000000.0,0,0,0,0,0,0,161,2026-02-04 10:02:33.988263
CLD,91.03,91.02,91.04,50000000.0,50000000.0,0,0,0,0,0,0,161,2026-02-04 10:02:33.988263
GGD,32.38,32.37,32.39,50000000.0,50000000.0,0,0,0,0,0,0,161,2026-02-04 10:02:33.988263
PNR,60.09,60.08,60.1,50000000.0,50000000.0,0,0,0,0,0,0,161,2026-02-04 10:02:33.988263
FSR,38.47,38.46,38.48,50000000.0,50000000.0,0,0,0,0,0,0,161,2026-02-04 10:02:33.988263
ATB,56.76,56.75,56.77,50000000.0,50000000.0,0,0,0,0,0,0,161,2026-02-04 10:02:33.988263
SPK,52.95,52.94,52.96,50000000.0,50000000.0,0,0,0,0,0,0,161,2026-02-04 10:02:33.988263
EEC,48.26,48.25,48.27,50000000.0,50000000.0,0,0,0,0,0,0,161,2026-02-04 10:02:33.988263
TGX,42.83,42.82,42.84,50000000.0,50000000.0,0,0,0,0,0,0,162,2026-02-04 10:02:35.020546
PHR,46.97,46.96,46.98,50000000.0,50000000.0,0,0,0,0,0,0,162,2026-02-04 10:02:35.020546
BYL,53.42,53.41,53.43,50000000.0,50000000.0,0,0,0,0,0,0,162,2026-02-04 10:02:35.020546
CLD,92.24,92.23,92.25,50000000.0,50000000.0,0,0,0,0,0,0,162,2026-02-04 10:02:35.020546
GGD,32.42,32.41,32.43,50000000.0,50000000.0,0,0,0,0,0,0,162,2026-02-04 10:02:35.020546
PNR,60.36,60.35,60.37,50000000.0,50000000.0,0,0,0,0,0,0,162,2026-02-04 10:02:35.020546
FSR,38.5,38.49,38.51,50000000.0,50000000.0,0,0,0,0,0,0,162,2026-02-04 10:02:35.020546
ATB,56.66,56.65,56.67,50000000.0,50000000.0,0,0,0,0,0,0,162,2026-02-04 10:02:35.020546
SPK,53.03,53.02,53.04,50000000.0,50000000.0,0,0,0,0,0,0,162,2026-02-04 10:02:35.020546
EEC,48.41,48.4,48.42,50000000.0,50000000.0,0,0,0,0,0,0,162,2026-02-04 10:02:35.020546
TGX,42.86,42.85,42.87,50000000.0,50000000.0,0,0,0,0,0,0,163,2026-02-04 10:02:36.051811
PHR,47.17,47.16,47.18,50000000.0,50000000.0,0,0,0,0,0,0,163,2026-02-04 10:02:36.051811
BYL,53.21,53.2,53.22,50000000.0,50000000.0,0,0,0,0,0,0,163,2026-02-04 10:02:36.051811
CLD,91.9,91.89,91.91,50000000.0,50000000.0,0,0,0,0,0,0,163,2026-02-04 10:02:36.051811
GGD,32.44,32.43,32.45,50000000.0,50000000.0,0,0,0,0,0,0,163,2026-02-04 10:02:36.051811
PNR,60.57,60.56,60.58,50000000.0,50000000.0,0,0,0,0,0,0,163,2026-02-04 10:02:36.051811
FSR,38.5,38.49,38.51,50000000.0,50000000.0,0,0,0,0,0,0,163,2026-02-04 10:02:36.051811
ATB,56.61,56.6,56.62,50000000.0,50000000.0,0,0,0,0,0,0,163,2026-02-04 10:02:36.051811
SPK,52.98,52.97,52.99,50000000.0,50000000.0,0,0,0,0,0,0,163,2026-02-04 10:02:36.051811
EEC,48.29,48.28,48.3,50000000.0,50000000.0,0,0,0,0,0,0,163,2026-02-04 10:02:36.051811
TGX,42.87,42.86,42.88,50000000.0,50000000.0,0,0,0,0,0,0,164,2026-02-04 10:02:37.081417
PHR,47.34,47.33,47.35,50000000.0,50000000.0,0,0,0,0,0,0,164,2026-02-04 10:02:37.081417
BYL,53.31,53.3,53.32,50000000.0,50000000.0,0,0,0,0,0,0,164,2026-02-04 10:02:37.081417
CLD,92.09,92.08,92.1,50000000.0,50000000.0,0,0,0,0,0,0,164,2026-02-04 10:02:37.081417
GGD,32.49,32.48,32.5,50000000.0,50000000.0,0,0,0,0,0,0,164,2026-02-04 10:02:37.081417
PNR,60.53,60.52,60.54,50000000.0,50000000.0,0,0,0,0,0,0,164,2026-02-04 10:02:37.081417
FSR,38.51,38.5,38.52,50000000.0,50000000.0,0,0,0,0,0,0,164,2026-02-04 10:02:37.081417
ATB,56.74,56.73,56.75,50000000.0,50000000.0,0,0,0,0,0,0,164,2026-02-04 10:02:37.081417
SPK,53.02,53.01,53.03,50000000.0,50000000.0,0,0,0,0,0,0,164,2026-02-04 10:02:37.081417
EEC,48.33,48.32,48.34,50000000.0,50000000.0,0,0,0,0,0,0,164,2026-02-04 10:02:37.081417
TGX,42.82,42.81,42.83,50000000.0,50000000.0,0,0,0,0,0,0,165,2026-02-04 10:02:38.115688
PHR,47.58,47.57,47.59,50000000.0,50000000.0,0,0,0,0,0,0,165,2026-02-04 10:02:38.115688
BYL,53.69,53.68,53.7,50000000.0,50000000.0,0,0,0,0,0,0,165,2026-02-04 10:02:38.115688
CLD,92.91,92.9,92.92,50000000.0,50000000.0,0,0,0,0,0,0,165,2026-02-04 10:02:38.115688
GGD,32.52,32.51,32.53,50000000.0,50000000.0,0,0,0,0,0,0,165,2026-02-04 10:02:38.115688
PNR,61.01,61.0,61.02,50000000.0,50000000.0,0,0,0,0,0,0,165,2026-02-04 10:02:38.115688
FSR,38.52,38.51,38.53,50000000.0,50000000.0,0,0,0,0,0,0,165,2026-02-04 10:02:38.115688
ATB,56.55,56.54,56.56,50000000.0,50000000.0,0,0,0,0,0,0,165,2026-02-04 10:02:38.115688
SPK,53.05,53.04,53.06,50000000.0,50000000.0,0,0,0,0,0,0,165,2026-02-04 10:02:38.115688
EEC,48.42,48.41,48.43,50000000.0,50000000.0,0,0,0,0,0,0,165,2026-02-04 10:02:38.115688
TGX,42.88,42.87,42.89,50000000.0,50000000.0,0,0,0,0,0,0,166,2026-02-04 10:02:39.148021
PHR,47.39,47.38,47.4,50000000.0,50000000.0,0,0,0,0,0,0,166,2026-02-04 10:02:39.148021
BYL,53.98,53.97,53.99,50000000.0,50000000.0,0,0,0,0,0,0,166,2026-02-04 10:02:39.148021
CLD,93.52,93.51,93.53,50000000.0,50000000.0,0,0,0,0,0,0,166,2026-02-04 10:02:39.148021
GGD,33.33,33.32,33.34,50000000.0,50000000.0,0,0,0,0,0,0,166,2026-02-04 10:02:39.148021
PNR,61.09,61.08,61.1,50000000.0,50000000.0,0,0,0,0,0,0,166,2026-02-04 10:02:39.148021
FSR,38.45,38.44,38.46,50000000.0,50000000.0,0,0,0,0,0,0,166,2026-02-04 10:02:39.148021
ATB,56.25,56.24,56.26,50000000.0,50000000.0,0,0,0,0,0,0,166,2026-02-04 10:02:39.148021
SPK,53.0,52.99,53.01,50000000.0,50000000.0,0,0,0,0,0,0,166,2026-02-04 10:02:39.148021
EEC,48.3,48.29,48.31,50000000.0,50000000.0,0,0,0,0,0,0,166,2026-02-04 10:02:39.148021
TGX,42.87,42.86,42.88,50000000.0,50000000.0,0,0,0,0,0,0,167,2026-02-04 10:02:40.180880
PHR,47.63,47.62,47.64,50000000.0,50000000.0,0,0,0,0,0,0,167,2026-02-04 10:02:40.180880
BYL,53.51,53.5,53.52,50000000.0,50000000.0,0,0,0,0,0,0,167,2026-02-04 10:02:40.180880
CLD,92.54,92.53,92.55,50000000.0,50000000.0,0,0,0,0,0,0,167,2026-02-04 10:02:40.180880
GGD,33.28,33.27,33.29,50000000.0,50000000.0,0,0,0,0,0,0,167,2026-02-04 10:02:40.180880
PNR,61.07,61.06,61.08,50000000.0,50000000.0,0,0,0,0,0,0,167,2026-02-04 10:02:40.180880
FSR,38.4,38.39,38.41,50000000.0,50000000.0,0,0,0,0,0,0,167,2026-02-04 10:02:40.180880
ATB,56.0,55.99,56.01,50000000.0,50000000.0,0,0,0,0,0,0,167,2026-02-04 10:02:40.180880
SPK,53.01,53.0,53.02,50000000.0,50000000.0,0,0,0,0,0,0,167,2026-02-04 10:02:40.180880
EEC,48.36,48.35,48.37,50000000.0,50000000.0,0,0,0,0,0,0,167,2026-02-04 10:02:40.180880
TGX,42.84,42.83,42.85,50000000.0,50000000.0,0,0,0,0,0,0,168,2026-02-04 10:02:40.711624
PHR,47.66,47.65,47.67,50000000.0,50000000.0,0,0,0,0,0,0,168,2026-02-04 10:02:40.711624
BYL,54.34,54.33,54.35,50000000.0,50000000.0,0,0,0,0,0,0,168,2026-02-04 10:02:40.711624
CLD,94.21,94.2,94.22,50000000.0,50000000.0,0,0,0,0,0,0,168,2026-02-04 10:02:40.711624
GGD,33.27,33.26,33.28,50000000.0,50000000.0,0,0,0,0,0,0,168,2026-02-04 10:02:40.711624
PNR,60.76,60.75,60.77,50000000.0,50000000.0,0,0,0,0,0,0,168,2026-02-04 10:02:40.711624
FSR,38.37,38.36,38.38,50000000.0,50000000.0,0,0,0,0,0,0,168,2026-02-04 10:02:40.711624
ATB,56.05,56.04,56.06,50000000.0,50000000.0,0,0,0,0,0,0,168,2026-02-04 10:02:40.711624
SPK,52.99,52.98,53.0,50000000.0,50000000.0,0,0,0,0,0,0,168,2026-02-04 10:02:40.711624
EEC,48.3,48.29,48.31,50000000.0,50000000.0,0,0,0,0,0,0,168,2026-02-04 10:02:40.711624
TGX,42.82,42.81,42.83,50000000.0,50000000.0,0,0,0,0,0,0,169,2026-02-04 10:02:41.742983
PHR,47.48,47.47,47.49,50000000.0,50000000.0,0,0,0,0,0,0,169,2026-02-04 10:02:41.742983
BYL,54.0,53.99,54.01,50000000.0,50000000.0,0,0,0,0,0,0,169,2026-02-04 10:02:41.742983
CLD,93.63,93.62,93.64,50000000.0,50000000.0,0,0,0,0,0,0,169,2026-02-04 10:02:41.742983
GGD,33.19,33.18,33.2,50000000.0,50000000.0,0,0,0,0,0,0,169,2026-02-04 10:02:41.742983
PNR,60.78,60.77,60.79,50000000.0,50000000.0,0,0,0,0,0,0,169,2026-02-04 10:02:41.742983
FSR,38.37,38.36,38.38,50000000.0,50000000.0,0,0,0,0,0,0,169,2026-02-04 10:02:41.742983
ATB,56.17,56.16,56.18,50000000.0,50000000.0,0,0,0,0,0,0,169,2026-02-04 10:02:41.742983
SPK,52.95,52.94,52.96,50000000.0,50000000.0,0,0,0,0,0,0,169,2026-02-04 10:02:41.742983
EEC,48.22,48.21,48.23,50000000.0,50000000.0,0,0,0,0,0,0,169,2026-02-04 10:02:41.742983
TGX,42.84,42.83,42.85,50000000.0,50000000.0,0,0,0,0,0,0,170,2026-02-04 10:02:42.774550
PHR,47.96,47.95,47.97,50000000.0,50000000.0,0,0,0,0,0,0,170,2026-02-04 10:02:42.774550
BYL,54.07,54.06,54.08,50000000.0,50000000.0,0,0,0,0,0,0,170,2026-02-04 10:02:42.774550
CLD,93.81,93.8,93.82,50000000.0,50000000.0,0,0,0,0,0,0,170,2026-02-04 10:02:42.774550
GGD,33.12,33.11,33.13,50000000.0,50000000.0,0,0,0,0,0,0,170,2026-02-04 10:02:42.774550
PNR,60.72,60.71,60.73,50000000.0,50000000.0,0,0,0,0,0,0,170,2026-02-04 10:02:42.774550
FSR,38.39,38.38,38.4,50000000.0,50000000.0,0,0,0,0,0,0,170,2026-02-04 10:02:42.774550
ATB,56.28,56.27,56.29,50000000.0,50000000.0,0,0,0,0,0,0,170,2026-02-04 10:02:42.774550
SPK,52.93,52.92,52.94,50000000.0,50000000.0,0,0,0,0,0,0,170,2026-02-04 10:02:42.774550
EEC,48.19,48.18,48.2,50000000.0,50000000.0,0,0,0,0,0,0,170,2026-02-04 10:02:42.774550
TGX,42.77,42.76,42.78,50000000.0,50000000.0,0,0,0,0,0,0,171,2026-02-04 10:02:43.808313
PHR,48.48,48.47,48.49,50000000.0,50000000.0,0,0,0,0,0,0,171,2026-02-04 10:02:43.808313
BYL,54.19,54.18,54.2,50000000.0,50000000.0,0,0,0,0,0,0,171,2026-02-04 10:02:43.808313
CLD,94.06,94.05,94.07,50000000.0,50000000.0,0,0,0,0,0,0,171,2026-02-04 10:02:43.808313
GGD,33.11,33.1,33.12,50000000.0,50000000.0,0,0,0,0,0,0,171,2026-02-04 10:02:43.808313
PNR,60.63,60.62,60.64,50000000.0,50000000.0,0,0,0,0,0,0,171,2026-02-04 10:02:43.808313
FSR,38.33,38.32,38.34,50000000.0,50000000.0,0,0,0,0,0,0,171,2026-02-04 10:02:43.808313
ATB,55.74,55.73,55.75,50000000.0,50000000.0,0,0,0,0,0,0,171,2026-02-04 10:02:43.808313
SPK,53.0,52.99,53.01,50000000.0,50000000.0,0,0,0,0,0,0,171,2026-02-04 10:02:43.808313
EEC,48.36,48.35,48.37,50000000.0,50000000.0,0,0,0,0,0,0,171,2026-02-04 10:02:43.808313
TGX,42.8,42.79,42.81,50000000.0,50000000.0,0,0,0,0,0,0,172,2026-02-04 10:02:44.851266
PHR,48.4,48.39,48.41,50000000.0,50000000.0,0,0,0,0,0,0,172,2026-02-04 10:02:44.851266
BYL,54.25,54.24,54.26,50000000.0,50000000.0,0,0,0,0,0,0,172,2026-02-04 10:02:44.851266
CLD,94.1,94.09,94.11,50000000.0,50000000.0,0,0,0,0,0,0,172,2026-02-04 10:02:44.851266
GGD,33.11,33.1,33.12,50000000.0,50000000.0,0,0,0,0,0,0,172,2026-02-04 10:02:44.851266
PNR,60.49,60.48,60.5,50000000.0,50000000.0,0,0,0,0,0,0,172,2026-02-04 10:02:44.851266
FSR,38.41,38.4,38.42,50000000.0,50000000.0,0,0,0,0,0,0,172,2026-02-04 10:02:44.851266
ATB,55.58,55.57,55.59,50000000.0,50000000.0,0,0,0,0,0,0,172,2026-02-04 10:02:44.851266
SPK,52.92,52.91,52.93,50000000.0,50000000.0,0,0,0,0,0,0,172,2026-02-04 10:02:44.851266
EEC,48.22,48.21,48.23,50000000.0,50000000.0,0,0,0,0,0,0,172,2026-02-04 10:02:44.851266
TGX,42.79,42.78,42.8,50000000.0,50000000.0,0,0,0,0,0,0,173,2026-02-04 10:02:45.925831
PHR,48.23,48.22,48.24,50000000.0,50000000.0,0,0,0,0,0,0,173,2026-02-04 10:02:45.925831
BYL,54.08,54.07,54.09,50000000.0,50000000.0,0,0,0,0,0,0,173,2026-02-04 10:02:45.925831
CLD,93.76,93.75,93.77,50000000.0,50000000.0,0,0,0,0,0,0,173,2026-02-04 10:02:45.925831
GGD,33.11,33.1,33.12,50000000.0,50000000.0,0,0,0,0,0,0,173,2026-02-04 10:02:45.925831
PNR,60.55,60.54,60.56,50000000.0,50000000.0,0,0,0,0,0,0,173,2026-02-04 10:02:45.925831
FSR,38.41,38.4,38.42,50000000.0,50000000.0,0,0,0,0,0,0,173,2026-02-04 10:02:45.925831
ATB,55.43,55.42,55.44,50000000.0,50000000.0,0,0,0,0,0,0,173,2026-02-04 10:02:45.925831
SPK,52.95,52.94,52.96,50000000.0,50000000.0,0,0,0,0,0,0,173,2026-02-04 10:02:45.925831
EEC,48.26,48.25,48.27,50000000.0,50000000.0,0,0,0,0,0,0,173,2026-02-04 10:02:45.925831
TGX,42.79,42.78,42.8,50000000.0,50000000.0,0,0,0,0,0,0,174,2026-02-04 10:02:46.974909
PHR,48.0,47.99,48.01,50000000.0,50000000.0,0,0,0,0,0,0,174,2026-02-04 10:02:46.974909
BYL,54.15,54.14,54.16,50000000.0,50000000.0,0,0,0,0,0,0,174,2026-02-04 10:02:46.974909
CLD,93.88,93.87,93.89,50000000.0,50000000.0,0,0,0,0,0,0,174,2026-02-04 10:02:46.974909
GGD,33.12,33.11,33.13,50000000.0,50000000.0,0,0,0,0,0,0,174,2026-02-04 10:02:46.974909
PNR,61.11,61.1,61.12,50000000.0,50000000.0,0,0,0,0,0,0,174,2026-02-04 10:02:46.974909
FSR,38.34,38.33,38.35,50000000.0,50000000.0,0,0,0,0,0,0,174,2026-02-04 10:02:46.974909
ATB,55.09,55.08,55.1,50000000.0,50000000.0,0,0,0,0,0,0,174,2026-02-04 10:02:46.974909
SPK,52.96,52.95,52.97,50000000.0,50000000.0,0,0,0,0,0,0,174,2026-02-04 10:02:46.974909
EEC,48.18,48.17,48.19,50000000.0,50000000.0,0,0,0,0,0,0,174,2026-02-04 10:02:46.974909
TGX,42.87,42.86,42.88,50000000.0,50000000.0,0,0,0,0,0,0,175,2026-02-04 10:02:48.033458
PHR,48.13,48.12,48.14,50000000.0,50000000.0,0,0,0,0,0,0,175,2026-02-04 10:02:48.033458
BYL,53.69,53.68,53.7,50000000.0,50000000.0,0,0,0,0,0,0,175,2026-02-04 10:02:48.033458
CLD,93.04,93.03,93.05,50000000.0,50000000.0,0,0,0,0,0,0,175,2026-02-04 10:02:48.033458
GGD,33.11,33.1,33.12,50000000.0,50000000.0,0,0,0,0,0,0,175,2026-02-04 10:02:48.033458
PNR,61.27,61.26,61.28,50000000.0,50000000.0,0,0,0,0,0,0,175,2026-02-04 10:02:48.033458
FSR,38.25,38.24,38.26,50000000.0,50000000.0,0,0,0,0,0,0,175,2026-02-04 10:02:48.033458
ATB,55.34,55.33,55.35,50000000.0,50000000.0,0,0,0,0,0,0,175,2026-02-04 10:02:48.033458
SPK,52.94,52.93,52.95,50000000.0,50000000.0,0,0,0,0,0,0,175,2026-02-04 10:02:48.033458
EEC,48.05,48.04,48.06,50000000.0,50000000.0,0,0,0,0,0,0,175,2026-02-04 10:02:48.033458
TGX,42.87,42.86,42.88,50000000.0,50000000.0,0,0,0,0,0,0,176,2026-02-04 10:02:49.527442
PHR,48.3,48.29,48.31,50000000.0,50000000.0,0,0,0,0,0,0,176,2026-02-04 10:02:49.527442
BYL,54.25,54.24,54.26,50000000.0,50000000.0,0,0,0,0,0,0,176,2026-02-04 10:02:49.527442
CLD,94.18,94.17,94.19,50000000.0,50000000.0,0,0,0,0,0,0,176,2026-02-04 10:02:49.527442
GGD,33.15,33.14,33.16,50000000.0,50000000.0,0,0,0,0,0,0,176,2026-02-04 10:02:49.527442
PNR,61.48,61.47,61.49,50000000.0,50000000.0,0,0,0,0,0,0,176,2026-02-04 10:02:49.527442
FSR,38.28,38.27,38.29,50000000.0,50000000.0,0,0,0,0,0,0,176,2026-02-04 10:02:49.527442
ATB,54.96,54.95,54.97,50000000.0,50000000.0,0,0,0,0,0,0,176,2026-02-04 10:02:49.527442
SPK,52.95,52.94,52.96,50000000.0,50000000.0,0,0,0,0,0,0,176,2026-02-04 10:02:49.527442
EEC,48.13,48.12,48.14,50000000.0,50000000.0,0,0,0,0,0,0,176,2026-02-04 10:02:49.527442
TGX,42.89,42.88,42.9,50000000.0,50000000.0,0,0,0,0,0,0,177,2026-02-04 10:02:50.484845
PHR,48.5,48.49,48.51,50000000.0,50000000.0,0,0,0,0,0,0,177,2026-02-04 10:02:50.484845
BYL,54.51,54.5,54.52,50000000.0,50000000.0,0,0,0,0,0,0,177,2026-02-04 10:02:50.484845
CLD,94.64,94.63,94.65,50000000.0,50000000.0,0,0,0,0,0,0,177,2026-02-04 10:02:50.484845
GGD,33.02,33.01,33.03,50000000.0,50000000.0,0,0,0,0,0,0,177,2026-02-04 10:02:50.484845
PNR,60.96,60.95,60.97,50000000.0,50000000.0,0,0,0,0,0,0,177,2026-02-04 10:02:50.484845
FSR,38.31,38.3,38.32,50000000.0,50000000.0,0,0,0,0,0,0,177,2026-02-04 10:02:50.484845
ATB,54.77,54.76,54.78,50000000.0,50000000.0,0,0,0,0,0,0,177,2026-02-04 10:02:50.484845
SPK,53.03,53.02,53.04,50000000.0,50000000.0,0,0,0,0,0,0,177,2026-02-04 10:02:50.484845
EEC,48.24,48.23,48.25,50000000.0,50000000.0,0,0,0,0,0,0,177,2026-02-04 10:02:50.484845
TGX,42.9,42.89,42.91,50000000.0,50000000.0,0,0,0,0,0,0,178,2026-02-04 10:02:51.133921
PHR,48.63,48.62,48.64,50000000.0,50000000.0,0,0,0,0,0,0,178,2026-02-04 10:02:51.133921
BYL,54.11,54.1,54.12,50000000.0,50000000.0,0,0,0,0,0,0,178,2026-02-04 10:02:51.133921
CLD,93.88,93.87,93.89,50000000.0,50000000.0,0,0,0,0,0,0,178,2026-02-04 10:02:51.133921
GGD,32.97,32.96,32.98,50000000.0,50000000.0,0,0,0,0,0,0,178,2026-02-04 10:02:51.133921
PNR,60.7,60.69,60.71,50000000.0,50000000.0,0,0,0,0,0,0,178,2026-02-04 10:02:51.133921
FSR,38.34,38.33,38.35,50000000.0,50000000.0,0,0,0,0,0,0,178,2026-02-04 10:02:51.133921
ATB,54.65,54.64,54.66,50000000.0,50000000.0,0,0,0,0,0,0,178,2026-02-04 10:02:51.133921
SPK,53.16,53.15,53.17,50000000.0,50000000.0,0,0,0,0,0,0,178,2026-02-04 10:02:51.133921
EEC,48.45,48.44,48.46,50000000.0,50000000.0,0,0,0,0,0,0,178,2026-02-04 10:02:51.133921
TGX,42.87,42.86,42.88,50000000.0,50000000.0,0,0,0,0,0,0,179,2026-02-04 10:02:52.242680
PHR,48.42,48.41,48.43,50000000.0,50000000.0,0,0,0,0,0,0,179,2026-02-04 10:02:52.242680
BYL,53.73,53.72,53.74,50000000.0,50000000.0,0,0,0,0,0,0,179,2026-02-04 10:02:52.242680
CLD,93.14,93.13,93.15,50000000.0,50000000.0,0,0,0,0,0,0,179,2026-02-04 10:02:52.242680
GGD,32.95,32.94,32.96,50000000.0,50000000.0,0,0,0,0,0,0,179,2026-02-04 10:02:52.242680
PNR,60.25,60.24,60.26,50000000.0,50000000.0,0,0,0,0,0,0,179,2026-02-04 10:02:52.242680
FSR,38.41,38.4,38.42,50000000.0,50000000.0,0,0,0,0,0,0,179,2026-02-04 10:02:52.242680
ATB,54.39,54.38,54.4,50000000.0,50000000.0,0,0,0,0,0,0,179,2026-02-04 10:02:52.242680
SPK,53.22,53.21,53.23,50000000.0,50000000.0,0,0,0,0,0,0,179,2026-02-04 10:02:52.242680
EEC,48.49,48.48,48.5,50000000.0,50000000.0,0,0,0,0,0,0,179,2026-02-04 10:02:52.242680
TGX,42.91,42.9,42.92,50000000.0,50000000.0,0,0,0,0,0,0,180,2026-02-04 10:02:53.103527
PHR,48.6,48.59,48.61,50000000.0,50000000.0,0,0,0,0,0,0,180,2026-02-04 10:02:53.103527
BYL,53.84,53.83,53.85,50000000.0,50000000.0,0,0,0,0,0,0,180,2026-02-04 10:02:53.103527
CLD,93.48,93.47,93.49,50000000.0,50000000.0,0,0,0,0,0,0,180,2026-02-04 10:02:53.103527
GGD,32.98,32.97,32.99,50000000.0,50000000.0,0,0,0,0,0,0,180,2026-02-04 10:02:53.103527
PNR,60.65,60.64,60.66,50000000.0,50000000.0,0,0,0,0,0,0,180,2026-02-04 10:02:53.103527
FSR,38.31,38.3,38.32,50000000.0,50000000.0,0,0,0,0,0,0,180,2026-02-04 10:02:53.103527
ATB,54.51,54.5,54.52,50000000.0,50000000.0,0,0,0,0,0,0,180,2026-02-04 10:02:53.103527
SPK,53.23,53.22,53.24,50000000.0,50000000.0,0,0,0,0,0,0,180,2026-02-04 10:02:53.103527
EEC,48.5,48.49,48.51,50000000.0,50000000.0,0,0,0,0,0,0,180,2026-02-04 10:02:53.103527
TGX,42.91,42.9,42.92,50000000.0,50000000.0,0,0,0,0,0,0,181,2026-02-04 10:02:54.178022
PHR,48.64,48.63,48.65,50000000.0,50000000.0,0,0,0,0,0,0,181,2026-02-04 10:02:54.178022
BYL,54.25,54.24,54.26,50000000.0,50000000.0,0,0,0,0,0,0,181,2026-02-04 10:02:54.178022
CLD,94.28,94.27,94.29,50000000.0,50000000.0,0,0,0,0,0,0,181,2026-02-04 10:02:54.178022
GGD,33.06,33.05,33.07,50000000.0,50000000.0,0,0,0,0,0,0,181,2026-02-04 10:02:54.178022
PNR,60.52,60.51,60.53,50000000.0,50000000.0,0,0,0,0,0,0,181,2026-02-04 10:02:54.178022
FSR,38.42,38.41,38.43,50000000.0,50000000.0,0,0,0,0,0,0,181,2026-02-04 10:02:54.178022
ATB,54.62,54.61,54.63,50000000.0,50000000.0,0,0,0,0,0,0,181,2026-02-04 10:02:54.178022
SPK,53.23,53.22,53.24,50000000.0,50000000.0,0,0,0,0,0,0,181,2026-02-04 10:02:54.178022
EEC,48.49,48.48,48.5,50000000.0,50000000.0,0,0,0,0,0,0,181,2026-02-04 10:02:54.178022
TGX,42.87,42.86,42.88,50000000.0,50000000.0,0,0,0,0,0,0,182,2026-02-04 10:02:55.252438
PHR,48.51,48.5,48.52,50000000.0,50000000.0,0,0,0,0,0,0,182,2026-02-04 10:02:55.252438
BYL,54.2,54.19,54.21,50000000.0,50000000.0,0,0,0,0,0,0,182,2026-02-04 10:02:55.252438
CLD,94.07,94.06,94.08,50000000.0,50000000.0,0,0,0,0,0,0,182,2026-02-04 10:02:55.252438
GGD,33.11,33.1,33.12,50000000.0,50000000.0,0,0,0,0,0,0,182,2026-02-04 10:02:55.252438
PNR,60.62,60.61,60.63,50000000.0,50000000.0,0,0,0,0,0,0,182,2026-02-04 10:02:55.252438
FSR,38.43,38.42,38.44,50000000.0,50000000.0,0,0,0,0,0,0,182,2026-02-04 10:02:55.252438
ATB,54.39,54.38,54.4,50000000.0,50000000.0,0,0,0,0,0,0,182,2026-02-04 10:02:55.252438
SPK,53.18,53.17,53.19,50000000.0,50000000.0,0,0,0,0,0,0,182,2026-02-04 10:02:55.252438
EEC,48.38,48.37,48.39,50000000.0,50000000.0,0,0,0,0,0,0,182,2026-02-04 10:02:55.252438
TGX,42.88,42.87,42.89,50000000.0,50000000.0,0,0,0,0,0,0,183,2026-02-04 10:02:56.289580
PHR,48.38,48.37,48.39,50000000.0,50000000.0,0,0,0,0,0,0,183,2026-02-04 10:02:56.289580
BYL,54.01,54.0,54.02,50000000.0,50000000.0,0,0,0,0,0,0,183,2026-02-04 10:02:56.289580
CLD,93.64,93.63,93.65,50000000.0,50000000.0,0,0,0,0,0,0,183,2026-02-04 10:02:56.289580
GGD,33.06,33.05,33.07,50000000.0,50000000.0,0,0,0,0,0,0,183,2026-02-04 10:02:56.289580
PNR,60.44,60.43,60.45,50000000.0,50000000.0,0,0,0,0,0,0,183,2026-02-04 10:02:56.289580
FSR,38.44,38.43,38.45,50000000.0,50000000.0,0,0,0,0,0,0,183,2026-02-04 10:02:56.289580
ATB,54.09,54.08,54.1,50000000.0,50000000.0,0,0,0,0,0,0,183,2026-02-04 10:02:56.289580
SPK,53.07,53.06,53.08,50000000.0,50000000.0,0,0,0,0,0,0,183,2026-02-04 10:02:56.289580
EEC,48.24,48.23,48.25,50000000.0,50000000.0,0,0,0,0,0,0,183,2026-02-04 10:02:56.289580
TGX,42.87,42.86,42.88,50000000.0,50000000.0,0,0,0,0,0,0,184,2026-02-04 10:02:56.838243
PHR,48.72,48.71,48.73,50000000.0,50000000.0,0,0,0,0,0,0,184,2026-02-04 10:02:56.838243
BYL,54.11,54.1,54.12,50000000.0,50000000.0,0,0,0,0,0,0,184,2026-02-04 10:02:56.838243
CLD,93.92,93.91,93.93,50000000.0,50000000.0,0,0,0,0,0,0,184,2026-02-04 10:02:56.838243
GGD,33.08,33.07,33.09,50000000.0,50000000.0,0,0,0,0,0,0,184,2026-02-04 10:02:56.838243
PNR,60.61,60.6,60.62,50000000.0,50000000.0,0,0,0,0,0,0,184,2026-02-04 10:02:56.838243
FSR,38.39,38.38,38.4,50000000.0,50000000.0,0,0,0,0,0,0,184,2026-02-04 10:02:56.838243
ATB,53.87,53.86,53.88,50000000.0,50000000.0,0,0,0,0,0,0,184,2026-02-04 10:02:56.838243
SPK,53.13,53.12,53.14,50000000.0,50000000.0,0,0,0,0,0,0,184,2026-02-04 10:02:56.838243
EEC,48.31,48.3,48.32,50000000.0,50000000.0,0,0,0,0,0,0,184,2026-02-04 10:02:56.838243
TGX,42.91,42.9,42.92,50000000.0,50000000.0,0,0,0,0,0,0,185,2026-02-04 10:02:57.885036
PHR,48.55,48.54,48.56,50000000.0,50000000.0,0,0,0,0,0,0,185,2026-02-04 10:02:57.885036
BYL,54.38,54.37,54.39,50000000.0,50000000.0,0,0,0,0,0,0,185,2026-02-04 10:02:57.885036
CLD,94.48,94.47,94.49,50000000.0,50000000.0,0,0,0,0,0,0,185,2026-02-04 10:02:57.885036
GGD,33.14,33.13,33.15,50000000.0,50000000.0,0,0,0,0,0,0,185,2026-02-04 10:02:57.885036
PNR,60.9,60.89,60.91,50000000.0,50000000.0,0,0,0,0,0,0,185,2026-02-04 10:02:57.885036
FSR,38.37,38.36,38.38,50000000.0,50000000.0,0,0,0,0,0,0,185,2026-02-04 10:02:57.885036
ATB,53.47,53.46,53.48,50000000.0,50000000.0,0,0,0,0,0,0,185,2026-02-04 10:02:57.885036
SPK,53.08,53.07,53.09,50000000.0,50000000.0,0,0,0,0,0,0,185,2026-02-04 10:02:57.885036
EEC,48.23,48.22,48.24,50000000.0,50000000.0,0,0,0,0,0,0,185,2026-02-04 10:02:57.885036
TGX,42.87,42.86,42.88,50000000.0,50000000.0,0,0,0,0,0,0,186,2026-02-04 10:02:58.924571,14.0,1.0,185.0,D1-TGX/PHR,Unusual Institutional Trading Activity Observed in TGX,"Market data providers have flagged elevated block trading activity in Targenix shares over the past several sessions, with several large institutional orders executed through dark pools. The direction and motivation behind the flows remain unclear, with some observers attributing them to merger arbitrage fund repositioning and others speculating about potential changes in institutional voting intentions ahead of the shareholder meeting."
PHR,48.5,48.49,48.51,50000000.0,50000000.0,0,0,0,0,0,0,186,2026-02-04 10:02:58.924571,,,,,,
BYL,54.53,54.52,54.54,50000000.0,50000000.0,0,0,0,0,0,0,186,2026-02-04 10:02:58.924571,,,,,,
CLD,94.82,94.81,94.83,50000000.0,50000000.0,0,0,0,0,0,0,186,2026-02-04 10:02:58.924571,,,,,,
GGD,33.08,33.07,33.09,50000000.0,50000000.0,0,0,0,0,0,0,186,2026-02-04 10:02:58.924571,,,,,,
PNR,60.79,60.78,60.8,50000000.0,50000000.0,0,0,0,0,0,0,186,2026-02-04 10:02:58.924571,,,,,,
FSR,38.44,38.43,38.45,50000000.0,50000000.0,0,0,0,0,0,0,186,2026-02-04 10:02:58.924571,,,,,,
ATB,53.7,53.69,53.71,50000000.0,50000000.0,0,0,0,0,0,0,186,2026-02-04 10:02:58.924571,,,,,,
SPK,53.08,53.07,53.09,50000000.0,50000000.0,0,0,0,0,0,0,186,2026-02-04 10:02:58.924571,,,,,,
EEC,48.28,48.27,48.29,50000000.0,50000000.0,0,0,0,0,0,0,186,2026-02-04 10:02:58.924571,,,,,,
TGX,42.9,42.89,42.91,50000000.0,50000000.0,0,0,0,0,0,0,187,2026-02-04 10:02:59.971724
PHR,48.49,48.48,48.5,50000000.0,50000000.0,0,0,0,0,0,0,187,2026-02-04 10:02:59.971724
BYL,54.43,54.42,54.44,50000000.0,50000000.0,0,0,0,0,0,0,187,2026-02-04 10:02:59.971724
CLD,94.65,94.64,94.66,50000000.0,50000000.0,0,0,0,0,0,0,187,2026-02-04 10:02:59.971724
GGD,33.05,33.04,33.06,50000000.0,50000000.0,0,0,0,0,0,0,187,2026-02-04 10:02:59.971724
PNR,60.86,60.85,60.87,50000000.0,50000000.0,0,0,0,0,0,0,187,2026-02-04 10:02:59.971724
FSR,38.47,38.46,38.48,50000000.0,50000000.0,0,0,0,0,0,0,187,2026-02-04 10:02:59.971724
ATB,54.02,54.01,54.03,50000000.0,50000000.0,0,0,0,0,0,0,187,2026-02-04 10:02:59.971724
SPK,52.96,52.95,52.97,50000000.0,50000000.0,0,0,0,0,0,0,187,2026-02-04 10:02:59.971724
EEC,48.06,48.05,48.07,50000000.0,50000000.0,0,0,0,0,0,0,187,2026-02-04 10:02:59.971724
TGX,42.84,42.83,42.85,50000000.0,50000000.0,0,0,0,0,0,0,188,2026-02-04 10:03:01.012518
PHR,48.65,48.64,48.66,50000000.0,50000000.0,0,0,0,0,0,0,188,2026-02-04 10:03:01.012518
BYL,54.53,54.52,54.54,50000000.0,50000000.0,0,0,0,0,0,0,188,2026-02-04 10:03:01.012518
CLD,94.81,94.8,94.82,50000000.0,50000000.0,0,0,0,0,0,0,188,2026-02-04 10:03:01.012518
GGD,32.98,32.97,32.99,50000000.0,50000000.0,0,0,0,0,0,0,188,2026-02-04 10:03:01.012518
PNR,60.96,60.95,60.97,50000000.0,50000000.0,0,0,0,0,0,0,188,2026-02-04 10:03:01.012518
FSR,38.39,38.38,38.4,50000000.0,50000000.0,0,0,0,0,0,0,188,2026-02-04 10:03:01.012518
ATB,54.02,54.01,54.03,50000000.0,50000000.0,0,0,0,0,0,0,188,2026-02-04 10:03:01.012518
SPK,53.0,52.99,53.01,50000000.0,50000000.0,0,0,0,0,0,0,188,2026-02-04 10:03:01.012518
EEC,48.1,48.09,48.11,50000000.0,50000000.0,0,0,0,0,0,0,188,2026-02-04 10:03:01.012518
TGX,42.84,42.83,42.85,50000000.0,50000000.0,0,0,0,0,0,0,189,2026-02-04 10:03:02.053490
PHR,48.11,48.1,48.12,50000000.0,50000000.0,0,0,0,0,0,0,189,2026-02-04 10:03:02.053490
BYL,55.26,55.25,55.27,50000000.0,50000000.0,0,0,0,0,0,0,189,2026-02-04 10:03:02.053490
CLD,96.34,96.33,96.35,50000000.0,50000000.0,0,0,0,0,0,0,189,2026-02-04 10:03:02.053490
GGD,33.05,33.04,33.06,50000000.0,50000000.0,0,0,0,0,0,0,189,2026-02-04 10:03:02.053490
PNR,61.33,61.32,61.34,50000000.0,50000000.0,0,0,0,0,0,0,189,2026-02-04 10:03:02.053490
FSR,38.43,38.42,38.44,50000000.0,50000000.0,0,0,0,0,0,0,189,2026-02-04 10:03:02.053490
ATB,54.18,54.17,54.19,50000000.0,50000000.0,0,0,0,0,0,0,189,2026-02-04 10:03:02.053490
SPK,53.09,53.08,53.1,50000000.0,50000000.0,0,0,0,0,0,0,189,2026-02-04 10:03:02.053490
EEC,48.27,48.26,48.28,50000000.0,50000000.0,0,0,0,0,0,0,189,2026-02-04 10:03:02.053490
TGX,42.8,42.79,42.81,50000000.0,50000000.0,0,0,0,0,0,0,190,2026-02-04 10:03:03.091897,16.0,1.0,189.0,D5-SPK/EEC,Political Opposition Emerges From Fossil Fuel-Dependent States,"Legislators from several states with significant fossil fuel industries have publicly criticized the SolarPeak/EastEnergy merger, arguing it would accelerate energy transition at the expense of grid reliability and existing energy jobs. While the opposition is primarily political and lacks direct regulatory authority over the FERC approval process, it could influence the terms of any negotiated conditions or create additional procedural delays."
PHR,48.48,48.47,48.49,50000000.0,50000000.0,0,0,0,0,0,0,190,2026-02-04 10:03:03.091897,15.0,1.0,189.0,D1-TGX/PHR,Debt Financing Commitments Secured,"Pharmaco announces it has secured $8 billion in committed debt financing from a syndicate of banks, de-risking the financing component of the all-cash acquisition."
BYL,55.0,54.99,55.01,50000000.0,50000000.0,0,0,0,0,0,0,190,2026-02-04 10:03:03.091897,,,,,,
CLD,95.81,95.8,95.82,50000000.0,50000000.0,0,0,0,0,0,0,190,2026-02-04 10:03:03.091897,,,,,,
GGD,33.12,33.11,33.13,50000000.0,50000000.0,0,0,0,0,0,0,190,2026-02-04 10:03:03.091897,,,,,,
PNR,61.8,61.79,61.81,50000000.0,50000000.0,0,0,0,0,0,0,190,2026-02-04 10:03:03.091897,,,,,,
FSR,38.38,38.37,38.39,50000000.0,50000000.0,0,0,0,0,0,0,190,2026-02-04 10:03:03.091897,,,,,,
ATB,54.44,54.43,54.45,50000000.0,50000000.0,0,0,0,0,0,0,190,2026-02-04 10:03:03.091897,,,,,,
SPK,53.1,53.09,53.11,50000000.0,50000000.0,0,0,0,0,0,0,190,2026-02-04 10:03:03.091897,,,,,,
EEC,48.28,48.27,48.29,50000000.0,50000000.0,0,0,0,0,0,0,190,2026-02-04 10:03:03.091897,,,,,,
TGX,42.8,42.79,42.81,50000000.0,50000000.0,0,0,0,0,0,0,191,2026-02-04 10:03:04.130153
PHR,48.26,48.25,48.27,50000000.0,50000000.0,0,0,0,0,0,0,191,2026-02-04 10:03:04.130153
BYL,55.26,55.25,55.27,50000000.0,50000000.0,0,0,0,0,0,0,191,2026-02-04 10:03:04.130153
CLD,96.24,96.23,96.25,50000000.0,50000000.0,0,0,0,0,0,0,191,2026-02-04 10:03:04.130153
GGD,32.99,32.98,33.0,50000000.0,50000000.0,0,0,0,0,0,0,191,2026-02-04 10:03:04.130153
PNR,61.65,61.64,61.66,50000000.0,50000000.0,0,0,0,0,0,0,191,2026-02-04 10:03:04.130153
FSR,38.42,38.41,38.43,50000000.0,50000000.0,0,0,0,0,0,0,191,2026-02-04 10:03:04.130153
ATB,54.74,54.73,54.75,50000000.0,50000000.0,0,0,0,0,0,0,191,2026-02-04 10:03:04.130153
SPK,53.15,53.14,53.16,50000000.0,50000000.0,0,0,0,0,0,0,191,2026-02-04 10:03:04.130153
EEC,48.38,48.37,48.39,50000000.0,50000000.0,0,0,0,0,0,0,191,2026-02-04 10:03:04.130153
TGX,42.85,42.84,42.86,50000000.0,50000000.0,0,0,0,0,0,0,192,2026-02-04 10:03:05.165453
PHR,48.45,48.44,48.46,50000000.0,50000000.0,0,0,0,0,0,0,192,2026-02-04 10:03:05.165453
BYL,55.45,55.44,55.46,50000000.0,50000000.0,0,0,0,0,0,0,192,2026-02-04 10:03:05.165453
CLD,96.66,96.65,96.67,50000000.0,50000000.0,0,0,0,0,0,0,192,2026-02-04 10:03:05.165453
GGD,33.02,33.01,33.03,50000000.0,50000000.0,0,0,0,0,0,0,192,2026-02-04 10:03:05.165453
PNR,61.65,61.64,61.66,50000000.0,50000000.0,0,0,0,0,0,0,192,2026-02-04 10:03:05.165453
FSR,38.37,38.36,38.38,50000000.0,50000000.0,0,0,0,0,0,0,192,2026-02-04 10:03:05.165453
ATB,54.75,54.74,54.76,50000000.0,50000000.0,0,0,0,0,0,0,192,2026-02-04 10:03:05.165453
SPK,53.24,53.23,53.25,50000000.0,50000000.0,0,0,0,0,0,0,192,2026-02-04 10:03:05.165453
EEC,48.56,48.55,48.57,50000000.0,50000000.0,0,0,0,0,0,0,192,2026-02-04 10:03:05.165453
TGX,42.8,42.79,42.81,50000000.0,50000000.0,0,0,0,0,0,0,193,2026-02-04 10:03:06.202335
PHR,48.25,48.24,48.26,50000000.0,50000000.0,0,0,0,0,0,0,193,2026-02-04 10:03:06.202335
BYL,55.6,55.59,55.61,50000000.0,50000000.0,0,0,0,0,0,0,193,2026-02-04 10:03:06.202335
CLD,96.76,96.75,96.77,50000000.0,50000000.0,0,0,0,0,0,0,193,2026-02-04 10:03:06.202335
GGD,33.01,33.0,33.02,50000000.0,50000000.0,0,0,0,0,0,0,193,2026-02-04 10:03:06.202335
PNR,61.59,61.58,61.6,50000000.0,50000000.0,0,0,0,0,0,0,193,2026-02-04 10:03:06.202335
FSR,38.34,38.33,38.35,50000000.0,50000000.0,0,0,0,0,0,0,193,2026-02-04 10:03:06.202335
ATB,54.87,54.86,54.88,50000000.0,50000000.0,0,0,0,0,0,0,193,2026-02-04 10:03:06.202335
SPK,53.23,53.22,53.24,50000000.0,50000000.0,0,0,0,0,0,0,193,2026-02-04 10:03:06.202335
EEC,48.5,48.49,48.51,50000000.0,50000000.0,0,0,0,0,0,0,193,2026-02-04 10:03:06.202335
TGX,42.77,42.76,42.78,50000000.0,50000000.0,0,0,0,0,0,0,194,2026-02-04 10:03:07.236593
PHR,47.88,47.87,47.89,50000000.0,50000000.0,0,0,0,0,0,0,194,2026-02-04 10:03:07.236593
BYL,55.4,55.39,55.41,50000000.0,50000000.0,0,0,0,0,0,0,194,2026-02-04 10:03:07.236593
CLD,96.42,96.41,96.43,50000000.0,50000000.0,0,0,0,0,0,0,194,2026-02-04 10:03:07.236593
GGD,33.0,32.99,33.01,50000000.0,50000000.0,0,0,0,0,0,0,194,2026-02-04 10:03:07.236593
PNR,61.82,61.81,61.83,50000000.0,50000000.0,0,0,0,0,0,0,194,2026-02-04 10:03:07.236593
FSR,38.27,38.26,38.28,50000000.0,50000000.0,0,0,0,0,0,0,194,2026-02-04 10:03:07.236593
ATB,54.62,54.61,54.63,50000000.0,50000000.0,0,0,0,0,0,0,194,2026-02-04 10:03:07.236593
SPK,53.19,53.18,53.2,50000000.0,50000000.0,0,0,0,0,0,0,194,2026-02-04 10:03:07.236593
EEC,48.42,48.41,48.43,50000000.0,50000000.0,0,0,0,0,0,0,194,2026-02-04 10:03:07.236593
TGX,42.78,42.77,42.79,50000000.0,50000000.0,0,0,0,0,0,0,195,2026-02-04 10:03:08.277158
PHR,47.26,47.25,47.27,50000000.0,50000000.0,0,0,0,0,0,0,195,2026-02-04 10:03:08.277158
BYL,55.19,55.18,55.2,50000000.0,50000000.0,0,0,0,0,0,0,195,2026-02-04 10:03:08.277158
CLD,95.98,95.97,95.99,50000000.0,50000000.0,0,0,0,0,0,0,195,2026-02-04 10:03:08.277158
GGD,33.06,33.05,33.07,50000000.0,50000000.0,0,0,0,0,0,0,195,2026-02-04 10:03:08.277158
PNR,61.74,61.73,61.75,50000000.0,50000000.0,0,0,0,0,0,0,195,2026-02-04 10:03:08.277158
FSR,38.27,38.26,38.28,50000000.0,50000000.0,0,0,0,0,0,0,195,2026-02-04 10:03:08.277158
ATB,54.72,54.71,54.73,50000000.0,50000000.0,0,0,0,0,0,0,195,2026-02-04 10:03:08.277158
SPK,53.04,53.03,53.05,50000000.0,50000000.0,0,0,0,0,0,0,195,2026-02-04 10:03:08.277158
EEC,48.22,48.21,48.23,50000000.0,50000000.0,0,0,0,0,0,0,195,2026-02-04 10:03:08.277158
TGX,42.78,42.77,42.79,50000000.0,50000000.0,0,0,0,0,0,0,196,2026-02-04 10:03:09.310165,17.0,1.0,195.0,D1-TGX/PHR,Shareholder Litigation Filed,"A putative class action lawsuit is filed in Delaware Chancery Court alleging breach of fiduciary duty, claiming the TGX board ran an inadequate sale process."
PHR,47.86,47.85,47.87,50000000.0,50000000.0,0,0,0,0,0,0,196,2026-02-04 10:03:09.310165,,,,,,
BYL,55.07,55.06,55.08,50000000.0,50000000.0,0,0,0,0,0,0,196,2026-02-04 10:03:09.310165,,,,,,
CLD,95.77,95.76,95.78,50000000.0,50000000.0,0,0,0,0,0,0,196,2026-02-04 10:03:09.310165,,,,,,
GGD,33.11,33.1,33.12,50000000.0,50000000.0,0,0,0,0,0,0,196,2026-02-04 10:03:09.310165,,,,,,
PNR,61.93,61.92,61.94,50000000.0,50000000.0,0,0,0,0,0,0,196,2026-02-04 10:03:09.310165,,,,,,
FSR,38.25,38.24,38.26,50000000.0,50000000.0,0,0,0,0,0,0,196,2026-02-04 10:03:09.310165,,,,,,
ATB,54.72,54.71,54.73,50000000.0,50000000.0,0,0,0,0,0,0,196,2026-02-04 10:03:09.310165,,,,,,
SPK,53.09,53.08,53.1,50000000.0,50000000.0,0,0,0,0,0,0,196,2026-02-04 10:03:09.310165,,,,,,
EEC,48.27,48.26,48.28,50000000.0,50000000.0,0,0,0,0,0,0,196,2026-02-04 10:03:09.310165,,,,,,
TGX,42.75,42.74,42.76,50000000.0,50000000.0,0,0,0,0,0,0,197,2026-02-04 10:03:09.844229
PHR,47.86,47.85,47.87,50000000.0,50000000.0,0,0,0,0,0,0,197,2026-02-04 10:03:09.844229
BYL,54.95,54.94,54.96,50000000.0,50000000.0,0,0,0,0,0,0,197,2026-02-04 10:03:09.844229
CLD,95.53,95.52,95.54,50000000.0,50000000.0,0,0,0,0,0,0,197,2026-02-04 10:03:09.844229
GGD,33.16,33.15,33.17,50000000.0,50000000.0,0,0,0,0,0,0,197,2026-02-04 10:03:09.844229
PNR,61.92,61.91,61.93,50000000.0,50000000.0,0,0,0,0,0,0,197,2026-02-04 10:03:09.844229
FSR,38.32,38.31,38.33,50000000.0,50000000.0,0,0,0,0,0,0,197,2026-02-04 10:03:09.844229
ATB,54.97,54.96,54.98,50000000.0,50000000.0,0,0,0,0,0,0,197,2026-02-04 10:03:09.844229
SPK,53.07,53.06,53.08,50000000.0,50000000.0,0,0,0,0,0,0,197,2026-02-04 10:03:09.844229
EEC,48.3,48.29,48.31,50000000.0,50000000.0,0,0,0,0,0,0,197,2026-02-04 10:03:09.844229
TGX,42.72,42.71,42.73,50000000.0,50000000.0,0,0,0,0,0,0,198,2026-02-04 10:03:10.876994
PHR,48.0,47.99,48.01,50000000.0,50000000.0,0,0,0,0,0,0,198,2026-02-04 10:03:10.876994
BYL,54.61,54.6,54.62,50000000.0,50000000.0,0,0,0,0,0,0,198,2026-02-04 10:03:10.876994
CLD,94.76,94.75,94.77,50000000.0,50000000.0,0,0,0,0,0,0,198,2026-02-04 10:03:10.876994
GGD,33.14,33.13,33.15,50000000.0,50000000.0,0,0,0,0,0,0,198,2026-02-04 10:03:10.876994
PNR,61.69,61.68,61.7,50000000.0,50000000.0,0,0,0,0,0,0,198,2026-02-04 10:03:10.876994
FSR,38.34,38.33,38.35,50000000.0,50000000.0,0,0,0,0,0,0,198,2026-02-04 10:03:10.876994
ATB,55.24,55.23,55.25,50000000.0,50000000.0,0,0,0,0,0,0,198,2026-02-04 10:03:10.876994
SPK,53.05,53.04,53.06,50000000.0,50000000.0,0,0,0,0,0,0,198,2026-02-04 10:03:10.876994
EEC,48.26,48.25,48.27,50000000.0,50000000.0,0,0,0,0,0,0,198,2026-02-04 10:03:10.876994
TGX,42.67,42.66,42.68,50000000.0,50000000.0,0,0,0,0,0,0,199,2026-02-04 10:03:11.909262
PHR,47.79,47.78,47.8,50000000.0,50000000.0,0,0,0,0,0,0,199,2026-02-04 10:03:11.909262
BYL,54.0,53.99,54.01,50000000.0,50000000.0,0,0,0,0,0,0,199,2026-02-04 10:03:11.909262
CLD,93.54,93.53,93.55,50000000.0,50000000.0,0,0,0,0,0,0,199,2026-02-04 10:03:11.909262
GGD,33.11,33.1,33.12,50000000.0,50000000.0,0,0,0,0,0,0,199,2026-02-04 10:03:11.909262
PNR,61.38,61.37,61.39,50000000.0,50000000.0,0,0,0,0,0,0,199,2026-02-04 10:03:11.909262
FSR,38.4,38.39,38.41,50000000.0,50000000.0,0,0,0,0,0,0,199,2026-02-04 10:03:11.909262
ATB,54.93,54.92,54.94,50000000.0,50000000.0,0,0,0,0,0,0,199,2026-02-04 10:03:11.909262
SPK,53.01,53.0,53.02,50000000.0,50000000.0,0,0,0,0,0,0,199,2026-02-04 10:03:11.909262
EEC,48.21,48.2,48.22,50000000.0,50000000.0,0,0,0,0,0,0,199,2026-02-04 10:03:11.909262
TGX,42.68,42.67,42.69,50000000.0,50000000.0,0,0,0,0,0,0,200,2026-02-04 10:03:12.948013
PHR,48.29,48.28,48.3,50000000.0,50000000.0,0,0,0,0,0,0,200,2026-02-04 10:03:12.948013
BYL,54.48,54.47,54.49,50000000.0,50000000.0,0,0,0,0,0,0,200,2026-02-04 10:03:12.948013
CLD,94.54,94.53,94.55,50000000.0,50000000.0,0,0,0,0,0,0,200,2026-02-04 10:03:12.948013
GGD,33.07,33.06,33.08,50000000.0,50000000.0,0,0,0,0,0,0,200,2026-02-04 10:03:12.948013
PNR,61.1,61.09,61.11,50000000.0,50000000.0,0,0,0,0,0,0,200,2026-02-04 10:03:12.948013
FSR,38.42,38.41,38.43,50000000.0,50000000.0,0,0,0,0,0,0,200,2026-02-04 10:03:12.948013
ATB,54.53,54.52,54.54,50000000.0,50000000.0,0,0,0,0,0,0,200,2026-02-04 10:03:12.948013
SPK,53.06,53.05,53.07,50000000.0,50000000.0,0,0,0,0,0,0,200,2026-02-04 10:03:12.948013
EEC,48.31,48.3,48.32,50000000.0,50000000.0,0,0,0,0,0,0,200,2026-02-04 10:03:12.948013
TGX,42.72,42.71,42.73,50000000.0,50000000.0,0,0,0,0,0,0,201,2026-02-04 10:03:13.979930
PHR,48.42,48.41,48.43,50000000.0,50000000.0,0,0,0,0,0,0,201,2026-02-04 10:03:13.979930
BYL,54.48,54.47,54.49,50000000.0,50000000.0,0,0,0,0,0,0,201,2026-02-04 10:03:13.979930
CLD,94.55,94.54,94.56,50000000.0,50000000.0,0,0,0,0,0,0,201,2026-02-04 10:03:13.979930
GGD,33.07,33.06,33.08,50000000.0,50000000.0,0,0,0,0,0,0,201,2026-02-04 10:03:13.979930
PNR,61.39,61.38,61.4,50000000.0,50000000.0,0,0,0,0,0,0,201,2026-02-04 10:03:13.979930
FSR,38.43,38.42,38.44,50000000.0,50000000.0,0,0,0,0,0,0,201,2026-02-04 10:03:13.979930
ATB,54.31,54.3,54.32,50000000.0,50000000.0,0,0,0,0,0,0,201,2026-02-04 10:03:13.979930
SPK,53.11,53.1,53.12,50000000.0,50000000.0,0,0,0,0,0,0,201,2026-02-04 10:03:13.979930
EEC,48.31,48.3,48.32,50000000.0,50000000.0,0,0,0,0,0,0,201,2026-02-04 10:03:13.979930
TGX,42.72,42.71,42.73,50000000.0,50000000.0,0,0,0,0,0,0,202,2026-02-04 10:03:15.017304
PHR,48.76,48.75,48.77,50000000.0,50000000.0,0,0,0,0,0,0,202,2026-02-04 10:03:15.017304
BYL,54.36,54.35,54.37,50000000.0,50000000.0,0,0,0,0,0,0,202,2026-02-04 10:03:15.017304
CLD,94.34,94.33,94.35,50000000.0,50000000.0,0,0,0,0,0,0,202,2026-02-04 10:03:15.017304
GGD,33.06,33.05,33.07,50000000.0,50000000.0,0,0,0,0,0,0,202,2026-02-04 10:03:15.017304
PNR,61.55,61.54,61.56,50000000.0,50000000.0,0,0,0,0,0,0,202,2026-02-04 10:03:15.017304
FSR,38.42,38.41,38.43,50000000.0,50000000.0,0,0,0,0,0,0,202,2026-02-04 10:03:15.017304
ATB,54.42,54.41,54.43,50000000.0,50000000.0,0,0,0,0,0,0,202,2026-02-04 10:03:15.017304
SPK,53.0,52.99,53.01,50000000.0,50000000.0,0,0,0,0,0,0,202,2026-02-04 10:03:15.017304
EEC,48.13,48.12,48.14,50000000.0,50000000.0,0,0,0,0,0,0,202,2026-02-04 10:03:15.017304
TGX,42.7,42.69,42.71,50000000.0,50000000.0,0,0,0,0,0,0,203,2026-02-04 10:03:16.050800
PHR,48.89,48.88,48.9,50000000.0,50000000.0,0,0,0,0,0,0,203,2026-02-04 10:03:16.050800
BYL,54.14,54.13,54.15,50000000.0,50000000.0,0,0,0,0,0,0,203,2026-02-04 10:03:16.050800
CLD,93.98,93.97,93.99,50000000.0,50000000.0,0,0,0,0,0,0,203,2026-02-04 10:03:16.050800
GGD,32.97,32.96,32.98,50000000.0,50000000.0,0,0,0,0,0,0,203,2026-02-04 10:03:16.050800
PNR,61.29,61.28,61.3,50000000.0,50000000.0,0,0,0,0,0,0,203,2026-02-04 10:03:16.050800
FSR,38.39,38.38,38.4,50000000.0,50000000.0,0,0,0,0,0,0,203,2026-02-04 10:03:16.050800
ATB,54.63,54.62,54.64,50000000.0,50000000.0,0,0,0,0,0,0,203,2026-02-04 10:03:16.050800
SPK,53.04,53.03,53.05,50000000.0,50000000.0,0,0,0,0,0,0,203,2026-02-04 10:03:16.050800
EEC,48.2,48.19,48.21,50000000.0,50000000.0,0,0,0,0,0,0,203,2026-02-04 10:03:16.050800
TGX,42.33,42.32,42.34,50000000.0,50000000.0,0,0,0,0,0,0,204,2026-02-04 10:03:17.100019
PHR,48.87,48.86,48.88,50000000.0,50000000.0,0,0,0,0,0,0,204,2026-02-04 10:03:17.100019
BYL,54.11,54.1,54.12,50000000.0,50000000.0,0,0,0,0,0,0,204,2026-02-04 10:03:17.100019
CLD,93.95,93.94,93.96,50000000.0,50000000.0,0,0,0,0,0,0,204,2026-02-04 10:03:17.100019
GGD,32.95,32.94,32.96,50000000.0,50000000.0,0,0,0,0,0,0,204,2026-02-04 10:03:17.100019
PNR,61.04,61.03,61.05,50000000.0,50000000.0,0,0,0,0,0,0,204,2026-02-04 10:03:17.100019
FSR,38.42,38.41,38.43,50000000.0,50000000.0,0,0,0,0,0,0,204,2026-02-04 10:03:17.100019
ATB,54.25,54.24,54.26,50000000.0,50000000.0,0,0,0,0,0,0,204,2026-02-04 10:03:17.100019
SPK,52.99,52.98,53.0,50000000.0,50000000.0,0,0,0,0,0,0,204,2026-02-04 10:03:17.100019
EEC,48.09,48.08,48.1,50000000.0,50000000.0,0,0,0,0,0,0,204,2026-02-04 10:03:17.100019
TGX,42.37,42.36,42.38,50000000.0,50000000.0,0,0,0,0,0,0,205,2026-02-04 10:03:18.140386
PHR,48.8,48.79,48.81,50000000.0,50000000.0,0,0,0,0,0,0,205,2026-02-04 10:03:18.140386
BYL,53.92,53.91,53.93,50000000.0,50000000.0,0,0,0,0,0,0,205,2026-02-04 10:03:18.140386
CLD,93.56,93.55,93.57,50000000.0,50000000.0,0,0,0,0,0,0,205,2026-02-04 10:03:18.140386
GGD,33.04,33.03,33.05,50000000.0,50000000.0,0,0,0,0,0,0,205,2026-02-04 10:03:18.140386
PNR,61.47,61.46,61.48,50000000.0,50000000.0,0,0,0,0,0,0,205,2026-02-04 10:03:18.140386
FSR,38.47,38.46,38.48,50000000.0,50000000.0,0,0,0,0,0,0,205,2026-02-04 10:03:18.140386
ATB,54.42,54.41,54.43,50000000.0,50000000.0,0,0,0,0,0,0,205,2026-02-04 10:03:18.140386
SPK,52.86,52.85,52.87,50000000.0,50000000.0,0,0,0,0,0,0,205,2026-02-04 10:03:18.140386
EEC,47.88,47.87,47.89,50000000.0,50000000.0,0,0,0,0,0,0,205,2026-02-04 10:03:18.140386
TGX,42.33,42.32,42.34,50000000.0,50000000.0,0,0,0,0,0,0,206,2026-02-04 10:03:19.173476
PHR,49.07,49.06,49.08,50000000.0,50000000.0,0,0,0,0,0,0,206,2026-02-04 10:03:19.173476
BYL,53.56,53.55,53.57,50000000.0,50000000.0,0,0,0,0,0,0,206,2026-02-04 10:03:19.173476
CLD,92.83,92.82,92.84,50000000.0,50000000.0,0,0,0,0,0,0,206,2026-02-04 10:03:19.173476
GGD,33.12,33.11,33.13,50000000.0,50000000.0,0,0,0,0,0,0,206,2026-02-04 10:03:19.173476
PNR,61.6,61.59,61.61,50000000.0,50000000.0,0,0,0,0,0,0,206,2026-02-04 10:03:19.173476
FSR,38.49,38.48,38.5,50000000.0,50000000.0,0,0,0,0,0,0,206,2026-02-04 10:03:19.173476
ATB,55.08,55.07,55.09,50000000.0,50000000.0,0,0,0,0,0,0,206,2026-02-04 10:03:19.173476
SPK,52.82,52.81,52.83,50000000.0,50000000.0,0,0,0,0,0,0,206,2026-02-04 10:03:19.173476
EEC,47.79,47.78,47.8,50000000.0,50000000.0,0,0,0,0,0,0,206,2026-02-04 10:03:19.173476
TGX,42.32,42.31,42.33,50000000.0,50000000.0,0,0,0,0,0,0,207,2026-02-04 10:03:20.211663
PHR,48.95,48.94,48.96,50000000.0,50000000.0,0,0,0,0,0,0,207,2026-02-04 10:03:20.211663
BYL,53.61,53.6,53.62,50000000.0,50000000.0,0,0,0,0,0,0,207,2026-02-04 10:03:20.211663
CLD,93.02,93.01,93.03,50000000.0,50000000.0,0,0,0,0,0,0,207,2026-02-04 10:03:20.211663
GGD,33.15,33.14,33.16,50000000.0,50000000.0,0,0,0,0,0,0,207,2026-02-04 10:03:20.211663
PNR,61.86,61.85,61.87,50000000.0,50000000.0,0,0,0,0,0,0,207,2026-02-04 10:03:20.211663
FSR,38.46,38.45,38.47,50000000.0,50000000.0,0,0,0,0,0,0,207,2026-02-04 10:03:20.211663
ATB,54.79,54.78,54.8,50000000.0,50000000.0,0,0,0,0,0,0,207,2026-02-04 10:03:20.211663
SPK,52.8,52.79,52.81,50000000.0,50000000.0,0,0,0,0,0,0,207,2026-02-04 10:03:20.211663
EEC,47.8,47.79,47.81,50000000.0,50000000.0,0,0,0,0,0,0,207,2026-02-04 10:03:20.211663
TGX,42.26,42.25,42.27,50000000.0,50000000.0,0,0,0,0,0,0,208,2026-02-04 10:03:21.246861
PHR,48.87,48.86,48.88,50000000.0,50000000.0,0,0,0,0,0,0,208,2026-02-04 10:03:21.246861
BYL,53.4,53.39,53.41,50000000.0,50000000.0,0,0,0,0,0,0,208,2026-02-04 10:03:21.246861
CLD,92.57,92.56,92.58,50000000.0,50000000.0,0,0,0,0,0,0,208,2026-02-04 10:03:21.246861
GGD,33.15,33.14,33.16,50000000.0,50000000.0,0,0,0,0,0,0,208,2026-02-04 10:03:21.246861
PNR,61.92,61.91,61.93,50000000.0,50000000.0,0,0,0,0,0,0,208,2026-02-04 10:03:21.246861
FSR,38.43,38.42,38.44,50000000.0,50000000.0,0,0,0,0,0,0,208,2026-02-04 10:03:21.246861
ATB,54.97,54.96,54.98,50000000.0,50000000.0,0,0,0,0,0,0,208,2026-02-04 10:03:21.246861
SPK,52.67,52.66,52.68,50000000.0,50000000.0,0,0,0,0,0,0,208,2026-02-04 10:03:21.246861
EEC,47.62,47.61,47.63,50000000.0,50000000.0,0,0,0,0,0,0,208,2026-02-04 10:03:21.246861
TGX,42.24,42.23,42.25,50000000.0,50000000.0,0,0,0,0,0,0,209,2026-02-04 10:03:22.284047
PHR,49.17,49.16,49.18,50000000.0,50000000.0,0,0,0,0,0,0,209,2026-02-04 10:03:22.284047
BYL,53.77,53.76,53.78,50000000.0,50000000.0,0,0,0,0,0,0,209,2026-02-04 10:03:22.284047
CLD,93.31,93.3,93.32,50000000.0,50000000.0,0,0,0,0,0,0,209,2026-02-04 10:03:22.284047
GGD,33.12,33.11,33.13,50000000.0,50000000.0,0,0,0,0,0,0,209,2026-02-04 10:03:22.284047
PNR,62.17,62.16,62.18,50000000.0,50000000.0,0,0,0,0,0,0,209,2026-02-04 10:03:22.284047
FSR,38.42,38.41,38.43,50000000.0,50000000.0,0,0,0,0,0,0,209,2026-02-04 10:03:22.284047
ATB,55.37,55.36,55.38,50000000.0,50000000.0,0,0,0,0,0,0,209,2026-02-04 10:03:22.284047
SPK,52.64,52.63,52.65,50000000.0,50000000.0,0,0,0,0,0,0,209,2026-02-04 10:03:22.284047
EEC,47.56,47.55,47.57,50000000.0,50000000.0,0,0,0,0,0,0,209,2026-02-04 10:03:22.284047
TGX,42.27,42.26,42.28,50000000.0,50000000.0,0,0,0,0,0,0,210,2026-02-04 10:03:23.320578
PHR,48.79,48.78,48.8,50000000.0,50000000.0,0,0,0,0,0,0,210,2026-02-04 10:03:23.320578
BYL,54.22,54.21,54.23,50000000.0,50000000.0,0,0,0,0,0,0,210,2026-02-04 10:03:23.320578
CLD,94.19,94.18,94.2,50000000.0,50000000.0,0,0,0,0,0,0,210,2026-02-04 10:03:23.320578
GGD,33.11,33.1,33.12,50000000.0,50000000.0,0,0,0,0,0,0,210,2026-02-04 10:03:23.320578
PNR,62.09,62.08,62.1,50000000.0,50000000.0,0,0,0,0,0,0,210,2026-02-04 10:03:23.320578
FSR,38.43,38.42,38.44,50000000.0,50000000.0,0,0,0,0,0,0,210,2026-02-04 10:03:23.320578
ATB,55.69,55.68,55.7,50000000.0,50000000.0,0,0,0,0,0,0,210,2026-02-04 10:03:23.320578
SPK,52.69,52.68,52.7,50000000.0,50000000.0,0,0,0,0,0,0,210,2026-02-04 10:03:23.320578
EEC,47.65,47.64,47.66,50000000.0,50000000.0,0,0,0,0,0,0,210,2026-02-04 10:03:23.320578
TGX,42.27,42.26,42.28,50000000.0,50000000.0,0,0,0,0,0,0,211,2026-02-04 10:03:24.354057
PHR,48.83,48.82,48.84,50000000.0,50000000.0,0,0,0,0,0,0,211,2026-02-04 10:03:24.354057
