ticker,last_price,bid_price,ask_price,BUY_ANON,SELL_ANON,tick,timestamp
TGX,0.0,0.0,0.0,0,0,0,2026-02-03 00:54:37.798226
PHR,0.0,0.0,0.0,0,0,0,2026-02-03 00:54:37.798226
BYL,0.0,0.0,0.0,0,0,0,2026-02-03 00:54:37.798226
CLD,0.0,0.0,0.0,0,0,0,2026-02-03 00:54:37.798226
GGD,0.0,0.0,0.0,0,0,0,2026-02-03 00:54:37.798226
PNR,0.0,0.0,0.0,0,0,0,2026-02-03 00:54:37.798226
FSR,0.0,0.0,0.0,0,0,0,2026-02-03 00:54:37.798226
ATB,0.0,0.0,0.0,0,0,0,2026-02-03 00:54:37.798226
SPK,0.0,0.0,0.0,0,0,0,2026-02-03 00:54:37.798226
EEC,0.0,0.0,0.0,0,0,0,2026-02-03 00:54:37.798226
TGX,43.69,0.0,0.0,50000000.0,50000000.0,1,2026-02-03 00:54:38.337116,1.0,1.0,1.0,,Welcome to the RITC 2026 Merger Arbitrage Case - practice server,Good Luck!
PHR,47.5,0.0,0.0,50000000.0,50000000.0,1,2026-02-03 00:54:38.337116,,,,,,
BYL,43.5,0.0,0.0,50000000.0,50000000.0,1,2026-02-03 00:54:38.337116,,,,,,
CLD,79.3,0.0,0.0,50000000.0,50000000.0,1,2026-02-03 00:54:38.337116,,,,,,
GGD,31.51,0.0,0.0,50000000.0,50000000.0,1,2026-02-03 00:54:38.337116,,,,,,
PNR,59.8,0.0,0.0,50000000.0,50000000.0,1,2026-02-03 00:54:38.337116,,,,,,
FSR,30.59,0.0,0.0,50000000.0,50000000.0,1,2026-02-03 00:54:38.337116,,,,,,
ATB,62.2,0.0,0.0,50000000.0,50000000.0,1,2026-02-03 00:54:38.337116,,,,,,
SPK,52.88,0.0,0.0,50000000.0,50000000.0,1,2026-02-03 00:54:38.337116,,,,,,
EEC,48.0,0.0,0.0,50000000.0,50000000.0,1,2026-02-03 00:54:38.337116,,,,,,
TGX,43.62,43.61,43.63,50000000.0,50000000.0,2,2026-02-03 00:54:39.383497
PHR,47.47,47.46,47.48,50000000.0,50000000.0,2,2026-02-03 00:54:39.383497
BYL,43.6,43.59,43.61,50000000.0,50000000.0,2,2026-02-03 00:54:39.383497
CLD,79.5,79.49,79.51,50000000.0,50000000.0,2,2026-02-03 00:54:39.383497
GGD,31.45,31.44,31.46,50000000.0,50000000.0,2,2026-02-03 00:54:39.383497
PNR,59.28,59.27,59.29,50000000.0,50000000.0,2,2026-02-03 00:54:39.383497
FSR,30.62,30.61,30.63,50000000.0,50000000.0,2,2026-02-03 00:54:39.383497
ATB,61.86,61.85,61.87,50000000.0,50000000.0,2,2026-02-03 00:54:39.383497
SPK,52.87,52.86,52.88,50000000.0,50000000.0,2,2026-02-03 00:54:39.383497
EEC,48.0,47.99,48.01,50000000.0,50000000.0,2,2026-02-03 00:54:39.383497
TGX,43.69,43.68,43.7,50000000.0,50000000.0,3,2026-02-03 00:54:40.419083
PHR,47.22,47.21,47.23,50000000.0,50000000.0,3,2026-02-03 00:54:40.419083
BYL,43.51,43.5,43.52,50000000.0,50000000.0,3,2026-02-03 00:54:40.419083
CLD,79.36,79.35,79.37,50000000.0,50000000.0,3,2026-02-03 00:54:40.419083
GGD,31.46,31.45,31.47,50000000.0,50000000.0,3,2026-02-03 00:54:40.419083
PNR,59.33,59.32,59.34,50000000.0,50000000.0,3,2026-02-03 00:54:40.419083
FSR,30.63,30.62,30.64,50000000.0,50000000.0,3,2026-02-03 00:54:40.419083
ATB,61.96,61.95,61.97,50000000.0,50000000.0,3,2026-02-03 00:54:40.419083
SPK,52.9,52.89,52.91,50000000.0,50000000.0,3,2026-02-03 00:54:40.419083
EEC,48.11,48.1,48.12,50000000.0,50000000.0,3,2026-02-03 00:54:40.419083
TGX,43.7,43.69,43.71,50000000.0,50000000.0,4,2026-02-03 00:54:41.462962
PHR,47.23,47.22,47.24,50000000.0,50000000.0,4,2026-02-03 00:54:41.462962
BYL,43.66,43.65,43.67,50000000.0,50000000.0,4,2026-02-03 00:54:41.462962
CLD,79.63,79.62,79.64,50000000.0,50000000.0,4,2026-02-03 00:54:41.462962
GGD,31.43,31.42,31.44,50000000.0,50000000.0,4,2026-02-03 00:54:41.462962
PNR,59.12,59.11,59.13,50000000.0,50000000.0,4,2026-02-03 00:54:41.462962
FSR,30.54,30.53,30.55,50000000.0,50000000.0,4,2026-02-03 00:54:41.462962
ATB,62.03,62.02,62.04,50000000.0,50000000.0,4,2026-02-03 00:54:41.462962
SPK,52.85,52.84,52.86,50000000.0,50000000.0,4,2026-02-03 00:54:41.462962
EEC,48.09,48.08,48.1,50000000.0,50000000.0,4,2026-02-03 00:54:41.462962
TGX,43.71,43.7,43.72,50000000.0,50000000.0,5,2026-02-03 00:54:42.515164
PHR,47.23,47.22,47.24,50000000.0,50000000.0,5,2026-02-03 00:54:42.515164
BYL,43.68,43.67,43.69,50000000.0,50000000.0,5,2026-02-03 00:54:42.515164
CLD,79.69,79.68,79.7,50000000.0,50000000.0,5,2026-02-03 00:54:42.515164
GGD,31.41,31.4,31.42,50000000.0,50000000.0,5,2026-02-03 00:54:42.515164
PNR,58.69,58.68,58.7,50000000.0,50000000.0,5,2026-02-03 00:54:42.515164
FSR,30.53,30.52,30.54,50000000.0,50000000.0,5,2026-02-03 00:54:42.515164
ATB,61.96,61.95,61.97,50000000.0,50000000.0,5,2026-02-03 00:54:42.515164
SPK,52.82,52.81,52.83,50000000.0,50000000.0,5,2026-02-03 00:54:42.515164
EEC,48.02,48.01,48.03,50000000.0,50000000.0,5,2026-02-03 00:54:42.515164
TGX,43.68,43.67,43.69,50000000.0,50000000.0,6,2026-02-03 00:54:43.582481
PHR,47.38,47.37,47.39,50000000.0,50000000.0,6,2026-02-03 00:54:43.582481
BYL,43.69,43.68,43.7,50000000.0,50000000.0,6,2026-02-03 00:54:43.582481
CLD,79.68,79.67,79.69,50000000.0,50000000.0,6,2026-02-03 00:54:43.582481
GGD,31.38,31.37,31.39,50000000.0,50000000.0,6,2026-02-03 00:54:43.582481
PNR,58.66,58.65,58.67,50000000.0,50000000.0,6,2026-02-03 00:54:43.582481
FSR,30.51,30.5,30.52,50000000.0,50000000.0,6,2026-02-03 00:54:43.582481
ATB,62.02,62.01,62.03,50000000.0,50000000.0,6,2026-02-03 00:54:43.582481
SPK,52.74,52.73,52.75,50000000.0,50000000.0,6,2026-02-03 00:54:43.582481
EEC,48.02,48.01,48.03,50000000.0,50000000.0,6,2026-02-03 00:54:43.582481
TGX,43.66,43.65,43.67,50000000.0,50000000.0,7,2026-02-03 00:54:44.639476
PHR,47.65,47.64,47.66,50000000.0,50000000.0,7,2026-02-03 00:54:44.639476
BYL,43.69,43.68,43.7,50000000.0,50000000.0,7,2026-02-03 00:54:44.639476
CLD,79.72,79.71,79.73,50000000.0,50000000.0,7,2026-02-03 00:54:44.639476
GGD,31.39,31.38,31.4,50000000.0,50000000.0,7,2026-02-03 00:54:44.639476
PNR,58.34,58.33,58.35,50000000.0,50000000.0,7,2026-02-03 00:54:44.639476
FSR,30.56,30.55,30.57,50000000.0,50000000.0,7,2026-02-03 00:54:44.639476
ATB,62.06,62.05,62.07,50000000.0,50000000.0,7,2026-02-03 00:54:44.639476
SPK,52.8,52.79,52.81,50000000.0,50000000.0,7,2026-02-03 00:54:44.639476
EEC,48.07,48.06,48.08,50000000.0,50000000.0,7,2026-02-03 00:54:44.639476
TGX,43.67,43.66,43.68,50000000.0,50000000.0,8,2026-02-03 00:54:45.683023
PHR,47.8,47.79,47.81,50000000.0,50000000.0,8,2026-02-03 00:54:45.683023
BYL,43.88,43.87,43.89,50000000.0,50000000.0,8,2026-02-03 00:54:45.683023
CLD,80.12,80.11,80.13,50000000.0,50000000.0,8,2026-02-03 00:54:45.683023
GGD,31.41,31.4,31.42,50000000.0,50000000.0,8,2026-02-03 00:54:45.683023
PNR,58.35,58.34,58.36,50000000.0,50000000.0,8,2026-02-03 00:54:45.683023
FSR,30.61,30.6,30.62,50000000.0,50000000.0,8,2026-02-03 00:54:45.683023
ATB,61.72,61.71,61.73,50000000.0,50000000.0,8,2026-02-03 00:54:45.683023
SPK,52.84,52.83,52.85,50000000.0,50000000.0,8,2026-02-03 00:54:45.683023
EEC,48.13,48.12,48.14,50000000.0,50000000.0,8,2026-02-03 00:54:45.683023
TGX,43.61,43.6,43.62,50000000.0,50000000.0,9,2026-02-03 00:54:46.720437
PHR,47.69,47.68,47.7,50000000.0,50000000.0,9,2026-02-03 00:54:46.720437
BYL,44.01,44.0,44.02,50000000.0,50000000.0,9,2026-02-03 00:54:46.720437
CLD,80.51,80.5,80.52,50000000.0,50000000.0,9,2026-02-03 00:54:46.720437
GGD,31.41,31.4,31.42,50000000.0,50000000.0,9,2026-02-03 00:54:46.720437
PNR,58.36,58.35,58.37,50000000.0,50000000.0,9,2026-02-03 00:54:46.720437
FSR,30.6,30.59,30.61,50000000.0,50000000.0,9,2026-02-03 00:54:46.720437
ATB,61.75,61.74,61.76,50000000.0,50000000.0,9,2026-02-03 00:54:46.720437
SPK,53.01,53.0,53.02,50000000.0,50000000.0,9,2026-02-03 00:54:46.720437
EEC,48.27,48.26,48.28,50000000.0,50000000.0,9,2026-02-03 00:54:46.720437
TGX,43.61,43.6,43.62,50000000.0,50000000.0,10,2026-02-03 00:54:47.762081
PHR,47.65,47.64,47.66,50000000.0,50000000.0,10,2026-02-03 00:54:47.762081
BYL,43.87,43.86,43.88,50000000.0,50000000.0,10,2026-02-03 00:54:47.762081
CLD,80.2,80.19,80.21,50000000.0,50000000.0,10,2026-02-03 00:54:47.762081
GGD,31.4,31.39,31.41,50000000.0,50000000.0,10,2026-02-03 00:54:47.762081
PNR,58.1,58.09,58.11,50000000.0,50000000.0,10,2026-02-03 00:54:47.762081
FSR,30.52,30.51,30.53,50000000.0,50000000.0,10,2026-02-03 00:54:47.762081
ATB,61.7,61.69,61.71,50000000.0,50000000.0,10,2026-02-03 00:54:47.762081
SPK,53.16,53.15,53.17,50000000.0,50000000.0,10,2026-02-03 00:54:47.762081
EEC,48.52,48.51,48.53,50000000.0,50000000.0,10,2026-02-03 00:54:47.762081
TGX,43.66,43.65,43.67,50000000.0,50000000.0,11,2026-02-03 00:54:48.291442
PHR,47.64,47.63,47.65,50000000.0,50000000.0,11,2026-02-03 00:54:48.291442
BYL,43.85,43.84,43.86,50000000.0,50000000.0,11,2026-02-03 00:54:48.291442
CLD,80.07,80.06,80.08,50000000.0,50000000.0,11,2026-02-03 00:54:48.291442
GGD,31.4,31.39,31.41,50000000.0,50000000.0,11,2026-02-03 00:54:48.291442
PNR,57.91,57.9,57.92,50000000.0,50000000.0,11,2026-02-03 00:54:48.291442
FSR,30.57,30.56,30.58,50000000.0,50000000.0,11,2026-02-03 00:54:48.291442
ATB,61.79,61.78,61.8,50000000.0,50000000.0,11,2026-02-03 00:54:48.291442
SPK,53.14,53.13,53.15,50000000.0,50000000.0,11,2026-02-03 00:54:48.291442
EEC,48.58,48.57,48.59,50000000.0,50000000.0,11,2026-02-03 00:54:48.291442
TGX,43.68,43.67,43.69,50000000.0,50000000.0,12,2026-02-03 00:54:49.328749
PHR,47.58,47.57,47.59,50000000.0,50000000.0,12,2026-02-03 00:54:49.328749
BYL,43.86,43.85,43.87,50000000.0,50000000.0,12,2026-02-03 00:54:49.328749
CLD,80.08,80.07,80.09,50000000.0,50000000.0,12,2026-02-03 00:54:49.328749
GGD,31.39,31.38,31.4,50000000.0,50000000.0,12,2026-02-03 00:54:49.328749
PNR,57.75,57.74,57.76,50000000.0,50000000.0,12,2026-02-03 00:54:49.328749
FSR,30.48,30.47,30.49,50000000.0,50000000.0,12,2026-02-03 00:54:49.328749
ATB,61.84,61.83,61.85,50000000.0,50000000.0,12,2026-02-03 00:54:49.328749
SPK,53.07,53.06,53.08,50000000.0,50000000.0,12,2026-02-03 00:54:49.328749
EEC,48.43,48.42,48.44,50000000.0,50000000.0,12,2026-02-03 00:54:49.328749
TGX,43.68,43.67,43.69,50000000.0,50000000.0,13,2026-02-03 00:54:50.360899
PHR,47.35,47.34,47.36,50000000.0,50000000.0,13,2026-02-03 00:54:50.360899
BYL,43.97,43.96,43.98,50000000.0,50000000.0,13,2026-02-03 00:54:50.360899
CLD,80.37,80.36,80.38,50000000.0,50000000.0,13,2026-02-03 00:54:50.360899
GGD,31.47,31.46,31.48,50000000.0,50000000.0,13,2026-02-03 00:54:50.360899
PNR,58.0,57.99,58.01,50000000.0,50000000.0,13,2026-02-03 00:54:50.360899
FSR,30.42,30.41,30.43,50000000.0,50000000.0,13,2026-02-03 00:54:50.360899
ATB,61.89,61.88,61.9,50000000.0,50000000.0,13,2026-02-03 00:54:50.360899
SPK,53.07,53.06,53.08,50000000.0,50000000.0,13,2026-02-03 00:54:50.360899
EEC,48.4,48.39,48.41,50000000.0,50000000.0,13,2026-02-03 00:54:50.360899
TGX,43.59,43.58,43.6,50000000.0,50000000.0,14,2026-02-03 00:54:51.396661
PHR,47.38,47.37,47.39,50000000.0,50000000.0,14,2026-02-03 00:54:51.396661
BYL,44.03,44.02,44.04,50000000.0,50000000.0,14,2026-02-03 00:54:51.396661
CLD,80.51,80.5,80.52,50000000.0,50000000.0,14,2026-02-03 00:54:51.396661
GGD,31.45,31.44,31.46,50000000.0,50000000.0,14,2026-02-03 00:54:51.396661
PNR,57.96,57.95,57.97,50000000.0,50000000.0,14,2026-02-03 00:54:51.396661
FSR,30.48,30.47,30.49,50000000.0,50000000.0,14,2026-02-03 00:54:51.396661
ATB,61.64,61.63,61.65,50000000.0,50000000.0,14,2026-02-03 00:54:51.396661
SPK,53.18,53.17,53.19,50000000.0,50000000.0,14,2026-02-03 00:54:51.396661
EEC,48.38,48.37,48.39,50000000.0,50000000.0,14,2026-02-03 00:54:51.396661
TGX,43.65,43.64,43.66,50000000.0,50000000.0,15,2026-02-03 00:54:52.440728
PHR,47.56,47.55,47.57,50000000.0,50000000.0,15,2026-02-03 00:54:52.440728
BYL,43.96,43.95,43.97,50000000.0,50000000.0,15,2026-02-03 00:54:52.440728
CLD,80.36,80.35,80.37,50000000.0,50000000.0,15,2026-02-03 00:54:52.440728
GGD,31.42,31.41,31.43,50000000.0,50000000.0,15,2026-02-03 00:54:52.440728
PNR,57.58,57.57,57.59,50000000.0,50000000.0,15,2026-02-03 00:54:52.440728
FSR,30.47,30.46,30.48,50000000.0,50000000.0,15,2026-02-03 00:54:52.440728
ATB,61.35,61.34,61.36,50000000.0,50000000.0,15,2026-02-03 00:54:52.440728
SPK,53.2,53.19,53.21,50000000.0,50000000.0,15,2026-02-03 00:54:52.440728
EEC,48.43,48.42,48.44,50000000.0,50000000.0,15,2026-02-03 00:54:52.440728
TGX,43.64,43.63,43.65,50000000.0,50000000.0,16,2026-02-03 00:54:53.473498
PHR,47.71,47.7,47.72,50000000.0,50000000.0,16,2026-02-03 00:54:53.473498
BYL,44.04,44.03,44.05,50000000.0,50000000.0,16,2026-02-03 00:54:53.473498
CLD,80.6,80.59,80.61,50000000.0,50000000.0,16,2026-02-03 00:54:53.473498
GGD,31.39,31.38,31.4,50000000.0,50000000.0,16,2026-02-03 00:54:53.473498
PNR,57.22,57.21,57.23,50000000.0,50000000.0,16,2026-02-03 00:54:53.473498
FSR,30.44,30.43,30.45,50000000.0,50000000.0,16,2026-02-03 00:54:53.473498
ATB,61.34,61.33,61.35,50000000.0,50000000.0,16,2026-02-03 00:54:53.473498
SPK,53.21,53.2,53.22,50000000.0,50000000.0,16,2026-02-03 00:54:53.473498
EEC,48.41,48.4,48.42,50000000.0,50000000.0,16,2026-02-03 00:54:53.473498
TGX,43.62,43.61,43.63,50000000.0,50000000.0,17,2026-02-03 00:54:54.502129
PHR,47.74,47.73,47.75,50000000.0,50000000.0,17,2026-02-03 00:54:54.502129
BYL,43.84,43.83,43.85,50000000.0,50000000.0,17,2026-02-03 00:54:54.502129
CLD,80.08,80.07,80.09,50000000.0,50000000.0,17,2026-02-03 00:54:54.502129
GGD,31.38,31.37,31.39,50000000.0,50000000.0,17,2026-02-03 00:54:54.502129
PNR,57.38,57.37,57.39,50000000.0,50000000.0,17,2026-02-03 00:54:54.502129
FSR,30.41,30.4,30.42,50000000.0,50000000.0,17,2026-02-03 00:54:54.502129
ATB,61.58,61.57,61.59,50000000.0,50000000.0,17,2026-02-03 00:54:54.502129
SPK,53.15,53.14,53.16,50000000.0,50000000.0,17,2026-02-03 00:54:54.502129
EEC,48.51,48.5,48.52,50000000.0,50000000.0,17,2026-02-03 00:54:54.502129
TGX,43.63,43.62,43.64,50000000.0,50000000.0,18,2026-02-03 00:54:55.543778
PHR,47.52,47.51,47.53,50000000.0,50000000.0,18,2026-02-03 00:54:55.543778
BYL,43.78,43.77,43.79,50000000.0,50000000.0,18,2026-02-03 00:54:55.543778
CLD,80.04,80.03,80.05,50000000.0,50000000.0,18,2026-02-03 00:54:55.543778
GGD,31.34,31.33,31.35,50000000.0,50000000.0,18,2026-02-03 00:54:55.543778
PNR,57.11,57.1,57.12,50000000.0,50000000.0,18,2026-02-03 00:54:55.543778
FSR,30.39,30.38,30.4,50000000.0,50000000.0,18,2026-02-03 00:54:55.543778
ATB,61.8,61.79,61.81,50000000.0,50000000.0,18,2026-02-03 00:54:55.543778
SPK,53.28,53.27,53.29,50000000.0,50000000.0,18,2026-02-03 00:54:55.543778
EEC,48.67,48.66,48.68,50000000.0,50000000.0,18,2026-02-03 00:54:55.543778
TGX,43.68,43.67,43.69,50000000.0,50000000.0,19,2026-02-03 00:54:56.606844
PHR,47.51,47.5,47.52,50000000.0,50000000.0,19,2026-02-03 00:54:56.606844
BYL,43.92,43.91,43.93,50000000.0,50000000.0,19,2026-02-03 00:54:56.606844
CLD,80.36,80.35,80.37,50000000.0,50000000.0,19,2026-02-03 00:54:56.606844
GGD,31.35,31.34,31.36,50000000.0,50000000.0,19,2026-02-03 00:54:56.606844
PNR,57.37,57.36,57.38,50000000.0,50000000.0,19,2026-02-03 00:54:56.606844
FSR,30.31,30.3,30.32,50000000.0,50000000.0,19,2026-02-03 00:54:56.606844
ATB,61.91,61.9,61.92,50000000.0,50000000.0,19,2026-02-03 00:54:56.606844
SPK,53.32,53.31,53.33,50000000.0,50000000.0,19,2026-02-03 00:54:56.606844
EEC,48.86,48.85,48.87,50000000.0,50000000.0,19,2026-02-03 00:54:56.606844
TGX,43.74,43.73,43.75,50000000.0,50000000.0,20,2026-02-03 00:54:57.662684
PHR,47.64,47.63,47.65,50000000.0,50000000.0,20,2026-02-03 00:54:57.662684
BYL,44.03,44.02,44.04,50000000.0,50000000.0,20,2026-02-03 00:54:57.662684
CLD,80.63,80.62,80.64,50000000.0,50000000.0,20,2026-02-03 00:54:57.662684
GGD,31.33,31.32,31.34,50000000.0,50000000.0,20,2026-02-03 00:54:57.662684
PNR,57.65,57.64,57.66,50000000.0,50000000.0,20,2026-02-03 00:54:57.662684
FSR,30.31,30.3,30.32,50000000.0,50000000.0,20,2026-02-03 00:54:57.662684
ATB,61.79,61.78,61.8,50000000.0,50000000.0,20,2026-02-03 00:54:57.662684
SPK,53.39,53.38,53.4,50000000.0,50000000.0,20,2026-02-03 00:54:57.662684
EEC,48.99,48.98,49.0,50000000.0,50000000.0,20,2026-02-03 00:54:57.662684
TGX,43.69,43.68,43.7,50000000.0,50000000.0,21,2026-02-03 00:54:58.723129,2.0,1.0,20.0,D2-BYL/CLD,Stock Market Volatility Affects Exchange Ratio,"CloudSys shares decline 12% on tech sector selloff, impacting deal value and exchange dynamics."
PHR,47.87,47.86,47.88,50000000.0,50000000.0,21,2026-02-03 00:54:58.723129,,,,,,
BYL,44.12,44.11,44.13,50000000.0,50000000.0,21,2026-02-03 00:54:58.723129,,,,,,
CLD,80.91,80.9,80.92,50000000.0,50000000.0,21,2026-02-03 00:54:58.723129,,,,,,
GGD,31.35,31.34,31.36,50000000.0,50000000.0,21,2026-02-03 00:54:58.723129,,,,,,
PNR,57.18,57.17,57.19,50000000.0,50000000.0,21,2026-02-03 00:54:58.723129,,,,,,
FSR,30.29,30.28,30.3,50000000.0,50000000.0,21,2026-02-03 00:54:58.723129,,,,,,
ATB,62.06,62.05,62.07,50000000.0,50000000.0,21,2026-02-03 00:54:58.723129,,,,,,
SPK,53.57,53.56,53.58,50000000.0,50000000.0,21,2026-02-03 00:54:58.723129,,,,,,
EEC,49.09,49.08,49.1,50000000.0,50000000.0,21,2026-02-03 00:54:58.723129,,,,,,
TGX,43.64,43.63,43.65,50000000.0,50000000.0,22,2026-02-03 00:54:59.762918
PHR,47.93,47.92,47.94,50000000.0,50000000.0,22,2026-02-03 00:54:59.762918
BYL,44.11,44.1,44.12,50000000.0,50000000.0,22,2026-02-03 00:54:59.762918
CLD,80.86,80.85,80.87,50000000.0,50000000.0,22,2026-02-03 00:54:59.762918
GGD,31.36,31.35,31.37,50000000.0,50000000.0,22,2026-02-03 00:54:59.762918
PNR,57.29,57.28,57.3,50000000.0,50000000.0,22,2026-02-03 00:54:59.762918
FSR,30.29,30.28,30.3,50000000.0,50000000.0,22,2026-02-03 00:54:59.762918
ATB,62.38,62.37,62.39,50000000.0,50000000.0,22,2026-02-03 00:54:59.762918
SPK,53.64,53.63,53.65,50000000.0,50000000.0,22,2026-02-03 00:54:59.762918
EEC,49.27,49.26,49.28,50000000.0,50000000.0,22,2026-02-03 00:54:59.762918
TGX,43.7,43.69,43.71,50000000.0,50000000.0,23,2026-02-03 00:55:00.803783
PHR,48.01,48.0,48.02,50000000.0,50000000.0,23,2026-02-03 00:55:00.803783
BYL,44.19,44.18,44.2,50000000.0,50000000.0,23,2026-02-03 00:55:00.803783
CLD,81.02,81.01,81.03,50000000.0,50000000.0,23,2026-02-03 00:55:00.803783
GGD,31.32,31.31,31.33,50000000.0,50000000.0,23,2026-02-03 00:55:00.803783
PNR,57.16,57.15,57.17,50000000.0,50000000.0,23,2026-02-03 00:55:00.803783
FSR,30.24,30.23,30.25,50000000.0,50000000.0,23,2026-02-03 00:55:00.803783
ATB,62.5,62.49,62.51,50000000.0,50000000.0,23,2026-02-03 00:55:00.803783
SPK,53.68,53.67,53.69,50000000.0,50000000.0,23,2026-02-03 00:55:00.803783
EEC,49.4,49.39,49.41,50000000.0,50000000.0,23,2026-02-03 00:55:00.803783
TGX,43.73,43.72,43.74,50000000.0,50000000.0,24,2026-02-03 00:55:01.838057
PHR,47.9,47.89,47.91,50000000.0,50000000.0,24,2026-02-03 00:55:01.838057
BYL,44.35,44.34,44.36,50000000.0,50000000.0,24,2026-02-03 00:55:01.838057
CLD,81.39,81.38,81.4,50000000.0,50000000.0,24,2026-02-03 00:55:01.838057
GGD,31.31,31.3,31.32,50000000.0,50000000.0,24,2026-02-03 00:55:01.838057
PNR,57.37,57.36,57.38,50000000.0,50000000.0,24,2026-02-03 00:55:01.838057
FSR,30.18,30.17,30.19,50000000.0,50000000.0,24,2026-02-03 00:55:01.838057
ATB,62.27,62.26,62.28,50000000.0,50000000.0,24,2026-02-03 00:55:01.838057
SPK,53.64,53.63,53.65,50000000.0,50000000.0,24,2026-02-03 00:55:01.838057
EEC,49.34,49.33,49.35,50000000.0,50000000.0,24,2026-02-03 00:55:01.838057
TGX,43.77,43.76,43.78,50000000.0,50000000.0,25,2026-02-03 00:55:02.878863
PHR,47.92,47.91,47.93,50000000.0,50000000.0,25,2026-02-03 00:55:02.878863
BYL,44.05,44.04,44.06,50000000.0,50000000.0,25,2026-02-03 00:55:02.878863
CLD,80.68,80.67,80.69,50000000.0,50000000.0,25,2026-02-03 00:55:02.878863
GGD,31.25,31.24,31.26,50000000.0,50000000.0,25,2026-02-03 00:55:02.878863
PNR,57.17,57.16,57.18,50000000.0,50000000.0,25,2026-02-03 00:55:02.878863
FSR,30.17,30.16,30.18,50000000.0,50000000.0,25,2026-02-03 00:55:02.878863
ATB,62.37,62.36,62.38,50000000.0,50000000.0,25,2026-02-03 00:55:02.878863
SPK,53.57,53.56,53.58,50000000.0,50000000.0,25,2026-02-03 00:55:02.878863
EEC,49.32,49.31,49.33,50000000.0,50000000.0,25,2026-02-03 00:55:02.878863
TGX,43.81,43.8,43.82,50000000.0,50000000.0,26,2026-02-03 00:55:03.922748
PHR,48.09,48.08,48.1,50000000.0,50000000.0,26,2026-02-03 00:55:03.922748
BYL,43.79,43.78,43.8,50000000.0,50000000.0,26,2026-02-03 00:55:03.922748
CLD,80.05,80.04,80.06,50000000.0,50000000.0,26,2026-02-03 00:55:03.922748
GGD,31.24,31.23,31.25,50000000.0,50000000.0,26,2026-02-03 00:55:03.922748
PNR,57.21,57.2,57.22,50000000.0,50000000.0,26,2026-02-03 00:55:03.922748
FSR,30.19,30.18,30.2,50000000.0,50000000.0,26,2026-02-03 00:55:03.922748
ATB,62.42,62.41,62.43,50000000.0,50000000.0,26,2026-02-03 00:55:03.922748
SPK,53.58,53.57,53.59,50000000.0,50000000.0,26,2026-02-03 00:55:03.922748
EEC,49.25,49.24,49.26,50000000.0,50000000.0,26,2026-02-03 00:55:03.922748
TGX,43.91,43.9,43.92,50000000.0,50000000.0,27,2026-02-03 00:55:04.456842
PHR,47.9,47.89,47.91,50000000.0,50000000.0,27,2026-02-03 00:55:04.456842
BYL,43.94,43.93,43.95,50000000.0,50000000.0,27,2026-02-03 00:55:04.456842
CLD,80.4,80.39,80.41,50000000.0,50000000.0,27,2026-02-03 00:55:04.456842
GGD,31.27,31.26,31.28,50000000.0,50000000.0,27,2026-02-03 00:55:04.456842
PNR,57.35,57.34,57.36,50000000.0,50000000.0,27,2026-02-03 00:55:04.456842
FSR,30.25,30.24,30.26,50000000.0,50000000.0,27,2026-02-03 00:55:04.456842
ATB,62.6,62.59,62.61,50000000.0,50000000.0,27,2026-02-03 00:55:04.456842
SPK,53.66,53.65,53.67,50000000.0,50000000.0,27,2026-02-03 00:55:04.456842
EEC,49.47,49.46,49.48,50000000.0,50000000.0,27,2026-02-03 00:55:04.456842
TGX,43.95,43.94,43.96,50000000.0,50000000.0,28,2026-02-03 00:55:05.492667
PHR,48.06,48.05,48.07,50000000.0,50000000.0,28,2026-02-03 00:55:05.492667
BYL,43.99,43.98,44.0,50000000.0,50000000.0,28,2026-02-03 00:55:05.492667
CLD,80.6,80.59,80.61,50000000.0,50000000.0,28,2026-02-03 00:55:05.492667
GGD,31.19,31.18,31.2,50000000.0,50000000.0,28,2026-02-03 00:55:05.492667
PNR,57.12,57.11,57.13,50000000.0,50000000.0,28,2026-02-03 00:55:05.492667
FSR,30.28,30.27,30.29,50000000.0,50000000.0,28,2026-02-03 00:55:05.492667
ATB,62.44,62.43,62.45,50000000.0,50000000.0,28,2026-02-03 00:55:05.492667
SPK,53.67,53.66,53.68,50000000.0,50000000.0,28,2026-02-03 00:55:05.492667
EEC,49.52,49.51,49.53,50000000.0,50000000.0,28,2026-02-03 00:55:05.492667
TGX,44.03,44.02,44.04,50000000.0,50000000.0,29,2026-02-03 00:55:06.529913
PHR,48.03,48.02,48.04,50000000.0,50000000.0,29,2026-02-03 00:55:06.529913
BYL,44.09,44.08,44.1,50000000.0,50000000.0,29,2026-02-03 00:55:06.529913
CLD,80.87,80.86,80.88,50000000.0,50000000.0,29,2026-02-03 00:55:06.529913
GGD,31.18,31.17,31.19,50000000.0,50000000.0,29,2026-02-03 00:55:06.529913
PNR,57.4,57.39,57.41,50000000.0,50000000.0,29,2026-02-03 00:55:06.529913
FSR,30.26,30.25,30.27,50000000.0,50000000.0,29,2026-02-03 00:55:06.529913
ATB,62.84,62.83,62.85,50000000.0,50000000.0,29,2026-02-03 00:55:06.529913
SPK,53.71,53.7,53.72,50000000.0,50000000.0,29,2026-02-03 00:55:06.529913
EEC,49.54,49.53,49.55,50000000.0,50000000.0,29,2026-02-03 00:55:06.529913
TGX,43.96,43.95,43.97,50000000.0,50000000.0,30,2026-02-03 00:55:07.568701
PHR,48.17,48.16,48.18,50000000.0,50000000.0,30,2026-02-03 00:55:07.568701
BYL,44.18,44.17,44.19,50000000.0,50000000.0,30,2026-02-03 00:55:07.568701
CLD,81.02,81.01,81.03,50000000.0,50000000.0,30,2026-02-03 00:55:07.568701
GGD,31.12,31.11,31.13,50000000.0,50000000.0,30,2026-02-03 00:55:07.568701
PNR,57.22,57.21,57.23,50000000.0,50000000.0,30,2026-02-03 00:55:07.568701
FSR,30.26,30.25,30.27,50000000.0,50000000.0,30,2026-02-03 00:55:07.568701
ATB,62.86,62.85,62.87,50000000.0,50000000.0,30,2026-02-03 00:55:07.568701
SPK,53.77,53.76,53.78,50000000.0,50000000.0,30,2026-02-03 00:55:07.568701
EEC,49.66,49.65,49.67,50000000.0,50000000.0,30,2026-02-03 00:55:07.568701
TGX,43.89,43.88,43.9,50000000.0,50000000.0,31,2026-02-03 00:55:08.609019
PHR,48.18,48.17,48.19,50000000.0,50000000.0,31,2026-02-03 00:55:08.609019
BYL,44.15,44.14,44.16,50000000.0,50000000.0,31,2026-02-03 00:55:08.609019
CLD,80.9,80.89,80.91,50000000.0,50000000.0,31,2026-02-03 00:55:08.609019
GGD,31.18,31.17,31.19,50000000.0,50000000.0,31,2026-02-03 00:55:08.609019
PNR,57.75,57.74,57.76,50000000.0,50000000.0,31,2026-02-03 00:55:08.609019
FSR,30.16,30.15,30.17,50000000.0,50000000.0,31,2026-02-03 00:55:08.609019
ATB,63.06,63.05,63.07,50000000.0,50000000.0,31,2026-02-03 00:55:08.609019
SPK,53.83,53.82,53.84,50000000.0,50000000.0,31,2026-02-03 00:55:08.609019
EEC,49.74,49.73,49.75,50000000.0,50000000.0,31,2026-02-03 00:55:08.609019
TGX,43.86,43.85,43.87,50000000.0,50000000.0,32,2026-02-03 00:55:09.662499
PHR,48.13,48.12,48.14,50000000.0,50000000.0,32,2026-02-03 00:55:09.662499
BYL,44.24,44.23,44.25,50000000.0,50000000.0,32,2026-02-03 00:55:09.662499
CLD,81.09,81.08,81.1,50000000.0,50000000.0,32,2026-02-03 00:55:09.662499
GGD,31.22,31.21,31.23,50000000.0,50000000.0,32,2026-02-03 00:55:09.662499
PNR,57.76,57.75,57.77,50000000.0,50000000.0,32,2026-02-03 00:55:09.662499
FSR,30.21,30.2,30.22,50000000.0,50000000.0,32,2026-02-03 00:55:09.662499
ATB,62.93,62.92,62.94,50000000.0,50000000.0,32,2026-02-03 00:55:09.662499
SPK,53.88,53.87,53.89,50000000.0,50000000.0,32,2026-02-03 00:55:09.662499
EEC,49.76,49.75,49.77,50000000.0,50000000.0,32,2026-02-03 00:55:09.662499
TGX,43.84,43.83,43.85,50000000.0,50000000.0,33,2026-02-03 00:55:10.717825
PHR,48.03,48.02,48.04,50000000.0,50000000.0,33,2026-02-03 00:55:10.717825
BYL,44.16,44.15,44.17,50000000.0,50000000.0,33,2026-02-03 00:55:10.717825
CLD,81.0,80.99,81.01,50000000.0,50000000.0,33,2026-02-03 00:55:10.717825
GGD,31.23,31.22,31.24,50000000.0,50000000.0,33,2026-02-03 00:55:10.717825
PNR,57.94,57.93,57.95,50000000.0,50000000.0,33,2026-02-03 00:55:10.717825
FSR,30.29,30.28,30.3,50000000.0,50000000.0,33,2026-02-03 00:55:10.717825
ATB,62.9,62.89,62.91,50000000.0,50000000.0,33,2026-02-03 00:55:10.717825
SPK,54.05,54.04,54.06,50000000.0,50000000.0,33,2026-02-03 00:55:10.717825
EEC,50.07,50.06,50.08,50000000.0,50000000.0,33,2026-02-03 00:55:10.717825
TGX,43.75,43.74,43.76,50000000.0,50000000.0,34,2026-02-03 00:55:11.779886
PHR,47.93,47.92,47.94,50000000.0,50000000.0,34,2026-02-03 00:55:11.779886
BYL,44.11,44.1,44.12,50000000.0,50000000.0,34,2026-02-03 00:55:11.779886
CLD,80.85,80.84,80.86,50000000.0,50000000.0,34,2026-02-03 00:55:11.779886
GGD,31.24,31.23,31.25,50000000.0,50000000.0,34,2026-02-03 00:55:11.779886
PNR,58.17,58.16,58.18,50000000.0,50000000.0,34,2026-02-03 00:55:11.779886
FSR,30.32,30.31,30.33,50000000.0,50000000.0,34,2026-02-03 00:55:11.779886
ATB,63.07,63.06,63.08,50000000.0,50000000.0,34,2026-02-03 00:55:11.779886
SPK,54.09,54.08,54.1,50000000.0,50000000.0,34,2026-02-03 00:55:11.779886
EEC,50.2,50.19,50.21,50000000.0,50000000.0,34,2026-02-03 00:55:11.779886
TGX,43.83,43.82,43.84,50000000.0,50000000.0,35,2026-02-03 00:55:12.819834
PHR,47.81,47.8,47.82,50000000.0,50000000.0,35,2026-02-03 00:55:12.819834
BYL,44.3,44.29,44.31,50000000.0,50000000.0,35,2026-02-03 00:55:12.819834
CLD,81.28,81.27,81.29,50000000.0,50000000.0,35,2026-02-03 00:55:12.819834
GGD,31.17,31.16,31.18,50000000.0,50000000.0,35,2026-02-03 00:55:12.819834
PNR,57.85,57.84,57.86,50000000.0,50000000.0,35,2026-02-03 00:55:12.819834
FSR,30.39,30.38,30.4,50000000.0,50000000.0,35,2026-02-03 00:55:12.819834
ATB,62.84,62.83,62.85,50000000.0,50000000.0,35,2026-02-03 00:55:12.819834
SPK,53.97,53.96,53.98,50000000.0,50000000.0,35,2026-02-03 00:55:12.819834
EEC,50.02,50.01,50.03,50000000.0,50000000.0,35,2026-02-03 00:55:12.819834
TGX,43.85,43.84,43.86,50000000.0,50000000.0,36,2026-02-03 00:55:13.852112
PHR,47.81,47.8,47.82,50000000.0,50000000.0,36,2026-02-03 00:55:13.852112
BYL,44.41,44.4,44.42,50000000.0,50000000.0,36,2026-02-03 00:55:13.852112
CLD,81.58,81.57,81.59,50000000.0,50000000.0,36,2026-02-03 00:55:13.852112
GGD,31.2,31.19,31.21,50000000.0,50000000.0,36,2026-02-03 00:55:13.852112
PNR,57.96,57.95,57.97,50000000.0,50000000.0,36,2026-02-03 00:55:13.852112
FSR,30.44,30.43,30.45,50000000.0,50000000.0,36,2026-02-03 00:55:13.852112
ATB,62.61,62.6,62.62,50000000.0,50000000.0,36,2026-02-03 00:55:13.852112
SPK,54.0,53.99,54.01,50000000.0,50000000.0,36,2026-02-03 00:55:13.852112
EEC,50.14,50.13,50.15,50000000.0,50000000.0,36,2026-02-03 00:55:13.852112
TGX,43.81,43.8,43.82,50000000.0,50000000.0,37,2026-02-03 00:55:14.886634
PHR,47.79,47.78,47.8,50000000.0,50000000.0,37,2026-02-03 00:55:14.886634
BYL,44.65,44.64,44.66,50000000.0,50000000.0,37,2026-02-03 00:55:14.886634
CLD,82.2,82.19,82.21,50000000.0,50000000.0,37,2026-02-03 00:55:14.886634
GGD,31.17,31.16,31.18,50000000.0,50000000.0,37,2026-02-03 00:55:14.886634
PNR,57.95,57.94,57.96,50000000.0,50000000.0,37,2026-02-03 00:55:14.886634
FSR,30.47,30.46,30.48,50000000.0,50000000.0,37,2026-02-03 00:55:14.886634
ATB,62.79,62.78,62.8,50000000.0,50000000.0,37,2026-02-03 00:55:14.886634
SPK,53.86,53.85,53.87,50000000.0,50000000.0,37,2026-02-03 00:55:14.886634
EEC,49.86,49.85,49.87,50000000.0,50000000.0,37,2026-02-03 00:55:14.886634
TGX,43.81,43.8,43.82,50000000.0,50000000.0,38,2026-02-03 00:55:15.921823
PHR,47.77,47.76,47.78,50000000.0,50000000.0,38,2026-02-03 00:55:15.921823
BYL,44.62,44.61,44.63,50000000.0,50000000.0,38,2026-02-03 00:55:15.921823
CLD,82.19,82.18,82.2,50000000.0,50000000.0,38,2026-02-03 00:55:15.921823
GGD,31.13,31.12,31.14,50000000.0,50000000.0,38,2026-02-03 00:55:15.921823
PNR,57.95,57.94,57.96,50000000.0,50000000.0,38,2026-02-03 00:55:15.921823
FSR,30.44,30.43,30.45,50000000.0,50000000.0,38,2026-02-03 00:55:15.921823
ATB,63.13,63.12,63.14,50000000.0,50000000.0,38,2026-02-03 00:55:15.921823
SPK,53.82,53.81,53.83,50000000.0,50000000.0,38,2026-02-03 00:55:15.921823
EEC,49.77,49.76,49.78,50000000.0,50000000.0,38,2026-02-03 00:55:15.921823
TGX,43.74,43.73,43.75,50000000.0,50000000.0,39,2026-02-03 00:55:16.954365
PHR,48.11,48.1,48.12,50000000.0,50000000.0,39,2026-02-03 00:55:16.954365
BYL,44.54,44.53,44.55,50000000.0,50000000.0,39,2026-02-03 00:55:16.954365
CLD,82.0,81.99,82.01,50000000.0,50000000.0,39,2026-02-03 00:55:16.954365
GGD,31.08,31.07,31.09,50000000.0,50000000.0,39,2026-02-03 00:55:16.954365
PNR,57.55,57.54,57.56,50000000.0,50000000.0,39,2026-02-03 00:55:16.954365
FSR,30.4,30.39,30.41,50000000.0,50000000.0,39,2026-02-03 00:55:16.954365
ATB,63.02,63.01,63.03,50000000.0,50000000.0,39,2026-02-03 00:55:16.954365
SPK,53.89,53.88,53.9,50000000.0,50000000.0,39,2026-02-03 00:55:16.954365
EEC,49.91,49.9,49.92,50000000.0,50000000.0,39,2026-02-03 00:55:16.954365
TGX,43.67,43.66,43.68,50000000.0,50000000.0,40,2026-02-03 00:55:17.490694
PHR,48.05,48.04,48.06,50000000.0,50000000.0,40,2026-02-03 00:55:17.490694
BYL,44.73,44.72,44.74,50000000.0,50000000.0,40,2026-02-03 00:55:17.490694
CLD,82.44,82.43,82.45,50000000.0,50000000.0,40,2026-02-03 00:55:17.490694
GGD,31.06,31.05,31.07,50000000.0,50000000.0,40,2026-02-03 00:55:17.490694
PNR,57.39,57.38,57.4,50000000.0,50000000.0,40,2026-02-03 00:55:17.490694
FSR,30.42,30.41,30.43,50000000.0,50000000.0,40,2026-02-03 00:55:17.490694
ATB,62.84,62.83,62.85,50000000.0,50000000.0,40,2026-02-03 00:55:17.490694
SPK,53.72,53.71,53.73,50000000.0,50000000.0,40,2026-02-03 00:55:17.490694
EEC,49.79,49.78,49.8,50000000.0,50000000.0,40,2026-02-03 00:55:17.490694
TGX,43.81,43.8,43.82,50000000.0,50000000.0,41,2026-02-03 00:55:18.532271
PHR,48.05,48.04,48.06,50000000.0,50000000.0,41,2026-02-03 00:55:18.532271
BYL,43.22,43.21,43.23,50000000.0,50000000.0,41,2026-02-03 00:55:18.532271
CLD,82.64,82.63,82.65,50000000.0,50000000.0,41,2026-02-03 00:55:18.532271
GGD,31.06,31.05,31.07,50000000.0,50000000.0,41,2026-02-03 00:55:18.532271
PNR,57.56,57.55,57.57,50000000.0,50000000.0,41,2026-02-03 00:55:18.532271
FSR,30.55,30.54,30.56,50000000.0,50000000.0,41,2026-02-03 00:55:18.532271
ATB,62.78,62.77,62.79,50000000.0,50000000.0,41,2026-02-03 00:55:18.532271
SPK,53.56,53.55,53.57,50000000.0,50000000.0,41,2026-02-03 00:55:18.532271
EEC,49.54,49.53,49.55,50000000.0,50000000.0,41,2026-02-03 00:55:18.532271
TGX,43.74,43.73,43.75,50000000.0,50000000.0,42,2026-02-03 00:55:19.571631
PHR,48.17,48.16,48.18,50000000.0,50000000.0,42,2026-02-03 00:55:19.571631
BYL,41.85,41.84,41.86,50000000.0,50000000.0,42,2026-02-03 00:55:19.571631
CLD,83.39,83.38,83.4,50000000.0,50000000.0,42,2026-02-03 00:55:19.571631
GGD,31.05,31.04,31.06,50000000.0,50000000.0,42,2026-02-03 00:55:19.571631
PNR,57.41,57.4,57.42,50000000.0,50000000.0,42,2026-02-03 00:55:19.571631
FSR,30.52,30.51,30.53,50000000.0,50000000.0,42,2026-02-03 00:55:19.571631
ATB,62.61,62.6,62.62,50000000.0,50000000.0,42,2026-02-03 00:55:19.571631
SPK,53.58,53.57,53.59,50000000.0,50000000.0,42,2026-02-03 00:55:19.571631
EEC,49.53,49.52,49.54,50000000.0,50000000.0,42,2026-02-03 00:55:19.571631
TGX,43.75,43.74,43.76,50000000.0,50000000.0,43,2026-02-03 00:55:20.608125
PHR,48.09,48.08,48.1,50000000.0,50000000.0,43,2026-02-03 00:55:20.608125
BYL,41.79,41.78,41.8,50000000.0,50000000.0,43,2026-02-03 00:55:20.608125
CLD,83.25,83.24,83.26,50000000.0,50000000.0,43,2026-02-03 00:55:20.608125
GGD,31.06,31.05,31.07,50000000.0,50000000.0,43,2026-02-03 00:55:20.608125
PNR,57.32,57.31,57.33,50000000.0,50000000.0,43,2026-02-03 00:55:20.608125
FSR,30.56,30.55,30.57,50000000.0,50000000.0,43,2026-02-03 00:55:20.608125
ATB,62.73,62.72,62.74,50000000.0,50000000.0,43,2026-02-03 00:55:20.608125
SPK,53.49,53.48,53.5,50000000.0,50000000.0,43,2026-02-03 00:55:20.608125
EEC,49.37,49.36,49.38,50000000.0,50000000.0,43,2026-02-03 00:55:20.608125
TGX,43.74,43.73,43.75,50000000.0,50000000.0,44,2026-02-03 00:55:21.640642
PHR,48.09,48.08,48.1,50000000.0,50000000.0,44,2026-02-03 00:55:21.640642
BYL,41.69,41.68,41.7,50000000.0,50000000.0,44,2026-02-03 00:55:21.640642
CLD,82.98,82.97,82.99,50000000.0,50000000.0,44,2026-02-03 00:55:21.640642
GGD,31.07,31.06,31.08,50000000.0,50000000.0,44,2026-02-03 00:55:21.640642
PNR,57.45,57.44,57.46,50000000.0,50000000.0,44,2026-02-03 00:55:21.640642
FSR,30.48,30.47,30.49,50000000.0,50000000.0,44,2026-02-03 00:55:21.640642
ATB,62.94,62.93,62.95,50000000.0,50000000.0,44,2026-02-03 00:55:21.640642
SPK,53.5,53.49,53.51,50000000.0,50000000.0,44,2026-02-03 00:55:21.640642
EEC,49.35,49.34,49.36,50000000.0,50000000.0,44,2026-02-03 00:55:21.640642
TGX,43.72,43.71,43.73,50000000.0,50000000.0,45,2026-02-03 00:55:22.689540
PHR,47.97,47.96,47.98,50000000.0,50000000.0,45,2026-02-03 00:55:22.689540
BYL,41.44,41.43,41.45,50000000.0,50000000.0,45,2026-02-03 00:55:22.689540
CLD,82.22,82.21,82.23,50000000.0,50000000.0,45,2026-02-03 00:55:22.689540
GGD,31.05,31.04,31.06,50000000.0,50000000.0,45,2026-02-03 00:55:22.689540
PNR,57.18,57.17,57.19,50000000.0,50000000.0,45,2026-02-03 00:55:22.689540
FSR,30.44,30.43,30.45,50000000.0,50000000.0,45,2026-02-03 00:55:22.689540
ATB,62.89,62.88,62.9,50000000.0,50000000.0,45,2026-02-03 00:55:22.689540
SPK,53.66,53.65,53.67,50000000.0,50000000.0,45,2026-02-03 00:55:22.689540
EEC,49.6,49.59,49.61,50000000.0,50000000.0,45,2026-02-03 00:55:22.689540
TGX,43.69,43.68,43.7,50000000.0,50000000.0,46,2026-02-03 00:55:23.776563
PHR,47.85,47.84,47.86,50000000.0,50000000.0,46,2026-02-03 00:55:23.776563
BYL,41.37,41.36,41.38,50000000.0,50000000.0,46,2026-02-03 00:55:23.776563
CLD,82.04,82.03,82.05,50000000.0,50000000.0,46,2026-02-03 00:55:23.776563
GGD,31.04,31.03,31.05,50000000.0,50000000.0,46,2026-02-03 00:55:23.776563
PNR,57.37,57.36,57.38,50000000.0,50000000.0,46,2026-02-03 00:55:23.776563
FSR,30.38,30.37,30.39,50000000.0,50000000.0,46,2026-02-03 00:55:23.776563
ATB,62.92,62.91,62.93,50000000.0,50000000.0,46,2026-02-03 00:55:23.776563
SPK,53.61,53.6,53.62,50000000.0,50000000.0,46,2026-02-03 00:55:23.776563
EEC,49.49,49.48,49.5,50000000.0,50000000.0,46,2026-02-03 00:55:23.776563
TGX,43.72,43.71,43.73,50000000.0,50000000.0,47,2026-02-03 00:55:24.819007
PHR,47.75,47.74,47.76,50000000.0,50000000.0,47,2026-02-03 00:55:24.819007
BYL,41.49,41.48,41.5,50000000.0,50000000.0,47,2026-02-03 00:55:24.819007
CLD,82.41,82.4,82.42,50000000.0,50000000.0,47,2026-02-03 00:55:24.819007
GGD,31.02,31.01,31.03,50000000.0,50000000.0,47,2026-02-03 00:55:24.819007
PNR,56.98,56.97,56.99,50000000.0,50000000.0,47,2026-02-03 00:55:24.819007
FSR,30.48,30.47,30.49,50000000.0,50000000.0,47,2026-02-03 00:55:24.819007
ATB,63.14,63.13,63.15,50000000.0,50000000.0,47,2026-02-03 00:55:24.819007
SPK,53.61,53.6,53.62,50000000.0,50000000.0,47,2026-02-03 00:55:24.819007
EEC,49.49,49.48,49.5,50000000.0,50000000.0,47,2026-02-03 00:55:24.819007
TGX,43.75,43.74,43.76,50000000.0,50000000.0,48,2026-02-03 00:55:25.863540
PHR,47.78,47.77,47.79,50000000.0,50000000.0,48,2026-02-03 00:55:25.863540
BYL,41.49,41.48,41.5,50000000.0,50000000.0,48,2026-02-03 00:55:25.863540
CLD,82.44,82.43,82.45,50000000.0,50000000.0,48,2026-02-03 00:55:25.863540
GGD,31.04,31.03,31.05,50000000.0,50000000.0,48,2026-02-03 00:55:25.863540
PNR,57.06,57.05,57.07,50000000.0,50000000.0,48,2026-02-03 00:55:25.863540
FSR,30.42,30.41,30.43,50000000.0,50000000.0,48,2026-02-03 00:55:25.863540
ATB,63.11,63.1,63.12,50000000.0,50000000.0,48,2026-02-03 00:55:25.863540
SPK,53.74,53.73,53.75,50000000.0,50000000.0,48,2026-02-03 00:55:25.863540
EEC,49.66,49.65,49.67,50000000.0,50000000.0,48,2026-02-03 00:55:25.863540
TGX,43.79,43.78,43.8,50000000.0,50000000.0,49,2026-02-03 00:55:26.905095
PHR,47.83,47.82,47.84,50000000.0,50000000.0,49,2026-02-03 00:55:26.905095
BYL,41.66,41.65,41.67,50000000.0,50000000.0,49,2026-02-03 00:55:26.905095
CLD,82.82,82.81,82.83,50000000.0,50000000.0,49,2026-02-03 00:55:26.905095
GGD,31.04,31.03,31.05,50000000.0,50000000.0,49,2026-02-03 00:55:26.905095
PNR,57.17,57.16,57.18,50000000.0,50000000.0,49,2026-02-03 00:55:26.905095
FSR,30.46,30.45,30.47,50000000.0,50000000.0,49,2026-02-03 00:55:26.905095
ATB,63.02,63.01,63.03,50000000.0,50000000.0,49,2026-02-03 00:55:26.905095
SPK,53.61,53.6,53.62,50000000.0,50000000.0,49,2026-02-03 00:55:26.905095
EEC,49.55,49.54,49.56,50000000.0,50000000.0,49,2026-02-03 00:55:26.905095
TGX,43.86,43.85,43.87,50000000.0,50000000.0,50,2026-02-03 00:55:27.943008
PHR,47.79,47.78,47.8,50000000.0,50000000.0,50,2026-02-03 00:55:27.943008
BYL,41.53,41.52,41.54,50000000.0,50000000.0,50,2026-02-03 00:55:27.943008
CLD,82.4,82.39,82.41,50000000.0,50000000.0,50,2026-02-03 00:55:27.943008
GGD,31.06,31.05,31.07,50000000.0,50000000.0,50,2026-02-03 00:55:27.943008
PNR,57.59,57.58,57.6,50000000.0,50000000.0,50,2026-02-03 00:55:27.943008
FSR,30.43,30.42,30.44,50000000.0,50000000.0,50,2026-02-03 00:55:27.943008
ATB,63.13,63.12,63.14,50000000.0,50000000.0,50,2026-02-03 00:55:27.943008
SPK,53.58,53.57,53.59,50000000.0,50000000.0,50,2026-02-03 00:55:27.943008
EEC,49.57,49.56,49.58,50000000.0,50000000.0,50,2026-02-03 00:55:27.943008
TGX,43.83,43.82,43.84,50000000.0,50000000.0,51,2026-02-03 00:55:28.980491
PHR,47.7,47.69,47.71,50000000.0,50000000.0,51,2026-02-03 00:55:28.980491
BYL,41.57,41.56,41.58,50000000.0,50000000.0,51,2026-02-03 00:55:28.980491
CLD,82.57,82.56,82.58,50000000.0,50000000.0,51,2026-02-03 00:55:28.980491
GGD,31.13,31.12,31.14,50000000.0,50000000.0,51,2026-02-03 00:55:28.980491
PNR,57.81,57.8,57.82,50000000.0,50000000.0,51,2026-02-03 00:55:28.980491
FSR,30.41,30.4,30.42,50000000.0,50000000.0,51,2026-02-03 00:55:28.980491
ATB,62.99,62.98,63.0,50000000.0,50000000.0,51,2026-02-03 00:55:28.980491
SPK,53.59,53.58,53.6,50000000.0,50000000.0,51,2026-02-03 00:55:28.980491
EEC,49.69,49.68,49.7,50000000.0,50000000.0,51,2026-02-03 00:55:28.980491
TGX,43.79,43.78,43.8,50000000.0,50000000.0,52,2026-02-03 00:55:30.017669
PHR,47.82,47.81,47.83,50000000.0,50000000.0,52,2026-02-03 00:55:30.017669
BYL,41.41,41.4,41.42,50000000.0,50000000.0,52,2026-02-03 00:55:30.017669
CLD,82.16,82.15,82.17,50000000.0,50000000.0,52,2026-02-03 00:55:30.017669
GGD,31.15,31.14,31.16,50000000.0,50000000.0,52,2026-02-03 00:55:30.017669
PNR,57.58,57.57,57.59,50000000.0,50000000.0,52,2026-02-03 00:55:30.017669
FSR,30.45,30.44,30.46,50000000.0,50000000.0,52,2026-02-03 00:55:30.017669
ATB,63.07,63.06,63.08,50000000.0,50000000.0,52,2026-02-03 00:55:30.017669
SPK,53.6,53.59,53.61,50000000.0,50000000.0,52,2026-02-03 00:55:30.017669
EEC,49.79,49.78,49.8,50000000.0,50000000.0,52,2026-02-03 00:55:30.017669
TGX,43.78,43.77,43.79,50000000.0,50000000.0,53,2026-02-03 00:55:30.544667
PHR,47.58,47.57,47.59,50000000.0,50000000.0,53,2026-02-03 00:55:30.544667
BYL,41.51,41.5,41.52,50000000.0,50000000.0,53,2026-02-03 00:55:30.544667
CLD,82.47,82.46,82.48,50000000.0,50000000.0,53,2026-02-03 00:55:30.544667
GGD,31.16,31.15,31.17,50000000.0,50000000.0,53,2026-02-03 00:55:30.544667
PNR,57.21,57.2,57.22,50000000.0,50000000.0,53,2026-02-03 00:55:30.544667
FSR,30.48,30.47,30.49,50000000.0,50000000.0,53,2026-02-03 00:55:30.544667
ATB,63.17,63.16,63.18,50000000.0,50000000.0,53,2026-02-03 00:55:30.544667
SPK,53.68,53.67,53.69,50000000.0,50000000.0,53,2026-02-03 00:55:30.544667
EEC,49.94,49.93,49.95,50000000.0,50000000.0,53,2026-02-03 00:55:30.544667
TGX,43.72,43.71,43.73,50000000.0,50000000.0,54,2026-02-03 00:55:31.577895
PHR,47.29,47.28,47.3,50000000.0,50000000.0,54,2026-02-03 00:55:31.577895
BYL,41.43,41.42,41.44,50000000.0,50000000.0,54,2026-02-03 00:55:31.577895
CLD,82.21,82.2,82.22,50000000.0,50000000.0,54,2026-02-03 00:55:31.577895
GGD,31.16,31.15,31.17,50000000.0,50000000.0,54,2026-02-03 00:55:31.577895
PNR,57.04,57.03,57.05,50000000.0,50000000.0,54,2026-02-03 00:55:31.577895
FSR,30.56,30.55,30.57,50000000.0,50000000.0,54,2026-02-03 00:55:31.577895
ATB,62.74,62.73,62.75,50000000.0,50000000.0,54,2026-02-03 00:55:31.577895
SPK,53.76,53.75,53.77,50000000.0,50000000.0,54,2026-02-03 00:55:31.577895
EEC,50.03,50.02,50.04,50000000.0,50000000.0,54,2026-02-03 00:55:31.577895
TGX,43.7,43.69,43.71,50000000.0,50000000.0,55,2026-02-03 00:55:32.615817
PHR,47.36,47.35,47.37,50000000.0,50000000.0,55,2026-02-03 00:55:32.615817
BYL,41.62,41.61,41.63,50000000.0,50000000.0,55,2026-02-03 00:55:32.615817
CLD,82.73,82.72,82.74,50000000.0,50000000.0,55,2026-02-03 00:55:32.615817
GGD,31.23,31.22,31.24,50000000.0,50000000.0,55,2026-02-03 00:55:32.615817
PNR,57.14,57.13,57.15,50000000.0,50000000.0,55,2026-02-03 00:55:32.615817
FSR,30.53,30.52,30.54,50000000.0,50000000.0,55,2026-02-03 00:55:32.615817
ATB,62.67,62.66,62.68,50000000.0,50000000.0,55,2026-02-03 00:55:32.615817
SPK,53.54,53.53,53.55,50000000.0,50000000.0,55,2026-02-03 00:55:32.615817
EEC,49.72,49.71,49.73,50000000.0,50000000.0,55,2026-02-03 00:55:32.615817
TGX,43.63,43.62,43.64,50000000.0,50000000.0,56,2026-02-03 00:55:33.651516
PHR,47.2,47.19,47.21,50000000.0,50000000.0,56,2026-02-03 00:55:33.651516
BYL,41.61,41.6,41.62,50000000.0,50000000.0,56,2026-02-03 00:55:33.651516
CLD,82.57,82.56,82.58,50000000.0,50000000.0,56,2026-02-03 00:55:33.651516
GGD,31.2,31.19,31.21,50000000.0,50000000.0,56,2026-02-03 00:55:33.651516
PNR,56.86,56.85,56.87,50000000.0,50000000.0,56,2026-02-03 00:55:33.651516
FSR,30.52,30.51,30.53,50000000.0,50000000.0,56,2026-02-03 00:55:33.651516
ATB,62.9,62.89,62.91,50000000.0,50000000.0,56,2026-02-03 00:55:33.651516
SPK,53.61,53.6,53.62,50000000.0,50000000.0,56,2026-02-03 00:55:33.651516
EEC,49.73,49.72,49.74,50000000.0,50000000.0,56,2026-02-03 00:55:33.651516
TGX,43.66,43.65,43.67,50000000.0,50000000.0,57,2026-02-03 00:55:34.682918
PHR,47.3,47.29,47.31,50000000.0,50000000.0,57,2026-02-03 00:55:34.682918
BYL,41.52,41.51,41.53,50000000.0,50000000.0,57,2026-02-03 00:55:34.682918
CLD,82.42,82.41,82.43,50000000.0,50000000.0,57,2026-02-03 00:55:34.682918
GGD,31.24,31.23,31.25,50000000.0,50000000.0,57,2026-02-03 00:55:34.682918
PNR,57.43,57.42,57.44,50000000.0,50000000.0,57,2026-02-03 00:55:34.682918
FSR,30.63,30.62,30.64,50000000.0,50000000.0,57,2026-02-03 00:55:34.682918
ATB,62.74,62.73,62.75,50000000.0,50000000.0,57,2026-02-03 00:55:34.682918
SPK,53.59,53.58,53.6,50000000.0,50000000.0,57,2026-02-03 00:55:34.682918
EEC,49.74,49.73,49.75,50000000.0,50000000.0,57,2026-02-03 00:55:34.682918
TGX,43.7,43.69,43.71,50000000.0,50000000.0,58,2026-02-03 00:55:35.720992
PHR,47.33,47.32,47.34,50000000.0,50000000.0,58,2026-02-03 00:55:35.720992
BYL,41.37,41.36,41.38,50000000.0,50000000.0,58,2026-02-03 00:55:35.720992
CLD,81.98,81.97,81.99,50000000.0,50000000.0,58,2026-02-03 00:55:35.720992
GGD,31.22,31.21,31.23,50000000.0,50000000.0,58,2026-02-03 00:55:35.720992
PNR,57.52,57.51,57.53,50000000.0,50000000.0,58,2026-02-03 00:55:35.720992
FSR,30.62,30.61,30.63,50000000.0,50000000.0,58,2026-02-03 00:55:35.720992
ATB,62.42,62.41,62.43,50000000.0,50000000.0,58,2026-02-03 00:55:35.720992
SPK,53.65,53.64,53.66,50000000.0,50000000.0,58,2026-02-03 00:55:35.720992
EEC,49.78,49.77,49.79,50000000.0,50000000.0,58,2026-02-03 00:55:35.720992
TGX,43.67,43.66,43.68,50000000.0,50000000.0,59,2026-02-03 00:55:36.764763
PHR,47.48,47.47,47.49,50000000.0,50000000.0,59,2026-02-03 00:55:36.764763
BYL,41.46,41.45,41.47,50000000.0,50000000.0,59,2026-02-03 00:55:36.764763
CLD,82.22,82.21,82.23,50000000.0,50000000.0,59,2026-02-03 00:55:36.764763
GGD,31.25,31.24,31.26,50000000.0,50000000.0,59,2026-02-03 00:55:36.764763
PNR,57.47,57.46,57.48,50000000.0,50000000.0,59,2026-02-03 00:55:36.764763
FSR,30.67,30.66,30.68,50000000.0,50000000.0,59,2026-02-03 00:55:36.764763
ATB,62.54,62.53,62.55,50000000.0,50000000.0,59,2026-02-03 00:55:36.764763
SPK,53.59,53.58,53.6,50000000.0,50000000.0,59,2026-02-03 00:55:36.764763
EEC,49.7,49.69,49.71,50000000.0,50000000.0,59,2026-02-03 00:55:36.764763
TGX,43.68,43.67,43.69,50000000.0,50000000.0,60,2026-02-03 00:55:37.812694
PHR,47.42,47.41,47.43,50000000.0,50000000.0,60,2026-02-03 00:55:37.812694
BYL,41.44,41.43,41.45,50000000.0,50000000.0,60,2026-02-03 00:55:37.812694
CLD,82.27,82.26,82.28,50000000.0,50000000.0,60,2026-02-03 00:55:37.812694
GGD,31.22,31.21,31.23,50000000.0,50000000.0,60,2026-02-03 00:55:37.812694
PNR,57.48,57.47,57.49,50000000.0,50000000.0,60,2026-02-03 00:55:37.812694
FSR,30.73,30.72,30.74,50000000.0,50000000.0,60,2026-02-03 00:55:37.812694
ATB,62.43,62.42,62.44,50000000.0,50000000.0,60,2026-02-03 00:55:37.812694
SPK,53.49,53.48,53.5,50000000.0,50000000.0,60,2026-02-03 00:55:37.812694
EEC,49.6,49.59,49.61,50000000.0,50000000.0,60,2026-02-03 00:55:37.812694
TGX,43.66,43.65,43.67,50000000.0,50000000.0,61,2026-02-03 00:55:38.869523
PHR,47.07,47.06,47.08,50000000.0,50000000.0,61,2026-02-03 00:55:38.869523
BYL,41.26,41.25,41.27,50000000.0,50000000.0,61,2026-02-03 00:55:38.869523
CLD,81.86,81.85,81.87,50000000.0,50000000.0,61,2026-02-03 00:55:38.869523
GGD,31.24,31.23,31.25,50000000.0,50000000.0,61,2026-02-03 00:55:38.869523
PNR,57.37,57.36,57.38,50000000.0,50000000.0,61,2026-02-03 00:55:38.869523
FSR,30.69,30.68,30.7,50000000.0,50000000.0,61,2026-02-03 00:55:38.869523
ATB,62.38,62.37,62.39,50000000.0,50000000.0,61,2026-02-03 00:55:38.869523
SPK,53.39,53.38,53.4,50000000.0,50000000.0,61,2026-02-03 00:55:38.869523
EEC,49.39,49.38,49.4,50000000.0,50000000.0,61,2026-02-03 00:55:38.869523
TGX,43.67,43.66,43.68,50000000.0,50000000.0,62,2026-02-03 00:55:39.915511
PHR,47.22,47.21,47.23,50000000.0,50000000.0,62,2026-02-03 00:55:39.915511
BYL,41.38,41.37,41.39,50000000.0,50000000.0,62,2026-02-03 00:55:39.915511
CLD,82.09,82.08,82.1,50000000.0,50000000.0,62,2026-02-03 00:55:39.915511
GGD,31.2,31.19,31.21,50000000.0,50000000.0,62,2026-02-03 00:55:39.915511
PNR,56.74,56.73,56.75,50000000.0,50000000.0,62,2026-02-03 00:55:39.915511
FSR,30.74,30.73,30.75,50000000.0,50000000.0,62,2026-02-03 00:55:39.915511
ATB,62.47,62.46,62.48,50000000.0,50000000.0,62,2026-02-03 00:55:39.915511
SPK,53.38,53.37,53.39,50000000.0,50000000.0,62,2026-02-03 00:55:39.915511
EEC,49.23,49.22,49.24,50000000.0,50000000.0,62,2026-02-03 00:55:39.915511
TGX,43.69,43.68,43.7,50000000.0,50000000.0,63,2026-02-03 00:55:40.954964
PHR,47.01,47.0,47.02,50000000.0,50000000.0,63,2026-02-03 00:55:40.954964
BYL,41.47,41.46,41.48,50000000.0,50000000.0,63,2026-02-03 00:55:40.954964
CLD,82.27,82.26,82.28,50000000.0,50000000.0,63,2026-02-03 00:55:40.954964
GGD,31.2,31.19,31.21,50000000.0,50000000.0,63,2026-02-03 00:55:40.954964
PNR,56.54,56.53,56.55,50000000.0,50000000.0,63,2026-02-03 00:55:40.954964
FSR,30.67,30.66,30.68,50000000.0,50000000.0,63,2026-02-03 00:55:40.954964
ATB,62.52,62.51,62.53,50000000.0,50000000.0,63,2026-02-03 00:55:40.954964
SPK,53.55,53.54,53.56,50000000.0,50000000.0,63,2026-02-03 00:55:40.954964
EEC,49.45,49.44,49.46,50000000.0,50000000.0,63,2026-02-03 00:55:40.954964
TGX,43.69,43.68,43.7,50000000.0,50000000.0,64,2026-02-03 00:55:41.993708
PHR,47.19,47.18,47.2,50000000.0,50000000.0,64,2026-02-03 00:55:41.993708
BYL,41.34,41.33,41.35,50000000.0,50000000.0,64,2026-02-03 00:55:41.993708
CLD,81.91,81.9,81.92,50000000.0,50000000.0,64,2026-02-03 00:55:41.993708
GGD,31.2,31.19,31.21,50000000.0,50000000.0,64,2026-02-03 00:55:41.993708
PNR,56.4,56.39,56.41,50000000.0,50000000.0,64,2026-02-03 00:55:41.993708
FSR,30.67,30.66,30.68,50000000.0,50000000.0,64,2026-02-03 00:55:41.993708
ATB,62.56,62.55,62.57,50000000.0,50000000.0,64,2026-02-03 00:55:41.993708
SPK,53.46,53.45,53.47,50000000.0,50000000.0,64,2026-02-03 00:55:41.993708
EEC,49.36,49.35,49.37,50000000.0,50000000.0,64,2026-02-03 00:55:41.993708
TGX,43.81,43.8,43.82,50000000.0,50000000.0,65,2026-02-03 00:55:43.032142
PHR,47.07,47.06,47.08,50000000.0,50000000.0,65,2026-02-03 00:55:43.032142
BYL,41.08,41.07,41.09,50000000.0,50000000.0,65,2026-02-03 00:55:43.032142
CLD,81.15,81.14,81.16,50000000.0,50000000.0,65,2026-02-03 00:55:43.032142
GGD,31.24,31.23,31.25,50000000.0,50000000.0,65,2026-02-03 00:55:43.032142
PNR,56.74,56.73,56.75,50000000.0,50000000.0,65,2026-02-03 00:55:43.032142
FSR,30.58,30.57,30.59,50000000.0,50000000.0,65,2026-02-03 00:55:43.032142
ATB,62.65,62.64,62.66,50000000.0,50000000.0,65,2026-02-03 00:55:43.032142
SPK,53.38,53.37,53.39,50000000.0,50000000.0,65,2026-02-03 00:55:43.032142
EEC,49.18,49.17,49.19,50000000.0,50000000.0,65,2026-02-03 00:55:43.032142
TGX,43.82,43.81,43.83,50000000.0,50000000.0,66,2026-02-03 00:55:44.069208
PHR,47.03,47.02,47.04,50000000.0,50000000.0,66,2026-02-03 00:55:44.069208
BYL,41.03,41.02,41.04,50000000.0,50000000.0,66,2026-02-03 00:55:44.069208
CLD,80.95,80.94,80.96,50000000.0,50000000.0,66,2026-02-03 00:55:44.069208
GGD,31.19,31.18,31.2,50000000.0,50000000.0,66,2026-02-03 00:55:44.069208
PNR,56.67,56.66,56.68,50000000.0,50000000.0,66,2026-02-03 00:55:44.069208
FSR,30.52,30.51,30.53,50000000.0,50000000.0,66,2026-02-03 00:55:44.069208
ATB,62.39,62.38,62.4,50000000.0,50000000.0,66,2026-02-03 00:55:44.069208
SPK,53.29,53.28,53.3,50000000.0,50000000.0,66,2026-02-03 00:55:44.069208
EEC,49.06,49.05,49.07,50000000.0,50000000.0,66,2026-02-03 00:55:44.069208
TGX,43.8,43.79,43.81,50000000.0,50000000.0,67,2026-02-03 00:55:45.101018
PHR,46.81,46.8,46.82,50000000.0,50000000.0,67,2026-02-03 00:55:45.101018
BYL,40.95,40.94,40.96,50000000.0,50000000.0,67,2026-02-03 00:55:45.101018
CLD,80.63,80.62,80.64,50000000.0,50000000.0,67,2026-02-03 00:55:45.101018
GGD,31.18,31.17,31.19,50000000.0,50000000.0,67,2026-02-03 00:55:45.101018
PNR,56.33,56.32,56.34,50000000.0,50000000.0,67,2026-02-03 00:55:45.101018
FSR,30.53,30.52,30.54,50000000.0,50000000.0,67,2026-02-03 00:55:45.101018
ATB,62.07,62.06,62.08,50000000.0,50000000.0,67,2026-02-03 00:55:45.101018
SPK,53.35,53.34,53.36,50000000.0,50000000.0,67,2026-02-03 00:55:45.101018
EEC,49.31,49.3,49.32,50000000.0,50000000.0,67,2026-02-03 00:55:45.101018
TGX,43.8,43.79,43.81,50000000.0,50000000.0,68,2026-02-03 00:55:46.136954
PHR,46.74,46.73,46.75,50000000.0,50000000.0,68,2026-02-03 00:55:46.136954
BYL,40.89,40.88,40.9,50000000.0,50000000.0,68,2026-02-03 00:55:46.136954
CLD,80.39,80.38,80.4,50000000.0,50000000.0,68,2026-02-03 00:55:46.136954
GGD,31.18,31.17,31.19,50000000.0,50000000.0,68,2026-02-03 00:55:46.136954
PNR,56.1,56.09,56.11,50000000.0,50000000.0,68,2026-02-03 00:55:46.136954
FSR,30.53,30.52,30.54,50000000.0,50000000.0,68,2026-02-03 00:55:46.136954
ATB,61.83,61.82,61.84,50000000.0,50000000.0,68,2026-02-03 00:55:46.136954
SPK,53.47,53.46,53.48,50000000.0,50000000.0,68,2026-02-03 00:55:46.136954
EEC,49.44,49.43,49.45,50000000.0,50000000.0,68,2026-02-03 00:55:46.136954
TGX,43.88,43.87,43.89,50000000.0,50000000.0,69,2026-02-03 00:55:46.675682
PHR,46.79,46.78,46.8,50000000.0,50000000.0,69,2026-02-03 00:55:46.675682
BYL,40.86,40.85,40.87,50000000.0,50000000.0,69,2026-02-03 00:55:46.675682
CLD,80.38,80.37,80.39,50000000.0,50000000.0,69,2026-02-03 00:55:46.675682
GGD,31.18,31.17,31.19,50000000.0,50000000.0,69,2026-02-03 00:55:46.675682
PNR,56.12,56.11,56.13,50000000.0,50000000.0,69,2026-02-03 00:55:46.675682
FSR,30.5,30.49,30.51,50000000.0,50000000.0,69,2026-02-03 00:55:46.675682
ATB,62.16,62.15,62.17,50000000.0,50000000.0,69,2026-02-03 00:55:46.675682
SPK,53.61,53.6,53.62,50000000.0,50000000.0,69,2026-02-03 00:55:46.675682
EEC,49.66,49.65,49.67,50000000.0,50000000.0,69,2026-02-03 00:55:46.675682
TGX,43.96,43.95,43.97,50000000.0,50000000.0,70,2026-02-03 00:55:47.718712
PHR,46.58,46.57,46.59,50000000.0,50000000.0,70,2026-02-03 00:55:47.718712
BYL,40.96,40.95,40.97,50000000.0,50000000.0,70,2026-02-03 00:55:47.718712
CLD,80.7,80.69,80.71,50000000.0,50000000.0,70,2026-02-03 00:55:47.718712
GGD,31.16,31.15,31.17,50000000.0,50000000.0,70,2026-02-03 00:55:47.718712
PNR,56.37,56.36,56.38,50000000.0,50000000.0,70,2026-02-03 00:55:47.718712
FSR,30.49,30.48,30.5,50000000.0,50000000.0,70,2026-02-03 00:55:47.718712
ATB,61.89,61.88,61.9,50000000.0,50000000.0,70,2026-02-03 00:55:47.718712
SPK,53.66,53.65,53.67,50000000.0,50000000.0,70,2026-02-03 00:55:47.718712
EEC,49.83,49.82,49.84,50000000.0,50000000.0,70,2026-02-03 00:55:47.718712
TGX,44.05,44.04,44.06,50000000.0,50000000.0,71,2026-02-03 00:55:48.766807
PHR,46.65,46.64,46.66,50000000.0,50000000.0,71,2026-02-03 00:55:48.766807
BYL,40.9,40.89,40.91,50000000.0,50000000.0,71,2026-02-03 00:55:48.766807
CLD,80.53,80.52,80.54,50000000.0,50000000.0,71,2026-02-03 00:55:48.766807
GGD,31.17,31.16,31.18,50000000.0,50000000.0,71,2026-02-03 00:55:48.766807
PNR,56.45,56.44,56.46,50000000.0,50000000.0,71,2026-02-03 00:55:48.766807
FSR,30.55,30.54,30.56,50000000.0,50000000.0,71,2026-02-03 00:55:48.766807
ATB,61.6,61.59,61.61,50000000.0,50000000.0,71,2026-02-03 00:55:48.766807
SPK,53.65,53.64,53.66,50000000.0,50000000.0,71,2026-02-03 00:55:48.766807
EEC,49.86,49.85,49.87,50000000.0,50000000.0,71,2026-02-03 00:55:48.766807
TGX,44.02,44.01,44.03,50000000.0,50000000.0,72,2026-02-03 00:55:49.804914
PHR,46.46,46.45,46.47,50000000.0,50000000.0,72,2026-02-03 00:55:49.804914
BYL,40.8,40.79,40.81,50000000.0,50000000.0,72,2026-02-03 00:55:49.804914
CLD,80.26,80.25,80.27,50000000.0,50000000.0,72,2026-02-03 00:55:49.804914
GGD,31.19,31.18,31.2,50000000.0,50000000.0,72,2026-02-03 00:55:49.804914
PNR,56.46,56.45,56.47,50000000.0,50000000.0,72,2026-02-03 00:55:49.804914
FSR,30.5,30.49,30.51,50000000.0,50000000.0,72,2026-02-03 00:55:49.804914
ATB,61.17,61.16,61.18,50000000.0,50000000.0,72,2026-02-03 00:55:49.804914
SPK,53.53,53.52,53.54,50000000.0,50000000.0,72,2026-02-03 00:55:49.804914
EEC,49.69,49.68,49.7,50000000.0,50000000.0,72,2026-02-03 00:55:49.804914
TGX,43.98,43.97,43.99,50000000.0,50000000.0,73,2026-02-03 00:55:50.862529
PHR,46.26,46.25,46.27,50000000.0,50000000.0,73,2026-02-03 00:55:50.862529
BYL,40.9,40.89,40.91,50000000.0,50000000.0,73,2026-02-03 00:55:50.862529
CLD,80.43,80.42,80.44,50000000.0,50000000.0,73,2026-02-03 00:55:50.862529
GGD,31.15,31.14,31.16,50000000.0,50000000.0,73,2026-02-03 00:55:50.862529
PNR,56.47,56.46,56.48,50000000.0,50000000.0,73,2026-02-03 00:55:50.862529
FSR,30.49,30.48,30.5,50000000.0,50000000.0,73,2026-02-03 00:55:50.862529
ATB,61.1,61.09,61.11,50000000.0,50000000.0,73,2026-02-03 00:55:50.862529
SPK,53.61,53.6,53.62,50000000.0,50000000.0,73,2026-02-03 00:55:50.862529
EEC,49.78,49.77,49.79,50000000.0,50000000.0,73,2026-02-03 00:55:50.862529
TGX,43.88,43.87,43.89,50000000.0,50000000.0,74,2026-02-03 00:55:51.925409
PHR,46.35,46.34,46.36,50000000.0,50000000.0,74,2026-02-03 00:55:51.925409
BYL,40.84,40.83,40.85,50000000.0,50000000.0,74,2026-02-03 00:55:51.925409
CLD,80.34,80.33,80.35,50000000.0,50000000.0,74,2026-02-03 00:55:51.925409
GGD,31.13,31.12,31.14,50000000.0,50000000.0,74,2026-02-03 00:55:51.925409
PNR,56.54,56.53,56.55,50000000.0,50000000.0,74,2026-02-03 00:55:51.925409
FSR,30.44,30.43,30.45,50000000.0,50000000.0,74,2026-02-03 00:55:51.925409
ATB,61.28,61.27,61.29,50000000.0,50000000.0,74,2026-02-03 00:55:51.925409
SPK,53.62,53.61,53.63,50000000.0,50000000.0,74,2026-02-03 00:55:51.925409
EEC,49.95,49.94,49.96,50000000.0,50000000.0,74,2026-02-03 00:55:51.925409
TGX,44.01,44.0,44.02,50000000.0,50000000.0,75,2026-02-03 00:55:52.979153
PHR,46.14,46.13,46.15,50000000.0,50000000.0,75,2026-02-03 00:55:52.979153
BYL,40.92,40.91,40.93,50000000.0,50000000.0,75,2026-02-03 00:55:52.979153
CLD,80.55,80.54,80.56,50000000.0,50000000.0,75,2026-02-03 00:55:52.979153
GGD,31.11,31.1,31.12,50000000.0,50000000.0,75,2026-02-03 00:55:52.979153
PNR,56.65,56.64,56.66,50000000.0,50000000.0,75,2026-02-03 00:55:52.979153
FSR,30.51,30.5,30.52,50000000.0,50000000.0,75,2026-02-03 00:55:52.979153
ATB,61.46,61.45,61.47,50000000.0,50000000.0,75,2026-02-03 00:55:52.979153
SPK,53.59,53.58,53.6,50000000.0,50000000.0,75,2026-02-03 00:55:52.979153
EEC,49.75,49.74,49.76,50000000.0,50000000.0,75,2026-02-03 00:55:52.979153
TGX,43.93,43.92,43.94,50000000.0,50000000.0,76,2026-02-03 00:55:54.027300,3.0,1.0,75.0,D2-BYL/CLD,FTC Staff Holds Technical Working Session,"Staff from the FTC convened a technical working session with advisors to both ByteLayer and CloudSys to discuss outstanding questions regarding the proposed transaction. The agenda and tone of the meeting have not been disclosed. Some regulatory specialists interpret the session as constructive engagement, while others note that such meetings can also precede formal requests for additional information or remedies."
PHR,46.13,46.12,46.14,50000000.0,50000000.0,76,2026-02-03 00:55:54.027300,,,,,,
BYL,40.73,40.72,40.74,50000000.0,50000000.0,76,2026-02-03 00:55:54.027300,,,,,,
CLD,80.08,80.07,80.09,50000000.0,50000000.0,76,2026-02-03 00:55:54.027300,,,,,,
GGD,31.08,31.07,31.09,50000000.0,50000000.0,76,2026-02-03 00:55:54.027300,,,,,,
PNR,56.73,56.72,56.74,50000000.0,50000000.0,76,2026-02-03 00:55:54.027300,,,,,,
FSR,30.61,30.6,30.62,50000000.0,50000000.0,76,2026-02-03 00:55:54.027300,,,,,,
ATB,61.23,61.22,61.24,50000000.0,50000000.0,76,2026-02-03 00:55:54.027300,,,,,,
SPK,53.6,53.59,53.61,50000000.0,50000000.0,76,2026-02-03 00:55:54.027300,,,,,,
EEC,49.85,49.84,49.86,50000000.0,50000000.0,76,2026-02-03 00:55:54.027300,,,,,,
TGX,43.93,43.92,43.94,50000000.0,50000000.0,77,2026-02-03 00:55:55.071417
PHR,46.01,46.0,46.02,50000000.0,50000000.0,77,2026-02-03 00:55:55.071417
BYL,40.66,40.65,40.67,50000000.0,50000000.0,77,2026-02-03 00:55:55.071417
CLD,79.93,79.92,79.94,50000000.0,50000000.0,77,2026-02-03 00:55:55.071417
GGD,31.05,31.04,31.06,50000000.0,50000000.0,77,2026-02-03 00:55:55.071417
PNR,56.7,56.69,56.71,50000000.0,50000000.0,77,2026-02-03 00:55:55.071417
FSR,30.69,30.68,30.7,50000000.0,50000000.0,77,2026-02-03 00:55:55.071417
ATB,61.1,61.09,61.11,50000000.0,50000000.0,77,2026-02-03 00:55:55.071417
SPK,53.51,53.5,53.52,50000000.0,50000000.0,77,2026-02-03 00:55:55.071417
EEC,49.82,49.81,49.83,50000000.0,50000000.0,77,2026-02-03 00:55:55.071417
TGX,43.93,43.92,43.94,50000000.0,50000000.0,78,2026-02-03 00:55:56.112491
PHR,45.97,45.96,45.98,50000000.0,50000000.0,78,2026-02-03 00:55:56.112491
BYL,40.71,40.7,40.72,50000000.0,50000000.0,78,2026-02-03 00:55:56.112491
CLD,80.15,80.14,80.16,50000000.0,50000000.0,78,2026-02-03 00:55:56.112491
GGD,30.97,30.96,30.98,50000000.0,50000000.0,78,2026-02-03 00:55:56.112491
PNR,56.31,56.3,56.32,50000000.0,50000000.0,78,2026-02-03 00:55:56.112491
FSR,30.65,30.64,30.66,50000000.0,50000000.0,78,2026-02-03 00:55:56.112491
ATB,61.09,61.08,61.1,50000000.0,50000000.0,78,2026-02-03 00:55:56.112491
SPK,53.55,53.54,53.56,50000000.0,50000000.0,78,2026-02-03 00:55:56.112491
EEC,49.88,49.87,49.89,50000000.0,50000000.0,78,2026-02-03 00:55:56.112491
TGX,43.87,43.86,43.88,50000000.0,50000000.0,79,2026-02-03 00:55:57.158367
PHR,45.99,45.98,46.0,50000000.0,50000000.0,79,2026-02-03 00:55:57.158367
BYL,40.78,40.77,40.79,50000000.0,50000000.0,79,2026-02-03 00:55:57.158367
CLD,80.35,80.34,80.36,50000000.0,50000000.0,79,2026-02-03 00:55:57.158367
GGD,30.96,30.95,30.97,50000000.0,50000000.0,79,2026-02-03 00:55:57.158367
PNR,56.29,56.28,56.3,50000000.0,50000000.0,79,2026-02-03 00:55:57.158367
FSR,30.57,30.56,30.58,50000000.0,50000000.0,79,2026-02-03 00:55:57.158367
ATB,61.01,61.0,61.02,50000000.0,50000000.0,79,2026-02-03 00:55:57.158367
SPK,53.48,53.47,53.49,50000000.0,50000000.0,79,2026-02-03 00:55:57.158367
EEC,49.74,49.73,49.75,50000000.0,50000000.0,79,2026-02-03 00:55:57.158367
TGX,43.94,43.93,43.95,50000000.0,50000000.0,80,2026-02-03 00:55:58.197818
PHR,46.12,46.11,46.13,50000000.0,50000000.0,80,2026-02-03 00:55:58.197818
BYL,40.72,40.71,40.73,50000000.0,50000000.0,80,2026-02-03 00:55:58.197818
CLD,80.18,80.17,80.19,50000000.0,50000000.0,80,2026-02-03 00:55:58.197818
GGD,30.94,30.93,30.95,50000000.0,50000000.0,80,2026-02-03 00:55:58.197818
PNR,56.18,56.17,56.19,50000000.0,50000000.0,80,2026-02-03 00:55:58.197818
FSR,30.57,30.56,30.58,50000000.0,50000000.0,80,2026-02-03 00:55:58.197818
ATB,60.98,60.97,60.99,50000000.0,50000000.0,80,2026-02-03 00:55:58.197818
SPK,53.49,53.48,53.5,50000000.0,50000000.0,80,2026-02-03 00:55:58.197818
EEC,49.6,49.59,49.61,50000000.0,50000000.0,80,2026-02-03 00:55:58.197818
TGX,43.96,43.95,43.97,50000000.0,50000000.0,81,2026-02-03 00:55:59.233120,5.0,1.0,80.0,D4-FSR/ATB,Senior Notes Offering Successful,"Atlas successfully prices $4.5B senior notes across 5, 7, and 10-year maturities."
PHR,46.07,46.06,46.08,50000000.0,50000000.0,81,2026-02-03 00:55:59.233120,4.0,1.0,80.0,D2-BYL/CLD,ByteLayer Sets Shareholder Meeting Date,"Special meeting scheduled for 60 days to vote on merger, proxy materials to be distributed shortly."
BYL,40.81,40.8,40.82,50000000.0,50000000.0,81,2026-02-03 00:55:59.233120,,,,,,
CLD,80.43,80.42,80.44,50000000.0,50000000.0,81,2026-02-03 00:55:59.233120,,,,,,
GGD,30.91,30.9,30.92,50000000.0,50000000.0,81,2026-02-03 00:55:59.233120,,,,,,
PNR,56.27,56.26,56.28,50000000.0,50000000.0,81,2026-02-03 00:55:59.233120,,,,,,
FSR,30.53,30.52,30.54,50000000.0,50000000.0,81,2026-02-03 00:55:59.233120,,,,,,
ATB,60.84,60.83,60.85,50000000.0,50000000.0,81,2026-02-03 00:55:59.233120,,,,,,
SPK,53.36,53.35,53.37,50000000.0,50000000.0,81,2026-02-03 00:55:59.233120,,,,,,
EEC,49.39,49.38,49.4,50000000.0,50000000.0,81,2026-02-03 00:55:59.233120,,,,,,
TGX,43.93,43.92,43.94,50000000.0,50000000.0,82,2026-02-03 00:55:59.775105
PHR,46.04,46.03,46.05,50000000.0,50000000.0,82,2026-02-03 00:55:59.775105
BYL,40.72,40.71,40.73,50000000.0,50000000.0,82,2026-02-03 00:55:59.775105
CLD,80.21,80.2,80.22,50000000.0,50000000.0,82,2026-02-03 00:55:59.775105
GGD,30.91,30.9,30.92,50000000.0,50000000.0,82,2026-02-03 00:55:59.775105
PNR,56.07,56.06,56.08,50000000.0,50000000.0,82,2026-02-03 00:55:59.775105
FSR,30.6,30.59,30.61,50000000.0,50000000.0,82,2026-02-03 00:55:59.775105
ATB,61.03,61.02,61.04,50000000.0,50000000.0,82,2026-02-03 00:55:59.775105
SPK,53.24,53.23,53.25,50000000.0,50000000.0,82,2026-02-03 00:55:59.775105
EEC,49.24,49.23,49.25,50000000.0,50000000.0,82,2026-02-03 00:55:59.775105
TGX,43.85,43.84,43.86,50000000.0,50000000.0,83,2026-02-03 00:56:00.813470,6.0,1.0,82.0,D4-FSR/ATB,Strong Quarterly Results Reported,Atlas Bank reports better-than-expected earnings with stable deposit base and improving NIM.
PHR,45.95,45.94,45.96,50000000.0,50000000.0,83,2026-02-03 00:56:00.813470,,,,,,
BYL,40.62,40.61,40.63,50000000.0,50000000.0,83,2026-02-03 00:56:00.813470,,,,,,
CLD,79.9,79.89,79.91,50000000.0,50000000.0,83,2026-02-03 00:56:00.813470,,,,,,
GGD,30.82,30.81,30.83,50000000.0,50000000.0,83,2026-02-03 00:56:00.813470,,,,,,
PNR,55.9,55.89,55.91,50000000.0,50000000.0,83,2026-02-03 00:56:00.813470,,,,,,
FSR,30.6,30.59,30.61,50000000.0,50000000.0,83,2026-02-03 00:56:00.813470,,,,,,
ATB,61.08,61.07,61.09,50000000.0,50000000.0,83,2026-02-03 00:56:00.813470,,,,,,
SPK,53.17,53.16,53.18,50000000.0,50000000.0,83,2026-02-03 00:56:00.813470,,,,,,
EEC,49.13,49.12,49.14,50000000.0,50000000.0,83,2026-02-03 00:56:00.813470,,,,,,
TGX,43.88,43.87,43.89,50000000.0,50000000.0,84,2026-02-03 00:56:01.860934
PHR,45.91,45.9,45.92,50000000.0,50000000.0,84,2026-02-03 00:56:01.860934
BYL,40.78,40.77,40.79,50000000.0,50000000.0,84,2026-02-03 00:56:01.860934
CLD,80.44,80.43,80.45,50000000.0,50000000.0,84,2026-02-03 00:56:01.860934
GGD,30.83,30.82,30.84,50000000.0,50000000.0,84,2026-02-03 00:56:01.860934
PNR,56.19,56.18,56.2,50000000.0,50000000.0,84,2026-02-03 00:56:01.860934
FSR,30.57,30.56,30.58,50000000.0,50000000.0,84,2026-02-03 00:56:01.860934
ATB,61.19,61.18,61.2,50000000.0,50000000.0,84,2026-02-03 00:56:01.860934
SPK,53.12,53.11,53.13,50000000.0,50000000.0,84,2026-02-03 00:56:01.860934
EEC,49.06,49.05,49.07,50000000.0,50000000.0,84,2026-02-03 00:56:01.860934
TGX,43.82,43.81,43.83,50000000.0,50000000.0,85,2026-02-03 00:56:02.926589
PHR,45.8,45.79,45.81,50000000.0,50000000.0,85,2026-02-03 00:56:02.926589
BYL,40.79,40.78,40.8,50000000.0,50000000.0,85,2026-02-03 00:56:02.926589
CLD,80.44,80.43,80.45,50000000.0,50000000.0,85,2026-02-03 00:56:02.926589
GGD,30.84,30.83,30.85,50000000.0,50000000.0,85,2026-02-03 00:56:02.926589
PNR,56.3,56.29,56.31,50000000.0,50000000.0,85,2026-02-03 00:56:02.926589
FSR,30.52,30.51,30.53,50000000.0,50000000.0,85,2026-02-03 00:56:02.926589
ATB,61.27,61.26,61.28,50000000.0,50000000.0,85,2026-02-03 00:56:02.926589
SPK,53.1,53.09,53.11,50000000.0,50000000.0,85,2026-02-03 00:56:02.926589
EEC,48.95,48.94,48.96,50000000.0,50000000.0,85,2026-02-03 00:56:02.926589
TGX,43.84,43.83,43.85,50000000.0,50000000.0,86,2026-02-03 00:56:03.993546
PHR,45.93,45.92,45.94,50000000.0,50000000.0,86,2026-02-03 00:56:03.993546
BYL,40.8,40.79,40.81,50000000.0,50000000.0,86,2026-02-03 00:56:03.993546
CLD,80.47,80.46,80.48,50000000.0,50000000.0,86,2026-02-03 00:56:03.993546
GGD,30.83,30.82,30.84,50000000.0,50000000.0,86,2026-02-03 00:56:03.993546
PNR,55.95,55.94,55.96,50000000.0,50000000.0,86,2026-02-03 00:56:03.993546
FSR,30.5,30.49,30.51,50000000.0,50000000.0,86,2026-02-03 00:56:03.993546
ATB,61.12,61.11,61.13,50000000.0,50000000.0,86,2026-02-03 00:56:03.993546
SPK,53.1,53.09,53.11,50000000.0,50000000.0,86,2026-02-03 00:56:03.993546
EEC,48.96,48.95,48.97,50000000.0,50000000.0,86,2026-02-03 00:56:03.993546
TGX,43.92,43.91,43.93,50000000.0,50000000.0,87,2026-02-03 00:56:05.072986
PHR,46.06,46.05,46.07,50000000.0,50000000.0,87,2026-02-03 00:56:05.072986
BYL,40.85,40.84,40.86,50000000.0,50000000.0,87,2026-02-03 00:56:05.072986
CLD,80.64,80.63,80.65,50000000.0,50000000.0,87,2026-02-03 00:56:05.072986
GGD,30.86,30.85,30.87,50000000.0,50000000.0,87,2026-02-03 00:56:05.072986
PNR,56.13,56.12,56.14,50000000.0,50000000.0,87,2026-02-03 00:56:05.072986
FSR,30.42,30.41,30.43,50000000.0,50000000.0,87,2026-02-03 00:56:05.072986
ATB,61.64,61.63,61.65,50000000.0,50000000.0,87,2026-02-03 00:56:05.072986
SPK,53.05,53.04,53.06,50000000.0,50000000.0,87,2026-02-03 00:56:05.072986
EEC,49.04,49.03,49.05,50000000.0,50000000.0,87,2026-02-03 00:56:05.072986
TGX,43.93,43.92,43.94,50000000.0,50000000.0,88,2026-02-03 00:56:06.105318
PHR,45.94,45.93,45.95,50000000.0,50000000.0,88,2026-02-03 00:56:06.105318
BYL,40.99,40.98,41.0,50000000.0,50000000.0,88,2026-02-03 00:56:06.105318
CLD,80.98,80.97,80.99,50000000.0,50000000.0,88,2026-02-03 00:56:06.105318
GGD,30.86,30.85,30.87,50000000.0,50000000.0,88,2026-02-03 00:56:06.105318
PNR,56.27,56.26,56.28,50000000.0,50000000.0,88,2026-02-03 00:56:06.105318
FSR,30.43,30.42,30.44,50000000.0,50000000.0,88,2026-02-03 00:56:06.105318
ATB,61.62,61.61,61.63,50000000.0,50000000.0,88,2026-02-03 00:56:06.105318
SPK,53.04,53.03,53.05,50000000.0,50000000.0,88,2026-02-03 00:56:06.105318
EEC,49.19,49.18,49.2,50000000.0,50000000.0,88,2026-02-03 00:56:06.105318
TGX,43.97,43.96,43.98,50000000.0,50000000.0,89,2026-02-03 00:56:07.144546
PHR,45.92,45.91,45.93,50000000.0,50000000.0,89,2026-02-03 00:56:07.144546
BYL,41.08,41.07,41.09,50000000.0,50000000.0,89,2026-02-03 00:56:07.144546
CLD,81.18,81.17,81.19,50000000.0,50000000.0,89,2026-02-03 00:56:07.144546
GGD,30.88,30.87,30.89,50000000.0,50000000.0,89,2026-02-03 00:56:07.144546
PNR,56.41,56.4,56.42,50000000.0,50000000.0,89,2026-02-03 00:56:07.144546
FSR,30.39,30.38,30.4,50000000.0,50000000.0,89,2026-02-03 00:56:07.144546
ATB,61.42,61.41,61.43,50000000.0,50000000.0,89,2026-02-03 00:56:07.144546
SPK,53.05,53.04,53.06,50000000.0,50000000.0,89,2026-02-03 00:56:07.144546
EEC,49.22,49.21,49.23,50000000.0,50000000.0,89,2026-02-03 00:56:07.144546
TGX,44.0,43.99,44.01,50000000.0,50000000.0,90,2026-02-03 00:56:08.188829
PHR,45.96,45.95,45.97,50000000.0,50000000.0,90,2026-02-03 00:56:08.188829
BYL,41.07,41.06,41.08,50000000.0,50000000.0,90,2026-02-03 00:56:08.188829
CLD,81.11,81.1,81.12,50000000.0,50000000.0,90,2026-02-03 00:56:08.188829
GGD,30.91,30.9,30.92,50000000.0,50000000.0,90,2026-02-03 00:56:08.188829
PNR,56.45,56.44,56.46,50000000.0,50000000.0,90,2026-02-03 00:56:08.188829
FSR,30.34,30.33,30.35,50000000.0,50000000.0,90,2026-02-03 00:56:08.188829
ATB,61.31,61.3,61.32,50000000.0,50000000.0,90,2026-02-03 00:56:08.188829
SPK,53.14,53.13,53.15,50000000.0,50000000.0,90,2026-02-03 00:56:08.188829
EEC,49.25,49.24,49.26,50000000.0,50000000.0,90,2026-02-03 00:56:08.188829
TGX,43.96,43.95,43.97,50000000.0,50000000.0,91,2026-02-03 00:56:09.228385
PHR,46.22,46.21,46.23,50000000.0,50000000.0,91,2026-02-03 00:56:09.228385
BYL,40.97,40.96,40.98,50000000.0,50000000.0,91,2026-02-03 00:56:09.228385
CLD,80.84,80.83,80.85,50000000.0,50000000.0,91,2026-02-03 00:56:09.228385
GGD,30.95,30.94,30.96,50000000.0,50000000.0,91,2026-02-03 00:56:09.228385
PNR,56.63,56.62,56.64,50000000.0,50000000.0,91,2026-02-03 00:56:09.228385
FSR,30.38,30.37,30.39,50000000.0,50000000.0,91,2026-02-03 00:56:09.228385
ATB,61.38,61.37,61.39,50000000.0,50000000.0,91,2026-02-03 00:56:09.228385
SPK,53.1,53.09,53.11,50000000.0,50000000.0,91,2026-02-03 00:56:09.228385
EEC,49.17,49.16,49.18,50000000.0,50000000.0,91,2026-02-03 00:56:09.228385
TGX,43.89,43.88,43.9,50000000.0,50000000.0,92,2026-02-03 00:56:10.266943
PHR,45.99,45.98,46.0,50000000.0,50000000.0,92,2026-02-03 00:56:10.266943
BYL,40.91,40.9,40.92,50000000.0,50000000.0,92,2026-02-03 00:56:10.266943
CLD,80.62,80.61,80.63,50000000.0,50000000.0,92,2026-02-03 00:56:10.266943
GGD,30.99,30.98,31.0,50000000.0,50000000.0,92,2026-02-03 00:56:10.266943
PNR,56.66,56.65,56.67,50000000.0,50000000.0,92,2026-02-03 00:56:10.266943
FSR,30.41,30.4,30.42,50000000.0,50000000.0,92,2026-02-03 00:56:10.266943
ATB,61.42,61.41,61.43,50000000.0,50000000.0,92,2026-02-03 00:56:10.266943
SPK,53.27,53.26,53.28,50000000.0,50000000.0,92,2026-02-03 00:56:10.266943
EEC,49.39,49.38,49.4,50000000.0,50000000.0,92,2026-02-03 00:56:10.266943
TGX,43.85,43.84,43.86,50000000.0,50000000.0,93,2026-02-03 00:56:11.309895
PHR,46.0,45.99,46.01,50000000.0,50000000.0,93,2026-02-03 00:56:11.309895
BYL,40.9,40.89,40.91,50000000.0,50000000.0,93,2026-02-03 00:56:11.309895
CLD,80.54,80.53,80.55,50000000.0,50000000.0,93,2026-02-03 00:56:11.309895
GGD,31.0,30.99,31.01,50000000.0,50000000.0,93,2026-02-03 00:56:11.309895
PNR,56.86,56.85,56.87,50000000.0,50000000.0,93,2026-02-03 00:56:11.309895
FSR,30.42,30.41,30.43,50000000.0,50000000.0,93,2026-02-03 00:56:11.309895
ATB,61.43,61.42,61.44,50000000.0,50000000.0,93,2026-02-03 00:56:11.309895
SPK,53.29,53.28,53.3,50000000.0,50000000.0,93,2026-02-03 00:56:11.309895
EEC,49.46,49.45,49.47,50000000.0,50000000.0,93,2026-02-03 00:56:11.309895
TGX,43.84,43.83,43.85,50000000.0,50000000.0,94,2026-02-03 00:56:12.342806
PHR,45.84,45.83,45.85,50000000.0,50000000.0,94,2026-02-03 00:56:12.342806
BYL,40.77,40.76,40.78,50000000.0,50000000.0,94,2026-02-03 00:56:12.342806
CLD,80.16,80.15,80.17,50000000.0,50000000.0,94,2026-02-03 00:56:12.342806
GGD,31.02,31.01,31.03,50000000.0,50000000.0,94,2026-02-03 00:56:12.342806
PNR,57.03,57.02,57.04,50000000.0,50000000.0,94,2026-02-03 00:56:12.342806
FSR,30.54,30.53,30.55,50000000.0,50000000.0,94,2026-02-03 00:56:12.342806
ATB,61.51,61.5,61.52,50000000.0,50000000.0,94,2026-02-03 00:56:12.342806
SPK,53.03,53.02,53.04,50000000.0,50000000.0,94,2026-02-03 00:56:12.342806
EEC,49.27,49.26,49.28,50000000.0,50000000.0,94,2026-02-03 00:56:12.342806
TGX,43.87,43.86,43.88,50000000.0,50000000.0,95,2026-02-03 00:56:12.869248
PHR,45.94,45.93,45.95,50000000.0,50000000.0,95,2026-02-03 00:56:12.869248
BYL,40.77,40.76,40.78,50000000.0,50000000.0,95,2026-02-03 00:56:12.869248
CLD,80.12,80.11,80.13,50000000.0,50000000.0,95,2026-02-03 00:56:12.869248
GGD,31.06,31.05,31.07,50000000.0,50000000.0,95,2026-02-03 00:56:12.869248
PNR,57.4,57.39,57.41,50000000.0,50000000.0,95,2026-02-03 00:56:12.869248
FSR,30.53,30.52,30.54,50000000.0,50000000.0,95,2026-02-03 00:56:12.869248
ATB,61.64,61.63,61.65,50000000.0,50000000.0,95,2026-02-03 00:56:12.869248
SPK,52.99,52.98,53.0,50000000.0,50000000.0,95,2026-02-03 00:56:12.869248
EEC,49.23,49.22,49.24,50000000.0,50000000.0,95,2026-02-03 00:56:12.869248
TGX,43.93,43.92,43.94,50000000.0,50000000.0,96,2026-02-03 00:56:13.910801
PHR,46.09,46.08,46.1,50000000.0,50000000.0,96,2026-02-03 00:56:13.910801
BYL,40.64,40.63,40.65,50000000.0,50000000.0,96,2026-02-03 00:56:13.910801
CLD,79.84,79.83,79.85,50000000.0,50000000.0,96,2026-02-03 00:56:13.910801
GGD,31.1,31.09,31.11,50000000.0,50000000.0,96,2026-02-03 00:56:13.910801
PNR,57.61,57.6,57.62,50000000.0,50000000.0,96,2026-02-03 00:56:13.910801
FSR,30.44,30.43,30.45,50000000.0,50000000.0,96,2026-02-03 00:56:13.910801
ATB,61.28,61.27,61.29,50000000.0,50000000.0,96,2026-02-03 00:56:13.910801
SPK,53.05,53.04,53.06,50000000.0,50000000.0,96,2026-02-03 00:56:13.910801
EEC,49.2,49.19,49.21,50000000.0,50000000.0,96,2026-02-03 00:56:13.910801
TGX,44.0,43.99,44.01,50000000.0,50000000.0,97,2026-02-03 00:56:14.962042
PHR,45.74,45.73,45.75,50000000.0,50000000.0,97,2026-02-03 00:56:14.962042
BYL,40.59,40.58,40.6,50000000.0,50000000.0,97,2026-02-03 00:56:14.962042
CLD,79.68,79.67,79.69,50000000.0,50000000.0,97,2026-02-03 00:56:14.962042
GGD,31.15,31.14,31.16,50000000.0,50000000.0,97,2026-02-03 00:56:14.962042
PNR,57.49,57.48,57.5,50000000.0,50000000.0,97,2026-02-03 00:56:14.962042
FSR,31.83,31.82,31.84,50000000.0,50000000.0,97,2026-02-03 00:56:14.962042
ATB,61.67,61.66,61.68,50000000.0,50000000.0,97,2026-02-03 00:56:14.962042
SPK,52.97,52.96,52.98,50000000.0,50000000.0,97,2026-02-03 00:56:14.962042
EEC,49.05,49.04,49.06,50000000.0,50000000.0,97,2026-02-03 00:56:14.962042
TGX,43.96,43.95,43.97,50000000.0,50000000.0,98,2026-02-03 00:56:16.024771
PHR,45.89,45.88,45.9,50000000.0,50000000.0,98,2026-02-03 00:56:16.024771
BYL,40.54,40.53,40.55,50000000.0,50000000.0,98,2026-02-03 00:56:16.024771
CLD,79.51,79.5,79.52,50000000.0,50000000.0,98,2026-02-03 00:56:16.024771
GGD,31.12,31.11,31.13,50000000.0,50000000.0,98,2026-02-03 00:56:16.024771
PNR,57.21,57.2,57.22,50000000.0,50000000.0,98,2026-02-03 00:56:16.024771
FSR,31.82,31.81,31.83,50000000.0,50000000.0,98,2026-02-03 00:56:16.024771
ATB,61.97,61.96,61.98,50000000.0,50000000.0,98,2026-02-03 00:56:16.024771
SPK,52.87,52.86,52.88,50000000.0,50000000.0,98,2026-02-03 00:56:16.024771
EEC,48.84,48.83,48.85,50000000.0,50000000.0,98,2026-02-03 00:56:16.024771
TGX,43.96,43.95,43.97,50000000.0,50000000.0,99,2026-02-03 00:56:17.101548
PHR,45.84,45.83,45.85,50000000.0,50000000.0,99,2026-02-03 00:56:17.101548
BYL,40.43,40.42,40.44,50000000.0,50000000.0,99,2026-02-03 00:56:17.101548
CLD,79.17,79.16,79.18,50000000.0,50000000.0,99,2026-02-03 00:56:17.101548
GGD,31.15,31.14,31.16,50000000.0,50000000.0,99,2026-02-03 00:56:17.101548
PNR,57.03,57.02,57.04,50000000.0,50000000.0,99,2026-02-03 00:56:17.101548
FSR,33.14,33.13,33.15,50000000.0,50000000.0,99,2026-02-03 00:56:17.101548
ATB,62.01,62.0,62.02,50000000.0,50000000.0,99,2026-02-03 00:56:17.101548
SPK,52.92,52.91,52.93,50000000.0,50000000.0,99,2026-02-03 00:56:17.101548
EEC,48.83,48.82,48.84,50000000.0,50000000.0,99,2026-02-03 00:56:17.101548
TGX,43.9,43.89,43.91,50000000.0,50000000.0,100,2026-02-03 00:56:18.142629
PHR,45.99,45.98,46.0,50000000.0,50000000.0,100,2026-02-03 00:56:18.142629
BYL,40.32,40.31,40.33,50000000.0,50000000.0,100,2026-02-03 00:56:18.142629
CLD,78.87,78.86,78.88,50000000.0,50000000.0,100,2026-02-03 00:56:18.142629
GGD,31.18,31.17,31.19,50000000.0,50000000.0,100,2026-02-03 00:56:18.142629
PNR,57.19,57.18,57.2,50000000.0,50000000.0,100,2026-02-03 00:56:18.142629
FSR,33.28,33.27,33.29,50000000.0,50000000.0,100,2026-02-03 00:56:18.142629
ATB,62.04,62.03,62.05,50000000.0,50000000.0,100,2026-02-03 00:56:18.142629
SPK,53.08,53.07,53.09,50000000.0,50000000.0,100,2026-02-03 00:56:18.142629
EEC,48.9,48.89,48.91,50000000.0,50000000.0,100,2026-02-03 00:56:18.142629
TGX,43.93,43.92,43.94,50000000.0,50000000.0,101,2026-02-03 00:56:19.175320
PHR,46.08,46.07,46.09,50000000.0,50000000.0,101,2026-02-03 00:56:19.175320
BYL,40.43,40.42,40.44,50000000.0,50000000.0,101,2026-02-03 00:56:19.175320
CLD,79.15,79.14,79.16,50000000.0,50000000.0,101,2026-02-03 00:56:19.175320
GGD,31.19,31.18,31.2,50000000.0,50000000.0,101,2026-02-03 00:56:19.175320
PNR,57.14,57.13,57.15,50000000.0,50000000.0,101,2026-02-03 00:56:19.175320
FSR,33.27,33.26,33.28,50000000.0,50000000.0,101,2026-02-03 00:56:19.175320
ATB,62.35,62.34,62.36,50000000.0,50000000.0,101,2026-02-03 00:56:19.175320
SPK,53.27,53.26,53.28,50000000.0,50000000.0,101,2026-02-03 00:56:19.175320
EEC,49.27,49.26,49.28,50000000.0,50000000.0,101,2026-02-03 00:56:19.175320
TGX,43.94,43.93,43.95,50000000.0,50000000.0,102,2026-02-03 00:56:20.215059
PHR,46.13,46.12,46.14,50000000.0,50000000.0,102,2026-02-03 00:56:20.215059
BYL,40.33,40.32,40.34,50000000.0,50000000.0,102,2026-02-03 00:56:20.215059
CLD,78.82,78.81,78.83,50000000.0,50000000.0,102,2026-02-03 00:56:20.215059
GGD,31.17,31.16,31.18,50000000.0,50000000.0,102,2026-02-03 00:56:20.215059
PNR,57.08,57.07,57.09,50000000.0,50000000.0,102,2026-02-03 00:56:20.215059
FSR,33.31,33.3,33.32,50000000.0,50000000.0,102,2026-02-03 00:56:20.215059
ATB,62.34,62.33,62.35,50000000.0,50000000.0,102,2026-02-03 00:56:20.215059
SPK,53.43,53.42,53.44,50000000.0,50000000.0,102,2026-02-03 00:56:20.215059
EEC,49.44,49.43,49.45,50000000.0,50000000.0,102,2026-02-03 00:56:20.215059
TGX,43.95,43.94,43.96,50000000.0,50000000.0,103,2026-02-03 00:56:21.265669
PHR,45.88,45.87,45.89,50000000.0,50000000.0,103,2026-02-03 00:56:21.265669
BYL,40.51,40.5,40.52,50000000.0,50000000.0,103,2026-02-03 00:56:21.265669
CLD,79.19,79.18,79.2,50000000.0,50000000.0,103,2026-02-03 00:56:21.265669
GGD,31.15,31.14,31.16,50000000.0,50000000.0,103,2026-02-03 00:56:21.265669
PNR,56.73,56.72,56.74,50000000.0,50000000.0,103,2026-02-03 00:56:21.265669
FSR,33.29,33.28,33.3,50000000.0,50000000.0,103,2026-02-03 00:56:21.265669
ATB,62.69,62.68,62.7,50000000.0,50000000.0,103,2026-02-03 00:56:21.265669
SPK,53.75,53.74,53.76,50000000.0,50000000.0,103,2026-02-03 00:56:21.265669
EEC,49.88,49.87,49.89,50000000.0,50000000.0,103,2026-02-03 00:56:21.265669
TGX,43.94,43.93,43.95,50000000.0,50000000.0,104,2026-02-03 00:56:22.307258
PHR,45.8,45.79,45.81,50000000.0,50000000.0,104,2026-02-03 00:56:22.307258
BYL,40.3,40.29,40.31,50000000.0,50000000.0,104,2026-02-03 00:56:22.307258
CLD,78.6,78.59,78.61,50000000.0,50000000.0,104,2026-02-03 00:56:22.307258
GGD,31.23,31.22,31.24,50000000.0,50000000.0,104,2026-02-03 00:56:22.307258
PNR,57.33,57.32,57.34,50000000.0,50000000.0,104,2026-02-03 00:56:22.307258
FSR,33.25,33.24,33.26,50000000.0,50000000.0,104,2026-02-03 00:56:22.307258
ATB,62.67,62.66,62.68,50000000.0,50000000.0,104,2026-02-03 00:56:22.307258
SPK,53.79,53.78,53.8,50000000.0,50000000.0,104,2026-02-03 00:56:22.307258
EEC,49.82,49.81,49.83,50000000.0,50000000.0,104,2026-02-03 00:56:22.307258
TGX,44.04,44.03,44.05,50000000.0,50000000.0,105,2026-02-03 00:56:23.340993
PHR,45.53,45.52,45.54,50000000.0,50000000.0,105,2026-02-03 00:56:23.340993
BYL,40.32,40.31,40.33,50000000.0,50000000.0,105,2026-02-03 00:56:23.340993
CLD,78.66,78.65,78.67,50000000.0,50000000.0,105,2026-02-03 00:56:23.340993
GGD,31.19,31.18,31.2,50000000.0,50000000.0,105,2026-02-03 00:56:23.340993
PNR,57.1,57.09,57.11,50000000.0,50000000.0,105,2026-02-03 00:56:23.340993
FSR,33.24,33.23,33.25,50000000.0,50000000.0,105,2026-02-03 00:56:23.340993
ATB,62.5,62.49,62.51,50000000.0,50000000.0,105,2026-02-03 00:56:23.340993
SPK,53.86,53.85,53.87,50000000.0,50000000.0,105,2026-02-03 00:56:23.340993
EEC,49.85,49.84,49.86,50000000.0,50000000.0,105,2026-02-03 00:56:23.340993
TGX,44.1,44.09,44.11,50000000.0,50000000.0,106,2026-02-03 00:56:24.378742
PHR,45.5,45.49,45.51,50000000.0,50000000.0,106,2026-02-03 00:56:24.378742
BYL,40.23,40.22,40.24,50000000.0,50000000.0,106,2026-02-03 00:56:24.378742
CLD,78.37,78.36,78.38,50000000.0,50000000.0,106,2026-02-03 00:56:24.378742
GGD,31.2,31.19,31.21,50000000.0,50000000.0,106,2026-02-03 00:56:24.378742
PNR,57.38,57.37,57.39,50000000.0,50000000.0,106,2026-02-03 00:56:24.378742
FSR,33.21,33.2,33.22,50000000.0,50000000.0,106,2026-02-03 00:56:24.378742
ATB,62.8,62.79,62.81,50000000.0,50000000.0,106,2026-02-03 00:56:24.378742
SPK,53.71,53.7,53.72,50000000.0,50000000.0,106,2026-02-03 00:56:24.378742
EEC,49.7,49.69,49.71,50000000.0,50000000.0,106,2026-02-03 00:56:24.378742
TGX,44.11,44.1,44.12,50000000.0,50000000.0,107,2026-02-03 00:56:25.436550
PHR,45.57,45.56,45.58,50000000.0,50000000.0,107,2026-02-03 00:56:25.436550
BYL,40.19,40.18,40.2,50000000.0,50000000.0,107,2026-02-03 00:56:25.436550
CLD,78.32,78.31,78.33,50000000.0,50000000.0,107,2026-02-03 00:56:25.436550
GGD,31.17,31.16,31.18,50000000.0,50000000.0,107,2026-02-03 00:56:25.436550
PNR,57.28,57.27,57.29,50000000.0,50000000.0,107,2026-02-03 00:56:25.436550
FSR,33.26,33.25,33.27,50000000.0,50000000.0,107,2026-02-03 00:56:25.436550
ATB,63.04,63.03,63.05,50000000.0,50000000.0,107,2026-02-03 00:56:25.436550
SPK,53.59,53.58,53.6,50000000.0,50000000.0,107,2026-02-03 00:56:25.436550
EEC,49.44,49.43,49.45,50000000.0,50000000.0,107,2026-02-03 00:56:25.436550
TGX,44.1,44.09,44.11,50000000.0,50000000.0,108,2026-02-03 00:56:25.975474
PHR,45.57,45.56,45.58,50000000.0,50000000.0,108,2026-02-03 00:56:25.975474
BYL,40.26,40.25,40.27,50000000.0,50000000.0,108,2026-02-03 00:56:25.975474
CLD,78.39,78.38,78.4,50000000.0,50000000.0,108,2026-02-03 00:56:25.975474
GGD,31.21,31.2,31.22,50000000.0,50000000.0,108,2026-02-03 00:56:25.975474
PNR,57.11,57.1,57.12,50000000.0,50000000.0,108,2026-02-03 00:56:25.975474
FSR,33.25,33.24,33.26,50000000.0,50000000.0,108,2026-02-03 00:56:25.975474
ATB,63.37,63.36,63.38,50000000.0,50000000.0,108,2026-02-03 00:56:25.975474
SPK,53.78,53.77,53.79,50000000.0,50000000.0,108,2026-02-03 00:56:25.975474
EEC,49.63,49.62,49.64,50000000.0,50000000.0,108,2026-02-03 00:56:25.975474
TGX,44.17,44.16,44.18,50000000.0,50000000.0,109,2026-02-03 00:56:27.020329
PHR,45.55,45.54,45.56,50000000.0,50000000.0,109,2026-02-03 00:56:27.020329
BYL,40.37,40.36,40.38,50000000.0,50000000.0,109,2026-02-03 00:56:27.020329
CLD,78.69,78.68,78.7,50000000.0,50000000.0,109,2026-02-03 00:56:27.020329
GGD,31.23,31.22,31.24,50000000.0,50000000.0,109,2026-02-03 00:56:27.020329
PNR,57.4,57.39,57.41,50000000.0,50000000.0,109,2026-02-03 00:56:27.020329
FSR,33.23,33.22,33.24,50000000.0,50000000.0,109,2026-02-03 00:56:27.020329
ATB,63.07,63.06,63.08,50000000.0,50000000.0,109,2026-02-03 00:56:27.020329
SPK,53.66,53.65,53.67,50000000.0,50000000.0,109,2026-02-03 00:56:27.020329
EEC,49.56,49.55,49.57,50000000.0,50000000.0,109,2026-02-03 00:56:27.020329
TGX,44.19,44.18,44.2,50000000.0,50000000.0,110,2026-02-03 00:56:28.073529
PHR,45.26,45.25,45.27,50000000.0,50000000.0,110,2026-02-03 00:56:28.073529
BYL,40.53,40.52,40.54,50000000.0,50000000.0,110,2026-02-03 00:56:28.073529
CLD,79.16,79.15,79.17,50000000.0,50000000.0,110,2026-02-03 00:56:28.073529
GGD,31.23,31.22,31.24,50000000.0,50000000.0,110,2026-02-03 00:56:28.073529
PNR,57.25,57.24,57.26,50000000.0,50000000.0,110,2026-02-03 00:56:28.073529
FSR,33.22,33.21,33.23,50000000.0,50000000.0,110,2026-02-03 00:56:28.073529
ATB,62.8,62.79,62.81,50000000.0,50000000.0,110,2026-02-03 00:56:28.073529
SPK,53.65,53.64,53.66,50000000.0,50000000.0,110,2026-02-03 00:56:28.073529
EEC,49.6,49.59,49.61,50000000.0,50000000.0,110,2026-02-03 00:56:28.073529
TGX,44.29,44.28,44.3,50000000.0,50000000.0,111,2026-02-03 00:56:29.138445
PHR,45.21,45.2,45.22,50000000.0,50000000.0,111,2026-02-03 00:56:29.138445
BYL,40.42,40.41,40.43,50000000.0,50000000.0,111,2026-02-03 00:56:29.138445
CLD,78.9,78.89,78.91,50000000.0,50000000.0,111,2026-02-03 00:56:29.138445
GGD,31.16,31.15,31.17,50000000.0,50000000.0,111,2026-02-03 00:56:29.138445
PNR,56.74,56.73,56.75,50000000.0,50000000.0,111,2026-02-03 00:56:29.138445
FSR,33.18,33.17,33.19,50000000.0,50000000.0,111,2026-02-03 00:56:29.138445
ATB,62.88,62.87,62.89,50000000.0,50000000.0,111,2026-02-03 00:56:29.138445
SPK,53.62,53.61,53.63,50000000.0,50000000.0,111,2026-02-03 00:56:29.138445
EEC,49.53,49.52,49.54,50000000.0,50000000.0,111,2026-02-03 00:56:29.138445
TGX,44.17,44.16,44.18,50000000.0,50000000.0,112,2026-02-03 00:56:30.178809
PHR,45.15,45.14,45.16,50000000.0,50000000.0,112,2026-02-03 00:56:30.178809
BYL,40.46,40.45,40.47,50000000.0,50000000.0,112,2026-02-03 00:56:30.178809
CLD,79.08,79.07,79.09,50000000.0,50000000.0,112,2026-02-03 00:56:30.178809
GGD,31.14,31.13,31.15,50000000.0,50000000.0,112,2026-02-03 00:56:30.178809
PNR,56.69,56.68,56.7,50000000.0,50000000.0,112,2026-02-03 00:56:30.178809
FSR,33.22,33.21,33.23,50000000.0,50000000.0,112,2026-02-03 00:56:30.178809
ATB,63.11,63.1,63.12,50000000.0,50000000.0,112,2026-02-03 00:56:30.178809
SPK,53.5,53.49,53.51,50000000.0,50000000.0,112,2026-02-03 00:56:30.178809
EEC,49.46,49.45,49.47,50000000.0,50000000.0,112,2026-02-03 00:56:30.178809
TGX,44.09,44.08,44.1,50000000.0,50000000.0,113,2026-02-03 00:56:31.222595
PHR,44.88,44.87,44.89,50000000.0,50000000.0,113,2026-02-03 00:56:31.222595
BYL,40.36,40.35,40.37,50000000.0,50000000.0,113,2026-02-03 00:56:31.222595
CLD,78.72,78.71,78.73,50000000.0,50000000.0,113,2026-02-03 00:56:31.222595
GGD,31.11,31.1,31.12,50000000.0,50000000.0,113,2026-02-03 00:56:31.222595
PNR,56.68,56.67,56.69,50000000.0,50000000.0,113,2026-02-03 00:56:31.222595
FSR,33.22,33.21,33.23,50000000.0,50000000.0,113,2026-02-03 00:56:31.222595
ATB,63.25,63.24,63.26,50000000.0,50000000.0,113,2026-02-03 00:56:31.222595
SPK,53.59,53.58,53.6,50000000.0,50000000.0,113,2026-02-03 00:56:31.222595
EEC,49.7,49.69,49.71,50000000.0,50000000.0,113,2026-02-03 00:56:31.222595
TGX,44.02,44.01,44.03,50000000.0,50000000.0,114,2026-02-03 00:56:32.263411
PHR,45.08,45.07,45.09,50000000.0,50000000.0,114,2026-02-03 00:56:32.263411
BYL,40.21,40.2,40.22,50000000.0,50000000.0,114,2026-02-03 00:56:32.263411
CLD,78.27,78.26,78.28,50000000.0,50000000.0,114,2026-02-03 00:56:32.263411
GGD,31.13,31.12,31.14,50000000.0,50000000.0,114,2026-02-03 00:56:32.263411
PNR,56.68,56.67,56.69,50000000.0,50000000.0,114,2026-02-03 00:56:32.263411
FSR,33.18,33.17,33.19,50000000.0,50000000.0,114,2026-02-03 00:56:32.263411
ATB,63.26,63.25,63.27,50000000.0,50000000.0,114,2026-02-03 00:56:32.263411
SPK,53.59,53.58,53.6,50000000.0,50000000.0,114,2026-02-03 00:56:32.263411
EEC,49.74,49.73,49.75,50000000.0,50000000.0,114,2026-02-03 00:56:32.263411
TGX,44.11,44.1,44.12,50000000.0,50000000.0,115,2026-02-03 00:56:33.306160
PHR,44.94,44.93,44.95,50000000.0,50000000.0,115,2026-02-03 00:56:33.306160
BYL,40.12,40.11,40.13,50000000.0,50000000.0,115,2026-02-03 00:56:33.306160
CLD,78.11,78.1,78.12,50000000.0,50000000.0,115,2026-02-03 00:56:33.306160
GGD,31.08,31.07,31.09,50000000.0,50000000.0,115,2026-02-03 00:56:33.306160
PNR,56.72,56.71,56.73,50000000.0,50000000.0,115,2026-02-03 00:56:33.306160
FSR,33.15,33.14,33.16,50000000.0,50000000.0,115,2026-02-03 00:56:33.306160
ATB,63.36,63.35,63.37,50000000.0,50000000.0,115,2026-02-03 00:56:33.306160
SPK,53.61,53.6,53.62,50000000.0,50000000.0,115,2026-02-03 00:56:33.306160
EEC,49.77,49.76,49.78,50000000.0,50000000.0,115,2026-02-03 00:56:33.306160
TGX,44.03,44.02,44.04,50000000.0,50000000.0,116,2026-02-03 00:56:34.348847
PHR,44.84,44.83,44.85,50000000.0,50000000.0,116,2026-02-03 00:56:34.348847
BYL,40.4,40.39,40.41,50000000.0,50000000.0,116,2026-02-03 00:56:34.348847
CLD,78.85,78.84,78.86,50000000.0,50000000.0,116,2026-02-03 00:56:34.348847
GGD,31.06,31.05,31.07,50000000.0,50000000.0,116,2026-02-03 00:56:34.348847
PNR,56.45,56.44,56.46,50000000.0,50000000.0,116,2026-02-03 00:56:34.348847
FSR,33.13,33.12,33.14,50000000.0,50000000.0,116,2026-02-03 00:56:34.348847
ATB,63.17,63.16,63.18,50000000.0,50000000.0,116,2026-02-03 00:56:34.348847
SPK,53.61,53.6,53.62,50000000.0,50000000.0,116,2026-02-03 00:56:34.348847
EEC,49.76,49.75,49.77,50000000.0,50000000.0,116,2026-02-03 00:56:34.348847
TGX,44.05,44.04,44.06,50000000.0,50000000.0,117,2026-02-03 00:56:35.391965
PHR,44.81,44.8,44.82,50000000.0,50000000.0,117,2026-02-03 00:56:35.391965
BYL,40.45,40.44,40.46,50000000.0,50000000.0,117,2026-02-03 00:56:35.391965
CLD,79.01,79.0,79.02,50000000.0,50000000.0,117,2026-02-03 00:56:35.391965
GGD,30.99,30.98,31.0,50000000.0,50000000.0,117,2026-02-03 00:56:35.391965
PNR,56.22,56.21,56.23,50000000.0,50000000.0,117,2026-02-03 00:56:35.391965
FSR,33.03,33.02,33.04,50000000.0,50000000.0,117,2026-02-03 00:56:35.391965
ATB,63.05,63.04,63.06,50000000.0,50000000.0,117,2026-02-03 00:56:35.391965
SPK,53.64,53.63,53.65,50000000.0,50000000.0,117,2026-02-03 00:56:35.391965
EEC,49.67,49.66,49.68,50000000.0,50000000.0,117,2026-02-03 00:56:35.391965
TGX,44.11,44.1,44.12,50000000.0,50000000.0,118,2026-02-03 00:56:36.431117
PHR,44.84,44.83,44.85,50000000.0,50000000.0,118,2026-02-03 00:56:36.431117
BYL,40.28,40.27,40.29,50000000.0,50000000.0,118,2026-02-03 00:56:36.431117
CLD,78.53,78.52,78.54,50000000.0,50000000.0,118,2026-02-03 00:56:36.431117
GGD,31.02,31.01,31.03,50000000.0,50000000.0,118,2026-02-03 00:56:36.431117
PNR,56.0,55.99,56.01,50000000.0,50000000.0,118,2026-02-03 00:56:36.431117
FSR,32.98,32.97,32.99,50000000.0,50000000.0,118,2026-02-03 00:56:36.431117
ATB,63.01,63.0,63.02,50000000.0,50000000.0,118,2026-02-03 00:56:36.431117
SPK,53.74,53.73,53.75,50000000.0,50000000.0,118,2026-02-03 00:56:36.431117
EEC,49.83,49.82,49.84,50000000.0,50000000.0,118,2026-02-03 00:56:36.431117
TGX,44.0,43.99,44.01,50000000.0,50000000.0,119,2026-02-03 00:56:36.978876
PHR,44.68,44.67,44.69,50000000.0,50000000.0,119,2026-02-03 00:56:36.978876
BYL,40.15,40.14,40.16,50000000.0,50000000.0,119,2026-02-03 00:56:36.978876
CLD,78.18,78.17,78.19,50000000.0,50000000.0,119,2026-02-03 00:56:36.978876
GGD,30.99,30.98,31.0,50000000.0,50000000.0,119,2026-02-03 00:56:36.978876
PNR,56.1,56.09,56.11,50000000.0,50000000.0,119,2026-02-03 00:56:36.978876
FSR,32.98,32.97,32.99,50000000.0,50000000.0,119,2026-02-03 00:56:36.978876
ATB,63.09,63.08,63.1,50000000.0,50000000.0,119,2026-02-03 00:56:36.978876
SPK,53.76,53.75,53.77,50000000.0,50000000.0,119,2026-02-03 00:56:36.978876
EEC,49.74,49.73,49.75,50000000.0,50000000.0,119,2026-02-03 00:56:36.978876
TGX,43.89,43.88,43.9,50000000.0,50000000.0,120,2026-02-03 00:56:38.052384
PHR,45.01,45.0,45.02,50000000.0,50000000.0,120,2026-02-03 00:56:38.052384
BYL,40.2,40.19,40.21,50000000.0,50000000.0,120,2026-02-03 00:56:38.052384
CLD,78.33,78.32,78.34,50000000.0,50000000.0,120,2026-02-03 00:56:38.052384
GGD,30.97,30.96,30.98,50000000.0,50000000.0,120,2026-02-03 00:56:38.052384
PNR,56.27,56.26,56.28,50000000.0,50000000.0,120,2026-02-03 00:56:38.052384
FSR,33.01,33.0,33.02,50000000.0,50000000.0,120,2026-02-03 00:56:38.052384
ATB,63.03,63.02,63.04,50000000.0,50000000.0,120,2026-02-03 00:56:38.052384
SPK,53.68,53.67,53.69,50000000.0,50000000.0,120,2026-02-03 00:56:38.052384
EEC,49.57,49.56,49.58,50000000.0,50000000.0,120,2026-02-03 00:56:38.052384
TGX,43.95,43.94,43.96,50000000.0,50000000.0,121,2026-02-03 00:56:39.116628
PHR,44.98,44.97,44.99,50000000.0,50000000.0,121,2026-02-03 00:56:39.116628
BYL,40.14,40.13,40.15,50000000.0,50000000.0,121,2026-02-03 00:56:39.116628
CLD,78.12,78.11,78.13,50000000.0,50000000.0,121,2026-02-03 00:56:39.116628
GGD,30.92,30.91,30.93,50000000.0,50000000.0,121,2026-02-03 00:56:39.116628
PNR,55.96,55.95,55.97,50000000.0,50000000.0,121,2026-02-03 00:56:39.116628
FSR,33.0,32.99,33.01,50000000.0,50000000.0,121,2026-02-03 00:56:39.116628
ATB,62.51,62.5,62.52,50000000.0,50000000.0,121,2026-02-03 00:56:39.116628
SPK,53.71,53.7,53.72,50000000.0,50000000.0,121,2026-02-03 00:56:39.116628
EEC,49.56,49.55,49.57,50000000.0,50000000.0,121,2026-02-03 00:56:39.116628
TGX,43.97,43.96,43.98,50000000.0,50000000.0,122,2026-02-03 00:56:40.184937
PHR,44.85,44.84,44.86,50000000.0,50000000.0,122,2026-02-03 00:56:40.184937
BYL,39.89,39.88,39.9,50000000.0,50000000.0,122,2026-02-03 00:56:40.184937
CLD,77.46,77.45,77.47,50000000.0,50000000.0,122,2026-02-03 00:56:40.184937
GGD,30.94,30.93,30.95,50000000.0,50000000.0,122,2026-02-03 00:56:40.184937
PNR,56.11,56.1,56.12,50000000.0,50000000.0,122,2026-02-03 00:56:40.184937
FSR,33.07,33.06,33.08,50000000.0,50000000.0,122,2026-02-03 00:56:40.184937
ATB,62.74,62.73,62.75,50000000.0,50000000.0,122,2026-02-03 00:56:40.184937
SPK,53.6,53.59,53.61,50000000.0,50000000.0,122,2026-02-03 00:56:40.184937
EEC,49.34,49.33,49.35,50000000.0,50000000.0,122,2026-02-03 00:56:40.184937
TGX,43.88,43.87,43.89,50000000.0,50000000.0,123,2026-02-03 00:56:41.239183
PHR,44.82,44.81,44.83,50000000.0,50000000.0,123,2026-02-03 00:56:41.239183
BYL,39.69,39.68,39.7,50000000.0,50000000.0,123,2026-02-03 00:56:41.239183
CLD,76.86,76.85,76.87,50000000.0,50000000.0,123,2026-02-03 00:56:41.239183
GGD,30.91,30.9,30.92,50000000.0,50000000.0,123,2026-02-03 00:56:41.239183
PNR,56.25,56.24,56.26,50000000.0,50000000.0,123,2026-02-03 00:56:41.239183
FSR,32.97,32.96,32.98,50000000.0,50000000.0,123,2026-02-03 00:56:41.239183
ATB,62.87,62.86,62.88,50000000.0,50000000.0,123,2026-02-03 00:56:41.239183
SPK,53.83,53.82,53.84,50000000.0,50000000.0,123,2026-02-03 00:56:41.239183
EEC,49.59,49.58,49.6,50000000.0,50000000.0,123,2026-02-03 00:56:41.239183
TGX,43.86,43.85,43.87,50000000.0,50000000.0,124,2026-02-03 00:56:42.277645
PHR,44.83,44.82,44.84,50000000.0,50000000.0,124,2026-02-03 00:56:42.277645
BYL,39.55,39.54,39.56,50000000.0,50000000.0,124,2026-02-03 00:56:42.277645
CLD,76.54,76.53,76.55,50000000.0,50000000.0,124,2026-02-03 00:56:42.277645
GGD,30.93,30.92,30.94,50000000.0,50000000.0,124,2026-02-03 00:56:42.277645
PNR,56.37,56.36,56.38,50000000.0,50000000.0,124,2026-02-03 00:56:42.277645
FSR,32.89,32.88,32.9,50000000.0,50000000.0,124,2026-02-03 00:56:42.277645
ATB,62.47,62.46,62.48,50000000.0,50000000.0,124,2026-02-03 00:56:42.277645
SPK,53.82,53.81,53.83,50000000.0,50000000.0,124,2026-02-03 00:56:42.277645
EEC,49.74,49.73,49.75,50000000.0,50000000.0,124,2026-02-03 00:56:42.277645
TGX,43.89,43.88,43.9,50000000.0,50000000.0,125,2026-02-03 00:56:43.312758
PHR,44.69,44.68,44.7,50000000.0,50000000.0,125,2026-02-03 00:56:43.312758
BYL,39.8,39.79,39.81,50000000.0,50000000.0,125,2026-02-03 00:56:43.312758
CLD,77.14,77.13,77.15,50000000.0,50000000.0,125,2026-02-03 00:56:43.312758
GGD,30.93,30.92,30.94,50000000.0,50000000.0,125,2026-02-03 00:56:43.312758
PNR,56.16,56.15,56.17,50000000.0,50000000.0,125,2026-02-03 00:56:43.312758
FSR,32.82,32.81,32.83,50000000.0,50000000.0,125,2026-02-03 00:56:43.312758
ATB,62.83,62.82,62.84,50000000.0,50000000.0,125,2026-02-03 00:56:43.312758
SPK,53.82,53.81,53.83,50000000.0,50000000.0,125,2026-02-03 00:56:43.312758
EEC,49.75,49.74,49.76,50000000.0,50000000.0,125,2026-02-03 00:56:43.312758
TGX,43.83,43.82,43.84,50000000.0,50000000.0,126,2026-02-03 00:56:44.342386
PHR,44.65,44.64,44.66,50000000.0,50000000.0,126,2026-02-03 00:56:44.342386
BYL,39.74,39.73,39.75,50000000.0,50000000.0,126,2026-02-03 00:56:44.342386
CLD,76.94,76.93,76.95,50000000.0,50000000.0,126,2026-02-03 00:56:44.342386
GGD,30.91,30.9,30.92,50000000.0,50000000.0,126,2026-02-03 00:56:44.342386
PNR,55.92,55.91,55.93,50000000.0,50000000.0,126,2026-02-03 00:56:44.342386
FSR,32.8,32.79,32.81,50000000.0,50000000.0,126,2026-02-03 00:56:44.342386
ATB,62.89,62.88,62.9,50000000.0,50000000.0,126,2026-02-03 00:56:44.342386
SPK,53.7,53.69,53.71,50000000.0,50000000.0,126,2026-02-03 00:56:44.342386
EEC,49.63,49.62,49.64,50000000.0,50000000.0,126,2026-02-03 00:56:44.342386
TGX,43.84,43.83,43.85,50000000.0,50000000.0,127,2026-02-03 00:56:45.377784
PHR,44.73,44.72,44.74,50000000.0,50000000.0,127,2026-02-03 00:56:45.377784
BYL,39.94,39.93,39.95,50000000.0,50000000.0,127,2026-02-03 00:56:45.377784
CLD,77.51,77.5,77.52,50000000.0,50000000.0,127,2026-02-03 00:56:45.377784
GGD,30.88,30.87,30.89,50000000.0,50000000.0,127,2026-02-03 00:56:45.377784
PNR,55.98,55.97,55.99,50000000.0,50000000.0,127,2026-02-03 00:56:45.377784
FSR,32.87,32.86,32.88,50000000.0,50000000.0,127,2026-02-03 00:56:45.377784
ATB,62.96,62.95,62.97,50000000.0,50000000.0,127,2026-02-03 00:56:45.377784
SPK,53.67,53.66,53.68,50000000.0,50000000.0,127,2026-02-03 00:56:45.377784
EEC,49.56,49.55,49.57,50000000.0,50000000.0,127,2026-02-03 00:56:45.377784
TGX,43.91,43.9,43.92,50000000.0,50000000.0,128,2026-02-03 00:56:46.407947
PHR,44.81,44.8,44.82,50000000.0,50000000.0,128,2026-02-03 00:56:46.407947
BYL,40.13,40.12,40.14,50000000.0,50000000.0,128,2026-02-03 00:56:46.407947
CLD,78.08,78.07,78.09,50000000.0,50000000.0,128,2026-02-03 00:56:46.407947
GGD,30.89,30.88,30.9,50000000.0,50000000.0,128,2026-02-03 00:56:46.407947
PNR,55.85,55.84,55.86,50000000.0,50000000.0,128,2026-02-03 00:56:46.407947
FSR,32.85,32.84,32.86,50000000.0,50000000.0,128,2026-02-03 00:56:46.407947
ATB,62.81,62.8,62.82,50000000.0,50000000.0,128,2026-02-03 00:56:46.407947
SPK,53.54,53.53,53.55,50000000.0,50000000.0,128,2026-02-03 00:56:46.407947
EEC,49.47,49.46,49.48,50000000.0,50000000.0,128,2026-02-03 00:56:46.407947
TGX,43.95,43.94,43.96,50000000.0,50000000.0,129,2026-02-03 00:56:47.439682
PHR,44.77,44.76,44.78,50000000.0,50000000.0,129,2026-02-03 00:56:47.439682
BYL,40.31,40.3,40.32,50000000.0,50000000.0,129,2026-02-03 00:56:47.439682
CLD,78.69,78.68,78.7,50000000.0,50000000.0,129,2026-02-03 00:56:47.439682
GGD,30.91,30.9,30.92,50000000.0,50000000.0,129,2026-02-03 00:56:47.439682
PNR,55.89,55.88,55.9,50000000.0,50000000.0,129,2026-02-03 00:56:47.439682
FSR,32.81,32.8,32.82,50000000.0,50000000.0,129,2026-02-03 00:56:47.439682
ATB,62.75,62.74,62.76,50000000.0,50000000.0,129,2026-02-03 00:56:47.439682
SPK,53.68,53.67,53.69,50000000.0,50000000.0,129,2026-02-03 00:56:47.439682
EEC,49.57,49.56,49.58,50000000.0,50000000.0,129,2026-02-03 00:56:47.439682
TGX,43.92,43.91,43.93,50000000.0,50000000.0,130,2026-02-03 00:56:48.471078
PHR,44.78,44.77,44.79,50000000.0,50000000.0,130,2026-02-03 00:56:48.471078
BYL,40.17,40.16,40.18,50000000.0,50000000.0,130,2026-02-03 00:56:48.471078
CLD,78.33,78.32,78.34,50000000.0,50000000.0,130,2026-02-03 00:56:48.471078
GGD,30.89,30.88,30.9,50000000.0,50000000.0,130,2026-02-03 00:56:48.471078
PNR,55.79,55.78,55.8,50000000.0,50000000.0,130,2026-02-03 00:56:48.471078
FSR,32.73,32.72,32.74,50000000.0,50000000.0,130,2026-02-03 00:56:48.471078
ATB,62.71,62.7,62.72,50000000.0,50000000.0,130,2026-02-03 00:56:48.471078
SPK,53.75,53.74,53.76,50000000.0,50000000.0,130,2026-02-03 00:56:48.471078
EEC,49.77,49.76,49.78,50000000.0,50000000.0,130,2026-02-03 00:56:48.471078
TGX,43.94,43.93,43.95,50000000.0,50000000.0,131,2026-02-03 00:56:49.510497
PHR,44.77,44.76,44.78,50000000.0,50000000.0,131,2026-02-03 00:56:49.510497
BYL,40.4,40.39,40.41,50000000.0,50000000.0,131,2026-02-03 00:56:49.510497
CLD,79.03,79.02,79.04,50000000.0,50000000.0,131,2026-02-03 00:56:49.510497
GGD,30.88,30.87,30.89,50000000.0,50000000.0,131,2026-02-03 00:56:49.510497
PNR,55.52,55.51,55.53,50000000.0,50000000.0,131,2026-02-03 00:56:49.510497
FSR,32.68,32.67,32.69,50000000.0,50000000.0,131,2026-02-03 00:56:49.510497
ATB,62.63,62.62,62.64,50000000.0,50000000.0,131,2026-02-03 00:56:49.510497
SPK,53.75,53.74,53.76,50000000.0,50000000.0,131,2026-02-03 00:56:49.510497
EEC,49.83,49.82,49.84,50000000.0,50000000.0,131,2026-02-03 00:56:49.510497
TGX,43.96,43.95,43.97,50000000.0,50000000.0,132,2026-02-03 00:56:50.545094
PHR,44.93,44.92,44.94,50000000.0,50000000.0,132,2026-02-03 00:56:50.545094
BYL,40.69,40.68,40.7,50000000.0,50000000.0,132,2026-02-03 00:56:50.545094
CLD,79.85,79.84,79.86,50000000.0,50000000.0,132,2026-02-03 00:56:50.545094
GGD,30.96,30.95,30.97,50000000.0,50000000.0,132,2026-02-03 00:56:50.545094
PNR,55.8,55.79,55.81,50000000.0,50000000.0,132,2026-02-03 00:56:50.545094
FSR,32.71,32.7,32.72,50000000.0,50000000.0,132,2026-02-03 00:56:50.545094
ATB,62.35,62.34,62.36,50000000.0,50000000.0,132,2026-02-03 00:56:50.545094
SPK,53.65,53.64,53.66,50000000.0,50000000.0,132,2026-02-03 00:56:50.545094
EEC,49.74,49.73,49.75,50000000.0,50000000.0,132,2026-02-03 00:56:50.545094
TGX,44.04,44.03,44.05,50000000.0,50000000.0,133,2026-02-03 00:56:51.083466,7.0,1.0,132.0,D5-SPK/EEC,Transmission Access Questions Raised,Independent power producers raise concerns about combined entity's transmission grid access.
PHR,44.82,44.81,44.83,50000000.0,50000000.0,133,2026-02-03 00:56:51.083466,,,,,,
BYL,40.72,40.71,40.73,50000000.0,50000000.0,133,2026-02-03 00:56:51.083466,,,,,,
CLD,79.86,79.85,79.87,50000000.0,50000000.0,133,2026-02-03 00:56:51.083466,,,,,,
