ticker,last_price,bid_price,ask_price,BUY_ZUAI-5,BUY_ZUAI-2,SELL_ZUAI-5,BUY_ANON,SELL_ANON,SELL_WRSW-6,BUY_WRSW-6,tick,timestamp
TGX,0.0,0.0,0.0,0,0,0,0,0,0,0,0,2026-02-03 09:43:04.607336
PHR,0.0,0.0,0.0,0,0,0,0,0,0,0,0,2026-02-03 09:43:04.607336
BYL,0.0,0.0,0.0,0,0,0,0,0,0,0,0,2026-02-03 09:43:04.607336
CLD,0.0,0.0,0.0,0,0,0,0,0,0,0,0,2026-02-03 09:43:04.607336
GGD,0.0,0.0,0.0,0,0,0,0,0,0,0,0,2026-02-03 09:43:04.607336
PNR,0.0,0.0,0.0,0,0,0,0,0,0,0,0,2026-02-03 09:43:04.607336
FSR,0.0,0.0,0.0,0,0,0,0,0,0,0,0,2026-02-03 09:43:04.607336
ATB,0.0,0.0,0.0,0,0,0,0,0,0,0,0,2026-02-03 09:43:04.607336
SPK,0.0,0.0,0.0,0,0,0,0,0,0,0,0,2026-02-03 09:43:04.607336
EEC,0.0,0.0,0.0,0,0,0,0,0,0,0,0,2026-02-03 09:43:04.607336
TGX,43.68,0.0,0.0,50000000.0,50000000.0,0,0,0,0,0,1,2026-02-03 09:43:05.157793,1.0,1.0,1.0,,Welcome to the RITC 2026 Merger Arbitrage Case - practice server,Good Luck!
PHR,47.5,0.0,0.0,50000000.0,50000000.0,0,0,0,0,0,1,2026-02-03 09:43:05.157793,,,,,,
BYL,43.49,0.0,0.0,50000000.0,50000000.0,0,0,0,0,0,1,2026-02-03 09:43:05.157793,,,,,,
CLD,79.3,0.0,0.0,50000000.0,50000000.0,0,0,0,0,0,1,2026-02-03 09:43:05.157793,,,,,,
GGD,31.48,0.0,0.0,50000000.0,50000000.0,0,0,0,0,0,1,2026-02-03 09:43:05.157793,,,,,,
PNR,59.8,0.0,0.0,50000000.0,50000000.0,0,0,0,0,0,1,2026-02-03 09:43:05.157793,,,,,,
FSR,30.5,0.0,0.0,50000000.0,50000000.0,0,0,0,0,0,1,2026-02-03 09:43:05.157793,,,,,,
ATB,62.2,0.0,0.0,50000000.0,50000000.0,0,0,0,0,0,1,2026-02-03 09:43:05.157793,,,,,,
SPK,52.81,0.0,0.0,50000000.0,50000000.0,0,0,0,0,0,1,2026-02-03 09:43:05.157793,,,,,,
EEC,48.0,0.0,0.0,50000000.0,50000000.0,0,0,0,0,0,1,2026-02-03 09:43:05.157793,,,,,,
TGX,43.69,43.68,43.7,50000000.0,50000000.0,0,0,0,0,0,2,2026-02-03 09:43:06.230150
PHR,47.46,47.45,47.47,50000000.0,50000000.0,0,0,0,0,0,2,2026-02-03 09:43:06.230150
BYL,43.74,43.73,43.75,50000000.0,50000000.0,0,0,0,0,0,2,2026-02-03 09:43:06.230150
CLD,79.86,79.85,79.87,50000000.0,50000000.0,0,0,0,0,0,2,2026-02-03 09:43:06.230150
GGD,31.43,31.42,31.44,50000000.0,50000000.0,0,0,0,0,0,2,2026-02-03 09:43:06.230150
PNR,59.48,59.47,59.49,50000000.0,50000000.0,0,0,0,0,0,2,2026-02-03 09:43:06.230150
FSR,30.45,30.44,30.46,50000000.0,50000000.0,0,0,0,0,0,2,2026-02-03 09:43:06.230150
ATB,62.27,62.26,62.28,50000000.0,50000000.0,0,0,0,0,0,2,2026-02-03 09:43:06.230150
SPK,52.63,52.62,52.64,50000000.0,50000000.0,0,0,0,0,0,2,2026-02-03 09:43:06.230150
EEC,47.71,47.7,47.72,50000000.0,50000000.0,0,0,0,0,0,2,2026-02-03 09:43:06.230150
TGX,43.7,43.69,43.71,50000000.0,50000000.0,0,0,0,0,0,3,2026-02-03 09:43:07.302295
PHR,46.57,46.56,46.58,50000000.0,50000000.0,0,0,0,0,0,3,2026-02-03 09:43:07.302295
BYL,43.78,43.77,43.79,50000000.0,50000000.0,0,0,0,0,0,3,2026-02-03 09:43:07.302295
CLD,79.86,79.85,79.87,50000000.0,50000000.0,0,0,0,0,0,3,2026-02-03 09:43:07.302295
GGD,31.43,31.42,31.44,50000000.0,50000000.0,0,0,0,0,0,3,2026-02-03 09:43:07.302295
PNR,59.68,59.67,59.69,50000000.0,50000000.0,0,0,0,0,0,3,2026-02-03 09:43:07.302295
FSR,30.4,30.39,30.41,50000000.0,50000000.0,0,0,0,0,0,3,2026-02-03 09:43:07.302295
ATB,61.92,61.91,61.93,50000000.0,50000000.0,0,0,0,0,0,3,2026-02-03 09:43:07.302295
SPK,52.64,52.63,52.65,50000000.0,50000000.0,0,0,0,0,0,3,2026-02-03 09:43:07.302295
EEC,47.75,47.74,47.76,50000000.0,50000000.0,0,0,0,0,0,3,2026-02-03 09:43:07.302295
TGX,43.74,43.73,43.75,50000000.0,50000000.0,0,0,0,0,0,4,2026-02-03 09:43:08.349580
PHR,46.45,46.44,46.46,50000000.0,50000000.0,0,0,0,0,0,4,2026-02-03 09:43:08.349580
BYL,43.82,43.81,43.83,50000000.0,50000000.0,0,0,0,0,0,4,2026-02-03 09:43:08.349580
CLD,80.03,80.02,80.04,50000000.0,50000000.0,0,0,0,0,0,4,2026-02-03 09:43:08.349580
GGD,31.45,31.44,31.46,50000000.0,50000000.0,0,0,0,0,0,4,2026-02-03 09:43:08.349580
PNR,59.49,59.48,59.5,50000000.0,50000000.0,0,0,0,0,0,4,2026-02-03 09:43:08.349580
FSR,30.37,30.36,30.38,50000000.0,50000000.0,0,0,0,0,0,4,2026-02-03 09:43:08.349580
ATB,61.97,61.96,61.98,50000000.0,50000000.0,0,0,0,0,0,4,2026-02-03 09:43:08.349580
SPK,52.54,52.53,52.55,50000000.0,50000000.0,0,0,0,0,0,4,2026-02-03 09:43:08.349580
EEC,47.51,47.5,47.52,50000000.0,50000000.0,0,0,0,0,0,4,2026-02-03 09:43:08.349580
TGX,43.7,43.69,43.71,50000000.0,50000000.0,0,0,0,0,0,5,2026-02-03 09:43:08.897962
PHR,46.65,46.64,46.66,50000000.0,50000000.0,0,0,0,0,0,5,2026-02-03 09:43:08.897962
BYL,43.66,43.65,43.67,50000000.0,50000000.0,0,0,0,0,0,5,2026-02-03 09:43:08.897962
CLD,79.49,79.48,79.5,50000000.0,50000000.0,0,0,0,0,0,5,2026-02-03 09:43:08.897962
GGD,31.42,31.41,31.43,50000000.0,50000000.0,0,0,0,0,0,5,2026-02-03 09:43:08.897962
PNR,59.46,59.45,59.47,50000000.0,50000000.0,0,0,0,0,0,5,2026-02-03 09:43:08.897962
FSR,30.33,30.32,30.34,50000000.0,50000000.0,0,0,0,0,0,5,2026-02-03 09:43:08.897962
ATB,61.83,61.82,61.84,50000000.0,50000000.0,0,0,0,0,0,5,2026-02-03 09:43:08.897962
SPK,52.46,52.45,52.47,50000000.0,50000000.0,0,0,0,0,0,5,2026-02-03 09:43:08.897962
EEC,47.35,47.34,47.36,50000000.0,50000000.0,0,0,0,0,0,5,2026-02-03 09:43:08.897962
TGX,43.73,43.72,43.74,50000000.0,50000000.0,0,0,0,0,0,6,2026-02-03 09:43:09.938847
PHR,46.63,46.62,46.64,50000000.0,50000000.0,0,0,0,0,0,6,2026-02-03 09:43:09.938847
BYL,43.61,43.6,43.62,50000000.0,50000000.0,0,0,0,0,0,6,2026-02-03 09:43:09.938847
CLD,79.45,79.44,79.46,50000000.0,50000000.0,0,0,0,0,0,6,2026-02-03 09:43:09.938847
GGD,31.44,31.43,31.45,50000000.0,50000000.0,0,0,0,0,0,6,2026-02-03 09:43:09.938847
PNR,59.45,59.44,59.46,50000000.0,50000000.0,0,0,0,0,0,6,2026-02-03 09:43:09.938847
FSR,30.32,30.31,30.33,50000000.0,50000000.0,0,0,0,0,0,6,2026-02-03 09:43:09.938847
ATB,61.45,61.44,61.46,50000000.0,50000000.0,0,0,0,0,0,6,2026-02-03 09:43:09.938847
SPK,52.46,52.45,52.47,50000000.0,50000000.0,0,0,0,0,0,6,2026-02-03 09:43:09.938847
EEC,47.34,47.33,47.35,50000000.0,50000000.0,0,0,0,0,0,6,2026-02-03 09:43:09.938847
TGX,43.77,43.76,43.78,50000000.0,50000000.0,0,0,0,0,0,7,2026-02-03 09:43:10.974698
PHR,46.21,46.2,46.22,50000000.0,50000000.0,0,0,0,0,0,7,2026-02-03 09:43:10.974698
BYL,43.42,43.41,43.43,50000000.0,50000000.0,0,0,0,0,0,7,2026-02-03 09:43:10.974698
CLD,79.09,79.08,79.1,50000000.0,50000000.0,0,0,0,0,0,7,2026-02-03 09:43:10.974698
GGD,31.42,31.41,31.43,50000000.0,50000000.0,0,0,0,0,0,7,2026-02-03 09:43:10.974698
PNR,59.61,59.6,59.62,50000000.0,50000000.0,0,0,0,0,0,7,2026-02-03 09:43:10.974698
FSR,30.29,30.28,30.3,50000000.0,50000000.0,0,0,0,0,0,7,2026-02-03 09:43:10.974698
ATB,61.4,61.39,61.41,50000000.0,50000000.0,0,0,0,0,0,7,2026-02-03 09:43:10.974698
SPK,52.32,52.31,52.33,50000000.0,50000000.0,0,0,0,0,0,7,2026-02-03 09:43:10.974698
EEC,47.12,47.11,47.13,50000000.0,50000000.0,0,0,0,0,0,7,2026-02-03 09:43:10.974698
TGX,43.77,43.76,43.78,50000000.0,50000000.0,0,0,0,0,0,8,2026-02-03 09:43:12.006261
PHR,46.56,46.55,46.57,50000000.0,50000000.0,0,0,0,0,0,8,2026-02-03 09:43:12.006261
BYL,43.61,43.6,43.62,50000000.0,50000000.0,0,0,0,0,0,8,2026-02-03 09:43:12.006261
CLD,79.59,79.58,79.6,50000000.0,50000000.0,0,0,0,0,0,8,2026-02-03 09:43:12.006261
GGD,31.38,31.37,31.39,50000000.0,50000000.0,0,0,0,0,0,8,2026-02-03 09:43:12.006261
PNR,59.15,59.14,59.16,50000000.0,50000000.0,0,0,0,0,0,8,2026-02-03 09:43:12.006261
FSR,30.28,30.27,30.29,50000000.0,50000000.0,0,0,0,0,0,8,2026-02-03 09:43:12.006261
ATB,61.27,61.26,61.28,50000000.0,50000000.0,0,0,0,0,0,8,2026-02-03 09:43:12.006261
SPK,52.36,52.35,52.37,50000000.0,50000000.0,0,0,0,0,0,8,2026-02-03 09:43:12.006261
EEC,47.18,47.17,47.19,50000000.0,50000000.0,0,0,0,0,0,8,2026-02-03 09:43:12.006261
TGX,43.8,43.79,43.81,50000000.0,50000000.0,0,0,0,0,0,9,2026-02-03 09:43:13.057705
PHR,46.46,46.45,46.47,50000000.0,50000000.0,0,0,0,0,0,9,2026-02-03 09:43:13.057705
BYL,43.37,43.36,43.38,50000000.0,50000000.0,0,0,0,0,0,9,2026-02-03 09:43:13.057705
CLD,79.08,79.07,79.09,50000000.0,50000000.0,0,0,0,0,0,9,2026-02-03 09:43:13.057705
GGD,31.37,31.36,31.38,50000000.0,50000000.0,0,0,0,0,0,9,2026-02-03 09:43:13.057705
PNR,59.07,59.06,59.08,50000000.0,50000000.0,0,0,0,0,0,9,2026-02-03 09:43:13.057705
FSR,30.28,30.27,30.29,50000000.0,50000000.0,0,0,0,0,0,9,2026-02-03 09:43:13.057705
ATB,61.49,61.48,61.5,50000000.0,50000000.0,0,0,0,0,0,9,2026-02-03 09:43:13.057705
SPK,52.51,52.5,52.52,50000000.0,50000000.0,0,0,0,0,0,9,2026-02-03 09:43:13.057705
EEC,47.5,47.49,47.51,50000000.0,50000000.0,0,0,0,0,0,9,2026-02-03 09:43:13.057705
TGX,43.79,43.78,43.8,50000000.0,50000000.0,0,0,0,0,0,10,2026-02-03 09:43:14.095319
PHR,46.43,46.42,46.44,50000000.0,50000000.0,0,0,0,0,0,10,2026-02-03 09:43:14.095319
BYL,43.42,43.41,43.43,50000000.0,50000000.0,0,0,0,0,0,10,2026-02-03 09:43:14.095319
CLD,79.25,79.24,79.26,50000000.0,50000000.0,0,0,0,0,0,10,2026-02-03 09:43:14.095319
GGD,31.31,31.3,31.32,50000000.0,50000000.0,0,0,0,0,0,10,2026-02-03 09:43:14.095319
PNR,58.75,58.74,58.76,50000000.0,50000000.0,0,0,0,0,0,10,2026-02-03 09:43:14.095319
FSR,30.24,30.23,30.25,50000000.0,50000000.0,0,0,0,0,0,10,2026-02-03 09:43:14.095319
ATB,61.23,61.22,61.24,50000000.0,50000000.0,0,0,0,0,0,10,2026-02-03 09:43:14.095319
SPK,52.53,52.52,52.54,50000000.0,50000000.0,0,0,0,0,0,10,2026-02-03 09:43:14.095319
EEC,47.59,47.58,47.6,50000000.0,50000000.0,0,0,0,0,0,10,2026-02-03 09:43:14.095319
TGX,43.84,43.83,43.85,50000000.0,50000000.0,0,0,0,0,0,11,2026-02-03 09:43:15.195573
PHR,46.69,46.68,46.7,50000000.0,50000000.0,0,0,0,0,0,11,2026-02-03 09:43:15.195573
BYL,43.36,43.35,43.37,50000000.0,50000000.0,0,0,0,0,0,11,2026-02-03 09:43:15.195573
CLD,79.23,79.22,79.24,50000000.0,50000000.0,0,0,0,0,0,11,2026-02-03 09:43:15.195573
GGD,31.35,31.34,31.36,50000000.0,50000000.0,0,0,0,0,0,11,2026-02-03 09:43:15.195573
PNR,58.68,58.67,58.69,50000000.0,50000000.0,0,0,0,0,0,11,2026-02-03 09:43:15.195573
FSR,30.24,30.23,30.25,50000000.0,50000000.0,0,0,0,0,0,11,2026-02-03 09:43:15.195573
ATB,61.16,61.15,61.17,50000000.0,50000000.0,0,0,0,0,0,11,2026-02-03 09:43:15.195573
SPK,52.53,52.52,52.54,50000000.0,50000000.0,0,0,0,0,0,11,2026-02-03 09:43:15.195573
EEC,47.58,47.57,47.59,50000000.0,50000000.0,0,0,0,0,0,11,2026-02-03 09:43:15.195573
TGX,43.85,43.84,43.86,50000000.0,50000000.0,0,0,0,0,0,12,2026-02-03 09:43:16.268243
PHR,46.42,46.41,46.43,50000000.0,50000000.0,0,0,0,0,0,12,2026-02-03 09:43:16.268243
BYL,43.29,43.28,43.3,50000000.0,50000000.0,0,0,0,0,0,12,2026-02-03 09:43:16.268243
CLD,79.11,79.1,79.12,50000000.0,50000000.0,0,0,0,0,0,12,2026-02-03 09:43:16.268243
GGD,31.38,31.37,31.39,50000000.0,50000000.0,0,0,0,0,0,12,2026-02-03 09:43:16.268243
PNR,58.34,58.33,58.35,50000000.0,50000000.0,0,0,0,0,0,12,2026-02-03 09:43:16.268243
FSR,30.25,30.24,30.26,50000000.0,50000000.0,0,0,0,0,0,12,2026-02-03 09:43:16.268243
ATB,61.43,61.42,61.44,50000000.0,50000000.0,0,0,0,0,0,12,2026-02-03 09:43:16.268243
SPK,52.53,52.52,52.54,50000000.0,50000000.0,0,0,0,0,0,12,2026-02-03 09:43:16.268243
EEC,47.58,47.57,47.59,50000000.0,50000000.0,0,0,0,0,0,12,2026-02-03 09:43:16.268243
TGX,43.84,43.83,43.85,50000000.0,50000000.0,0,0,0,0,0,13,2026-02-03 09:43:17.322221
PHR,46.37,46.36,46.38,50000000.0,50000000.0,0,0,0,0,0,13,2026-02-03 09:43:17.322221
BYL,43.25,43.24,43.26,50000000.0,50000000.0,0,0,0,0,0,13,2026-02-03 09:43:17.322221
CLD,78.9,78.89,78.91,50000000.0,50000000.0,0,0,0,0,0,13,2026-02-03 09:43:17.322221
GGD,31.41,31.4,31.42,50000000.0,50000000.0,0,0,0,0,0,13,2026-02-03 09:43:17.322221
PNR,58.08,58.07,58.09,50000000.0,50000000.0,0,0,0,0,0,13,2026-02-03 09:43:17.322221
FSR,30.34,30.33,30.35,50000000.0,50000000.0,0,0,0,0,0,13,2026-02-03 09:43:17.322221
ATB,61.34,61.33,61.35,50000000.0,50000000.0,0,0,0,0,0,13,2026-02-03 09:43:17.322221
SPK,52.43,52.42,52.44,50000000.0,50000000.0,0,0,0,0,0,13,2026-02-03 09:43:17.322221
EEC,47.41,47.4,47.42,50000000.0,50000000.0,0,0,0,0,0,13,2026-02-03 09:43:17.322221
TGX,43.84,43.83,43.85,50000000.0,50000000.0,0,0,0,0,0,14,2026-02-03 09:43:18.381191
PHR,46.34,46.33,46.35,50000000.0,50000000.0,0,0,0,0,0,14,2026-02-03 09:43:18.381191
BYL,43.33,43.32,43.34,50000000.0,50000000.0,0,0,0,0,0,14,2026-02-03 09:43:18.381191
CLD,79.03,79.02,79.04,50000000.0,50000000.0,0,0,0,0,0,14,2026-02-03 09:43:18.381191
GGD,31.38,31.37,31.39,50000000.0,50000000.0,0,0,0,0,0,14,2026-02-03 09:43:18.381191
PNR,58.13,58.12,58.14,50000000.0,50000000.0,0,0,0,0,0,14,2026-02-03 09:43:18.381191
FSR,30.43,30.42,30.44,50000000.0,50000000.0,0,0,0,0,0,14,2026-02-03 09:43:18.381191
ATB,60.97,60.96,60.98,50000000.0,50000000.0,0,0,0,0,0,14,2026-02-03 09:43:18.381191
SPK,52.61,52.6,52.62,50000000.0,50000000.0,0,0,0,0,0,14,2026-02-03 09:43:18.381191
EEC,47.75,47.74,47.76,50000000.0,50000000.0,0,0,0,0,0,14,2026-02-03 09:43:18.381191
TGX,43.84,43.83,43.85,50000000.0,50000000.0,0,0,0,0,0,15,2026-02-03 09:43:18.925237
PHR,45.94,45.93,45.95,50000000.0,50000000.0,0,0,0,0,0,15,2026-02-03 09:43:18.925237
BYL,43.35,43.34,43.36,50000000.0,50000000.0,0,0,0,0,0,15,2026-02-03 09:43:18.925237
CLD,79.12,79.11,79.13,50000000.0,50000000.0,0,0,0,0,0,15,2026-02-03 09:43:18.925237
GGD,31.33,31.32,31.34,50000000.0,50000000.0,0,0,0,0,0,15,2026-02-03 09:43:18.925237
PNR,58.19,58.18,58.2,50000000.0,50000000.0,0,0,0,0,0,15,2026-02-03 09:43:18.925237
FSR,30.44,30.43,30.45,50000000.0,50000000.0,0,0,0,0,0,15,2026-02-03 09:43:18.925237
ATB,60.73,60.72,60.74,50000000.0,50000000.0,0,0,0,0,0,15,2026-02-03 09:43:18.925237
SPK,52.54,52.53,52.55,50000000.0,50000000.0,0,0,0,0,0,15,2026-02-03 09:43:18.925237
EEC,47.58,47.57,47.59,50000000.0,50000000.0,0,0,0,0,0,15,2026-02-03 09:43:18.925237
TGX,43.8,43.79,43.81,50000000.0,50000000.0,0,0,0,0,0,16,2026-02-03 09:43:19.965771
PHR,45.68,45.67,45.69,50000000.0,50000000.0,0,0,0,0,0,16,2026-02-03 09:43:19.965771
BYL,43.5,43.49,43.51,50000000.0,50000000.0,0,0,0,0,0,16,2026-02-03 09:43:19.965771
CLD,79.47,79.46,79.48,50000000.0,50000000.0,0,0,0,0,0,16,2026-02-03 09:43:19.965771
GGD,31.32,31.31,31.33,50000000.0,50000000.0,0,0,0,0,0,16,2026-02-03 09:43:19.965771
PNR,58.25,58.24,58.26,50000000.0,50000000.0,0,0,0,0,0,16,2026-02-03 09:43:19.965771
FSR,30.37,30.36,30.38,50000000.0,50000000.0,0,0,0,0,0,16,2026-02-03 09:43:19.965771
ATB,60.96,60.95,60.97,50000000.0,50000000.0,0,0,0,0,0,16,2026-02-03 09:43:19.965771
SPK,52.68,52.67,52.69,50000000.0,50000000.0,0,0,0,0,0,16,2026-02-03 09:43:19.965771
EEC,47.81,47.8,47.82,50000000.0,50000000.0,0,0,0,0,0,16,2026-02-03 09:43:19.965771
TGX,43.72,43.71,43.73,50000000.0,50000000.0,0,0,0,0,0,17,2026-02-03 09:43:21.005417
PHR,45.86,45.85,45.87,50000000.0,50000000.0,0,0,0,0,0,17,2026-02-03 09:43:21.005417
BYL,43.67,43.66,43.68,50000000.0,50000000.0,0,0,0,0,0,17,2026-02-03 09:43:21.005417
CLD,79.92,79.91,79.93,50000000.0,50000000.0,0,0,0,0,0,17,2026-02-03 09:43:21.005417
GGD,31.3,31.29,31.31,50000000.0,50000000.0,0,0,0,0,0,17,2026-02-03 09:43:21.005417
PNR,58.12,58.11,58.13,50000000.0,50000000.0,0,0,0,0,0,17,2026-02-03 09:43:21.005417
FSR,30.35,30.34,30.36,50000000.0,50000000.0,0,0,0,0,0,17,2026-02-03 09:43:21.005417
ATB,60.97,60.96,60.98,50000000.0,50000000.0,0,0,0,0,0,17,2026-02-03 09:43:21.005417
SPK,52.77,52.76,52.78,50000000.0,50000000.0,0,0,0,0,0,17,2026-02-03 09:43:21.005417
EEC,47.9,47.89,47.91,50000000.0,50000000.0,0,0,0,0,0,17,2026-02-03 09:43:21.005417
TGX,43.71,43.7,43.72,50000000.0,50000000.0,0,0,0,0,0,18,2026-02-03 09:43:22.052654
PHR,45.54,45.53,45.55,50000000.0,50000000.0,0,0,0,0,0,18,2026-02-03 09:43:22.052654
BYL,43.71,43.7,43.72,50000000.0,50000000.0,0,0,0,0,0,18,2026-02-03 09:43:22.052654
CLD,80.05,80.04,80.06,50000000.0,50000000.0,0,0,0,0,0,18,2026-02-03 09:43:22.052654
GGD,31.26,31.25,31.27,50000000.0,50000000.0,0,0,0,0,0,18,2026-02-03 09:43:22.052654
PNR,57.89,57.88,57.9,50000000.0,50000000.0,0,0,0,0,0,18,2026-02-03 09:43:22.052654
FSR,30.38,30.37,30.39,50000000.0,50000000.0,0,0,0,0,0,18,2026-02-03 09:43:22.052654
ATB,61.14,61.13,61.15,50000000.0,50000000.0,0,0,0,0,0,18,2026-02-03 09:43:22.052654
SPK,52.74,52.73,52.75,50000000.0,50000000.0,0,0,0,0,0,18,2026-02-03 09:43:22.052654
EEC,47.8,47.79,47.81,50000000.0,50000000.0,0,0,0,0,0,18,2026-02-03 09:43:22.052654
TGX,43.73,43.72,43.74,50000000.0,50000000.0,0,0,0,0,0,19,2026-02-03 09:43:23.097677
PHR,45.35,45.34,45.36,50000000.0,50000000.0,0,0,0,0,0,19,2026-02-03 09:43:23.097677
BYL,43.43,43.42,43.44,50000000.0,50000000.0,0,0,0,0,0,19,2026-02-03 09:43:23.097677
CLD,79.4,79.39,79.41,50000000.0,50000000.0,0,0,0,0,0,19,2026-02-03 09:43:23.097677
GGD,31.29,31.28,31.3,50000000.0,50000000.0,0,0,0,0,0,19,2026-02-03 09:43:23.097677
PNR,57.82,57.81,57.83,50000000.0,50000000.0,0,0,0,0,0,19,2026-02-03 09:43:23.097677
FSR,30.38,30.37,30.39,50000000.0,50000000.0,0,0,0,0,0,19,2026-02-03 09:43:23.097677
ATB,60.9,60.89,60.91,50000000.0,50000000.0,0,0,0,0,0,19,2026-02-03 09:43:23.097677
SPK,52.6,52.59,52.61,50000000.0,50000000.0,0,0,0,0,0,19,2026-02-03 09:43:23.097677
EEC,47.55,47.54,47.56,50000000.0,50000000.0,0,0,0,0,0,19,2026-02-03 09:43:23.097677
TGX,43.74,43.73,43.75,50000000.0,50000000.0,0,0,0,0,0,20,2026-02-03 09:43:24.138910
PHR,45.58,45.57,45.59,50000000.0,50000000.0,0,0,0,0,0,20,2026-02-03 09:43:24.138910
BYL,43.47,43.46,43.48,50000000.0,50000000.0,0,0,0,0,0,20,2026-02-03 09:43:24.138910
CLD,79.48,79.47,79.49,50000000.0,50000000.0,0,0,0,0,0,20,2026-02-03 09:43:24.138910
GGD,31.25,31.24,31.26,50000000.0,50000000.0,0,0,0,0,0,20,2026-02-03 09:43:24.138910
PNR,57.2,57.19,57.21,50000000.0,50000000.0,0,0,0,0,0,20,2026-02-03 09:43:24.138910
FSR,30.36,30.35,30.37,50000000.0,50000000.0,0,0,0,0,0,20,2026-02-03 09:43:24.138910
ATB,60.79,60.78,60.8,50000000.0,50000000.0,0,0,0,0,0,20,2026-02-03 09:43:24.138910
SPK,52.41,52.4,52.42,50000000.0,50000000.0,0,0,0,0,0,20,2026-02-03 09:43:24.138910
EEC,47.21,47.2,47.22,50000000.0,50000000.0,0,0,0,0,0,20,2026-02-03 09:43:24.138910
TGX,43.82,43.81,43.83,50000000.0,50000000.0,0,0,0,0,0,21,2026-02-03 09:43:25.192286,2.0,1.0,20.0,D2-BYL/CLD,Third-Party Regulatory Analysis Published,"An independent regulatory research firm has published a detailed analysis of the ByteLayer/CloudSys transaction's competitive implications in the enterprise cloud infrastructure market. The report reaches mixed conclusions, identifying potential consumer benefits from operational synergies alongside concerns about reduced competitive alternatives. The analysis has been circulated among regulatory staff, though its influence on the formal review remains uncertain."
PHR,45.29,45.28,45.3,50000000.0,50000000.0,0,0,0,0,0,21,2026-02-03 09:43:25.192286,,,,,,
BYL,43.41,43.4,43.42,50000000.0,50000000.0,0,0,0,0,0,21,2026-02-03 09:43:25.192286,,,,,,
CLD,79.34,79.33,79.35,50000000.0,50000000.0,0,0,0,0,0,21,2026-02-03 09:43:25.192286,,,,,,
GGD,31.29,31.28,31.3,50000000.0,50000000.0,0,0,0,0,0,21,2026-02-03 09:43:25.192286,,,,,,
PNR,57.51,57.5,57.52,50000000.0,50000000.0,0,0,0,0,0,21,2026-02-03 09:43:25.192286,,,,,,
FSR,30.37,30.36,30.38,50000000.0,50000000.0,0,0,0,0,0,21,2026-02-03 09:43:25.192286,,,,,,
ATB,60.83,60.82,60.84,50000000.0,50000000.0,0,0,0,0,0,21,2026-02-03 09:43:25.192286,,,,,,
SPK,52.44,52.43,52.45,50000000.0,50000000.0,0,0,0,0,0,21,2026-02-03 09:43:25.192286,,,,,,
EEC,47.26,47.25,47.27,50000000.0,50000000.0,0,0,0,0,0,21,2026-02-03 09:43:25.192286,,,,,,
TGX,43.84,43.83,43.85,50000000.0,50000000.0,0,0,0,0,0,22,2026-02-03 09:43:26.342967
PHR,45.47,45.46,45.48,50000000.0,50000000.0,0,0,0,0,0,22,2026-02-03 09:43:26.342967
BYL,43.36,43.35,43.37,50000000.0,50000000.0,0,0,0,0,0,22,2026-02-03 09:43:26.342967
CLD,79.24,79.23,79.25,50000000.0,50000000.0,0,0,0,0,0,22,2026-02-03 09:43:26.342967
GGD,31.19,31.18,31.2,50000000.0,50000000.0,0,0,0,0,0,22,2026-02-03 09:43:26.342967
PNR,57.03,57.02,57.04,50000000.0,50000000.0,0,0,0,0,0,22,2026-02-03 09:43:26.342967
FSR,30.38,30.37,30.39,50000000.0,50000000.0,0,0,0,0,0,22,2026-02-03 09:43:26.342967
ATB,61.02,61.01,61.03,50000000.0,50000000.0,0,0,0,0,0,22,2026-02-03 09:43:26.342967
SPK,52.54,52.53,52.55,50000000.0,50000000.0,0,0,0,0,0,22,2026-02-03 09:43:26.342967
EEC,47.47,47.46,47.48,50000000.0,50000000.0,0,0,0,0,0,22,2026-02-03 09:43:26.342967
TGX,43.87,43.86,43.88,50000000.0,50000000.0,0,0,0,0,0,23,2026-02-03 09:43:27.395795,3.0,1.0,22.0,D4-FSR/ATB,State Banking Regulators Provide Clearance,Key state banking departments approve transaction across all relevant jurisdictions.
PHR,45.63,45.62,45.64,50000000.0,50000000.0,0,0,0,0,0,23,2026-02-03 09:43:27.395795,,,,,,
BYL,43.15,43.14,43.16,50000000.0,50000000.0,0,0,0,0,0,23,2026-02-03 09:43:27.395795,,,,,,
CLD,78.86,78.85,78.87,50000000.0,50000000.0,0,0,0,0,0,23,2026-02-03 09:43:27.395795,,,,,,
GGD,31.15,31.14,31.16,50000000.0,50000000.0,0,0,0,0,0,23,2026-02-03 09:43:27.395795,,,,,,
PNR,56.96,56.95,56.97,50000000.0,50000000.0,0,0,0,0,0,23,2026-02-03 09:43:27.395795,,,,,,
FSR,30.39,30.38,30.4,50000000.0,50000000.0,0,0,0,0,0,23,2026-02-03 09:43:27.395795,,,,,,
ATB,61.24,61.23,61.25,50000000.0,50000000.0,0,0,0,0,0,23,2026-02-03 09:43:27.395795,,,,,,
SPK,52.43,52.42,52.44,50000000.0,50000000.0,0,0,0,0,0,23,2026-02-03 09:43:27.395795,,,,,,
EEC,47.25,47.24,47.26,50000000.0,50000000.0,0,0,0,0,0,23,2026-02-03 09:43:27.395795,,,,,,
TGX,43.86,43.85,43.87,50000000.0,50000000.0,0,0,0,0,0,24,2026-02-03 09:43:28.449724
PHR,45.45,45.44,45.46,50000000.0,50000000.0,0,0,0,0,0,24,2026-02-03 09:43:28.449724
BYL,43.06,43.05,43.07,50000000.0,50000000.0,0,0,0,0,0,24,2026-02-03 09:43:28.449724
CLD,78.6,78.59,78.61,50000000.0,50000000.0,0,0,0,0,0,24,2026-02-03 09:43:28.449724
GGD,31.2,31.19,31.21,50000000.0,50000000.0,0,0,0,0,0,24,2026-02-03 09:43:28.449724
PNR,57.23,57.22,57.24,50000000.0,50000000.0,0,0,0,0,0,24,2026-02-03 09:43:28.449724
FSR,30.46,30.45,30.47,50000000.0,50000000.0,0,0,0,0,0,24,2026-02-03 09:43:28.449724
ATB,61.28,61.27,61.29,50000000.0,50000000.0,0,0,0,0,0,24,2026-02-03 09:43:28.449724
SPK,52.42,52.41,52.43,50000000.0,50000000.0,0,0,0,0,0,24,2026-02-03 09:43:28.449724
EEC,47.22,47.21,47.23,50000000.0,50000000.0,0,0,0,0,0,24,2026-02-03 09:43:28.449724
TGX,43.83,43.82,43.84,50000000.0,50000000.0,0,0,0,0,0,25,2026-02-03 09:43:28.982574
PHR,45.57,45.56,45.58,50000000.0,50000000.0,0,0,0,0,0,25,2026-02-03 09:43:28.982574
BYL,42.94,42.93,42.95,50000000.0,50000000.0,0,0,0,0,0,25,2026-02-03 09:43:28.982574
CLD,78.25,78.24,78.26,50000000.0,50000000.0,0,0,0,0,0,25,2026-02-03 09:43:28.982574
GGD,31.23,31.22,31.24,50000000.0,50000000.0,0,0,0,0,0,25,2026-02-03 09:43:28.982574
PNR,57.43,57.42,57.44,50000000.0,50000000.0,0,0,0,0,0,25,2026-02-03 09:43:28.982574
FSR,30.45,30.44,30.46,50000000.0,50000000.0,0,0,0,0,0,25,2026-02-03 09:43:28.982574
ATB,61.34,61.33,61.35,50000000.0,50000000.0,0,0,0,0,0,25,2026-02-03 09:43:28.982574
SPK,52.44,52.43,52.45,50000000.0,50000000.0,0,0,0,0,0,25,2026-02-03 09:43:28.982574
EEC,47.25,47.24,47.26,50000000.0,50000000.0,0,0,0,0,0,25,2026-02-03 09:43:28.982574
TGX,43.8,43.79,43.81,50000000.0,50000000.0,0,0,0,0,0,26,2026-02-03 09:43:30.026802
PHR,45.64,45.63,45.65,50000000.0,50000000.0,0,0,0,0,0,26,2026-02-03 09:43:30.026802
BYL,42.9,42.89,42.91,50000000.0,50000000.0,0,0,0,0,0,26,2026-02-03 09:43:30.026802
CLD,78.09,78.08,78.1,50000000.0,50000000.0,0,0,0,0,0,26,2026-02-03 09:43:30.026802
GGD,31.21,31.2,31.22,50000000.0,50000000.0,0,0,0,0,0,26,2026-02-03 09:43:30.026802
PNR,57.66,57.65,57.67,50000000.0,50000000.0,0,0,0,0,0,26,2026-02-03 09:43:30.026802
FSR,30.42,30.41,30.43,50000000.0,50000000.0,0,0,0,0,0,26,2026-02-03 09:43:30.026802
ATB,61.41,61.4,61.42,50000000.0,50000000.0,0,0,0,0,0,26,2026-02-03 09:43:30.026802
SPK,52.49,52.48,52.5,50000000.0,50000000.0,0,0,0,0,0,26,2026-02-03 09:43:30.026802
EEC,47.37,47.36,47.38,50000000.0,50000000.0,0,0,0,0,0,26,2026-02-03 09:43:30.026802
TGX,43.84,43.83,43.85,50000000.0,50000000.0,0,0,0,0,0,27,2026-02-03 09:43:31.066100
PHR,45.74,45.73,45.75,50000000.0,50000000.0,0,0,0,0,0,27,2026-02-03 09:43:31.066100
BYL,43.24,43.23,43.25,50000000.0,50000000.0,0,0,0,0,0,27,2026-02-03 09:43:31.066100
CLD,78.89,78.88,78.9,50000000.0,50000000.0,0,0,0,0,0,27,2026-02-03 09:43:31.066100
GGD,31.17,31.16,31.18,50000000.0,50000000.0,0,0,0,0,0,27,2026-02-03 09:43:31.066100
PNR,57.35,57.34,57.36,50000000.0,50000000.0,0,0,0,0,0,27,2026-02-03 09:43:31.066100
FSR,30.48,30.47,30.49,50000000.0,50000000.0,0,0,0,0,0,27,2026-02-03 09:43:31.066100
ATB,61.45,61.44,61.46,50000000.0,50000000.0,0,0,0,0,0,27,2026-02-03 09:43:31.066100
SPK,52.46,52.45,52.47,50000000.0,50000000.0,0,0,0,0,0,27,2026-02-03 09:43:31.066100
EEC,47.35,47.34,47.36,50000000.0,50000000.0,0,0,0,0,0,27,2026-02-03 09:43:31.066100
TGX,43.79,43.78,43.8,50000000.0,50000000.0,0,0,0,0,0,28,2026-02-03 09:43:32.104565,5.0,1.0,27.0,D1-TGX/PHR,Proxy Advisory Firm ISS Recommends Approval,"Institutional Shareholder Services issues a report recommending TGX shareholders vote in favor of the transaction, citing attractive premium and strategic rationale."
PHR,46.07,46.06,46.08,50000000.0,50000000.0,0,0,0,0,0,28,2026-02-03 09:43:32.104565,4.0,1.0,27.0,D1-TGX/PHR,UK CMA Provisionally Clears Deal,The UK Competition and Markets Authority has issued a provisional finding that the transaction does not raise substantial competition concerns in UK markets.
BYL,43.34,43.33,43.35,50000000.0,50000000.0,0,0,0,0,0,28,2026-02-03 09:43:32.104565,,,,,,
CLD,79.15,79.14,79.16,50000000.0,50000000.0,0,0,0,0,0,28,2026-02-03 09:43:32.104565,,,,,,
GGD,31.21,31.2,31.22,50000000.0,50000000.0,0,0,0,0,0,28,2026-02-03 09:43:32.104565,,,,,,
PNR,57.58,57.57,57.59,50000000.0,50000000.0,0,0,0,0,0,28,2026-02-03 09:43:32.104565,,,,,,
FSR,30.51,30.49,30.51,50000000.0,50000000.0,0,0,0,0,0,28,2026-02-03 09:43:32.104565,,,,,,
ATB,61.54,61.54,61.56,50000000.0,50000000.0,0,0,0,0,0,28,2026-02-03 09:43:32.104565,,,,,,
SPK,52.41,52.4,52.42,50000000.0,50000000.0,0,0,0,0,0,28,2026-02-03 09:43:32.104565,,,,,,
EEC,47.2,47.19,47.21,50000000.0,50000000.0,0,0,0,0,0,28,2026-02-03 09:43:32.104565,,,,,,
TGX,43.78,43.77,43.79,50000000.0,50000000.0,0,0,0,0,0,29,2026-02-03 09:43:33.140472
PHR,45.92,45.91,45.93,50000000.0,50000000.0,0,0,0,0,0,29,2026-02-03 09:43:33.140472
BYL,43.2,43.19,43.21,50000000.0,50000000.0,0,0,0,0,0,29,2026-02-03 09:43:33.140472
CLD,78.89,78.88,78.9,50000000.0,50000000.0,0,0,0,0,0,29,2026-02-03 09:43:33.140472
GGD,31.24,31.23,31.25,50000000.0,50000000.0,0,0,0,0,0,29,2026-02-03 09:43:33.140472
PNR,57.94,57.93,57.95,50000000.0,50000000.0,0,0,0,0,0,29,2026-02-03 09:43:33.140472
FSR,30.52,30.51,30.53,50000000.0,50000000.0,0,0,0,0,0,29,2026-02-03 09:43:33.140472
ATB,61.7,61.69,61.71,50000000.0,50000000.0,0,0,0,0,0,29,2026-02-03 09:43:33.140472
SPK,52.31,52.3,52.32,50000000.0,50000000.0,0,0,0,0,0,29,2026-02-03 09:43:33.140472
EEC,46.99,46.98,47.0,50000000.0,50000000.0,0,0,0,0,0,29,2026-02-03 09:43:33.140472
TGX,43.76,43.75,43.77,50000000.0,50000000.0,0,0,0,0,0,30,2026-02-03 09:43:34.185260
PHR,45.83,45.82,45.84,50000000.0,50000000.0,0,0,0,0,0,30,2026-02-03 09:43:34.185260
BYL,43.22,43.21,43.23,50000000.0,50000000.0,0,0,0,0,0,30,2026-02-03 09:43:34.185260
CLD,78.94,78.93,78.95,50000000.0,50000000.0,0,0,0,0,0,30,2026-02-03 09:43:34.185260
GGD,31.27,31.26,31.28,50000000.0,50000000.0,0,0,0,0,0,30,2026-02-03 09:43:34.185260
PNR,58.18,58.17,58.19,50000000.0,50000000.0,0,0,0,0,0,30,2026-02-03 09:43:34.185260
FSR,30.66,30.65,30.67,50000000.0,50000000.0,0,0,0,0,0,30,2026-02-03 09:43:34.185260
ATB,61.61,61.6,61.62,50000000.0,50000000.0,0,0,0,0,0,30,2026-02-03 09:43:34.185260
SPK,52.43,52.42,52.44,50000000.0,50000000.0,0,0,0,0,0,30,2026-02-03 09:43:34.185260
EEC,47.24,47.23,47.25,50000000.0,50000000.0,0,0,0,0,0,30,2026-02-03 09:43:34.185260
TGX,43.74,43.73,43.75,50000000.0,50000000.0,0,0,0,0,0,31,2026-02-03 09:43:35.237225
PHR,45.83,45.82,45.84,50000000.0,50000000.0,0,0,0,0,0,31,2026-02-03 09:43:35.237225
BYL,43.07,43.06,43.08,50000000.0,50000000.0,0,0,0,0,0,31,2026-02-03 09:43:35.237225
CLD,78.65,78.64,78.66,50000000.0,50000000.0,0,0,0,0,0,31,2026-02-03 09:43:35.237225
GGD,31.23,31.22,31.24,50000000.0,50000000.0,0,0,0,0,0,31,2026-02-03 09:43:35.237225
PNR,58.46,58.45,58.47,50000000.0,50000000.0,0,0,0,0,0,31,2026-02-03 09:43:35.237225
FSR,30.62,30.61,30.63,50000000.0,50000000.0,0,0,0,0,0,31,2026-02-03 09:43:35.237225
ATB,61.48,61.47,61.49,50000000.0,50000000.0,0,0,0,0,0,31,2026-02-03 09:43:35.237225
SPK,52.4,52.39,52.41,50000000.0,50000000.0,0,0,0,0,0,31,2026-02-03 09:43:35.237225
EEC,47.19,47.18,47.2,50000000.0,50000000.0,0,0,0,0,0,31,2026-02-03 09:43:35.237225
TGX,43.77,43.75,43.77,50000000.0,50000000.0,0,0,0,0,0,32,2026-02-03 09:43:36.345469
PHR,46.25,46.25,46.27,50000000.0,50000000.0,0,0,0,0,0,32,2026-02-03 09:43:36.345469
BYL,43.35,43.34,43.36,50000000.0,50000000.0,0,0,0,0,0,32,2026-02-03 09:43:36.345469
CLD,79.27,79.26,79.28,50000000.0,50000000.0,0,0,0,0,0,32,2026-02-03 09:43:36.345469
GGD,31.15,31.14,31.16,50000000.0,50000000.0,0,0,0,0,0,32,2026-02-03 09:43:36.345469
PNR,58.29,58.28,58.3,50000000.0,50000000.0,0,0,0,0,0,32,2026-02-03 09:43:36.345469
FSR,30.6,30.59,30.61,50000000.0,50000000.0,0,0,0,0,0,32,2026-02-03 09:43:36.345469
ATB,61.39,61.38,61.4,50000000.0,50000000.0,0,0,0,0,0,32,2026-02-03 09:43:36.345469
SPK,52.36,52.35,52.37,50000000.0,50000000.0,0,0,0,0,0,32,2026-02-03 09:43:36.345469
EEC,47.08,47.07,47.09,50000000.0,50000000.0,0,0,0,0,0,32,2026-02-03 09:43:36.345469
TGX,43.75,43.73,43.75,50000000.0,50000000.0,0,0,0,0,0,33,2026-02-03 09:43:37.396629
PHR,46.49,46.49,46.51,50000000.0,50000000.0,0,0,0,0,0,33,2026-02-03 09:43:37.396629
BYL,43.17,43.16,43.18,50000000.0,50000000.0,0,0,0,0,0,33,2026-02-03 09:43:37.396629
CLD,78.87,78.86,78.88,50000000.0,50000000.0,0,0,0,0,0,33,2026-02-03 09:43:37.396629
GGD,31.19,31.18,31.2,50000000.0,50000000.0,0,0,0,0,0,33,2026-02-03 09:43:37.396629
PNR,58.45,58.44,58.46,50000000.0,50000000.0,0,0,0,0,0,33,2026-02-03 09:43:37.396629
FSR,30.64,30.63,30.65,50000000.0,50000000.0,0,0,0,0,0,33,2026-02-03 09:43:37.396629
ATB,61.44,61.43,61.45,50000000.0,50000000.0,0,0,0,0,0,33,2026-02-03 09:43:37.396629
SPK,52.43,52.42,52.44,50000000.0,50000000.0,0,0,0,0,0,33,2026-02-03 09:43:37.396629
EEC,47.15,47.14,47.16,50000000.0,50000000.0,0,0,0,0,0,33,2026-02-03 09:43:37.396629
TGX,43.8,43.79,43.81,50000000.0,50000000.0,0,0,0,0,0,34,2026-02-03 09:43:38.435006
PHR,46.79,46.78,46.8,50000000.0,50000000.0,0,0,0,0,0,34,2026-02-03 09:43:38.435006
BYL,43.2,43.19,43.21,50000000.0,50000000.0,0,0,0,0,0,34,2026-02-03 09:43:38.435006
CLD,78.84,78.83,78.85,50000000.0,50000000.0,0,0,0,0,0,34,2026-02-03 09:43:38.435006
GGD,31.25,31.24,31.26,50000000.0,50000000.0,0,0,0,0,0,34,2026-02-03 09:43:38.435006
PNR,58.26,58.25,58.27,50000000.0,50000000.0,0,0,0,0,0,34,2026-02-03 09:43:38.435006
FSR,30.66,30.65,30.67,50000000.0,50000000.0,0,0,0,0,0,34,2026-02-03 09:43:38.435006
ATB,61.13,61.12,61.14,50000000.0,50000000.0,0,0,0,0,0,34,2026-02-03 09:43:38.435006
SPK,52.38,52.37,52.39,50000000.0,50000000.0,0,0,0,0,0,34,2026-02-03 09:43:38.435006
EEC,47.11,47.1,47.12,50000000.0,50000000.0,0,0,0,0,0,34,2026-02-03 09:43:38.435006
TGX,43.83,43.82,43.84,50000000.0,50000000.0,0,0,0,0,0,35,2026-02-03 09:43:39.466051
PHR,46.98,46.97,46.99,50000000.0,50000000.0,0,0,0,0,0,35,2026-02-03 09:43:39.466051
BYL,43.36,43.35,43.37,50000000.0,50000000.0,0,0,0,0,0,35,2026-02-03 09:43:39.466051
CLD,79.22,79.21,79.23,50000000.0,50000000.0,0,0,0,0,0,35,2026-02-03 09:43:39.466051
GGD,31.25,31.24,31.26,50000000.0,50000000.0,0,0,0,0,0,35,2026-02-03 09:43:39.466051
PNR,58.49,58.48,58.5,50000000.0,50000000.0,0,0,0,0,0,35,2026-02-03 09:43:39.466051
FSR,30.64,30.63,30.65,50000000.0,50000000.0,0,0,0,0,0,35,2026-02-03 09:43:39.466051
ATB,61.0,60.99,61.01,50000000.0,50000000.0,0,0,0,0,0,35,2026-02-03 09:43:39.466051
SPK,52.27,52.26,52.28,50000000.0,50000000.0,0,0,0,0,0,35,2026-02-03 09:43:39.466051
EEC,46.94,46.93,46.95,50000000.0,50000000.0,0,0,0,0,0,35,2026-02-03 09:43:39.466051
TGX,43.79,43.78,43.8,50000000.0,50000000.0,0,0,0,0,0,36,2026-02-03 09:43:40.024945
PHR,46.73,46.72,46.74,50000000.0,50000000.0,0,0,0,0,0,36,2026-02-03 09:43:40.024945
BYL,43.43,43.42,43.44,50000000.0,50000000.0,0,0,0,0,0,36,2026-02-03 09:43:40.024945
CLD,79.4,79.39,79.41,50000000.0,50000000.0,0,0,0,0,0,36,2026-02-03 09:43:40.024945
GGD,31.23,31.22,31.24,50000000.0,50000000.0,0,0,0,0,0,36,2026-02-03 09:43:40.024945
PNR,58.25,58.24,58.26,50000000.0,50000000.0,0,0,0,0,0,36,2026-02-03 09:43:40.024945
FSR,30.63,30.62,30.64,50000000.0,50000000.0,0,0,0,0,0,36,2026-02-03 09:43:40.024945
ATB,61.27,61.26,61.28,50000000.0,50000000.0,0,0,0,0,0,36,2026-02-03 09:43:40.024945
SPK,52.3,52.29,52.31,50000000.0,50000000.0,0,0,0,0,0,36,2026-02-03 09:43:40.024945
EEC,46.95,46.94,46.96,50000000.0,50000000.0,0,0,0,0,0,36,2026-02-03 09:43:40.024945
TGX,43.8,43.79,43.81,50000000.0,50000000.0,0,0,0,0,0,37,2026-02-03 09:43:41.080284
PHR,46.61,46.6,46.62,50000000.0,50000000.0,0,0,0,0,0,37,2026-02-03 09:43:41.080284
BYL,43.45,43.44,43.46,50000000.0,50000000.0,0,0,0,0,0,37,2026-02-03 09:43:41.080284
CLD,79.53,79.52,79.54,50000000.0,50000000.0,0,0,0,0,0,37,2026-02-03 09:43:41.080284
GGD,31.29,31.28,31.3,50000000.0,50000000.0,0,0,0,0,0,37,2026-02-03 09:43:41.080284
PNR,58.56,58.55,58.57,50000000.0,50000000.0,0,0,0,0,0,37,2026-02-03 09:43:41.080284
FSR,30.64,30.63,30.65,50000000.0,50000000.0,0,0,0,0,0,37,2026-02-03 09:43:41.080284
ATB,61.32,61.31,61.33,50000000.0,50000000.0,0,0,0,0,0,37,2026-02-03 09:43:41.080284
SPK,52.18,52.17,52.19,50000000.0,50000000.0,0,0,0,0,0,37,2026-02-03 09:43:41.080284
EEC,46.73,46.72,46.74,50000000.0,50000000.0,0,0,0,0,0,37,2026-02-03 09:43:41.080284
TGX,43.77,43.76,43.78,50000000.0,50000000.0,0,0,0,0,0,38,2026-02-03 09:43:42.116874
PHR,46.37,46.36,46.38,50000000.0,50000000.0,0,0,0,0,0,38,2026-02-03 09:43:42.116874
BYL,43.2,43.19,43.21,50000000.0,50000000.0,0,0,0,0,0,38,2026-02-03 09:43:42.116874
CLD,79.0,78.99,79.01,50000000.0,50000000.0,0,0,0,0,0,38,2026-02-03 09:43:42.116874
GGD,31.27,31.26,31.28,50000000.0,50000000.0,0,0,0,0,0,38,2026-02-03 09:43:42.116874
PNR,58.74,58.73,58.75,50000000.0,50000000.0,0,0,0,0,0,38,2026-02-03 09:43:42.116874
FSR,30.64,30.63,30.65,50000000.0,50000000.0,0,0,0,0,0,38,2026-02-03 09:43:42.116874
ATB,61.35,61.34,61.36,50000000.0,50000000.0,0,0,0,0,0,38,2026-02-03 09:43:42.116874
SPK,52.2,52.19,52.21,50000000.0,50000000.0,0,0,0,0,0,38,2026-02-03 09:43:42.116874
EEC,46.73,46.72,46.74,50000000.0,50000000.0,0,0,0,0,0,38,2026-02-03 09:43:42.116874
TGX,43.82,43.81,43.83,50000000.0,50000000.0,0,0,0,0,0,39,2026-02-03 09:43:43.154062
PHR,46.72,46.71,46.73,50000000.0,50000000.0,0,0,0,0,0,39,2026-02-03 09:43:43.154062
BYL,43.23,43.22,43.24,50000000.0,50000000.0,0,0,0,0,0,39,2026-02-03 09:43:43.154062
CLD,78.97,78.96,78.98,50000000.0,50000000.0,0,0,0,0,0,39,2026-02-03 09:43:43.154062
GGD,31.23,31.22,31.24,50000000.0,50000000.0,0,0,0,0,0,39,2026-02-03 09:43:43.154062
PNR,58.82,58.81,58.83,50000000.0,50000000.0,0,0,0,0,0,39,2026-02-03 09:43:43.154062
FSR,31.33,31.32,31.34,50000000.0,50000000.0,0,0,0,0,0,39,2026-02-03 09:43:43.154062
ATB,61.05,61.04,61.06,50000000.0,50000000.0,0,0,0,0,0,39,2026-02-03 09:43:43.154062
SPK,52.16,52.15,52.17,50000000.0,50000000.0,0,0,0,0,0,39,2026-02-03 09:43:43.154062
EEC,46.66,46.65,46.67,50000000.0,50000000.0,0,0,0,0,0,39,2026-02-03 09:43:43.154062
TGX,43.8,43.79,43.81,50000000.0,50000000.0,0,0,0,0,0,40,2026-02-03 09:43:44.199205
PHR,46.57,46.56,46.58,50000000.0,50000000.0,0,0,0,0,0,40,2026-02-03 09:43:44.199205
BYL,43.32,43.31,43.33,50000000.0,50000000.0,0,0,0,0,0,40,2026-02-03 09:43:44.199205
CLD,79.28,79.27,79.29,50000000.0,50000000.0,0,0,0,0,0,40,2026-02-03 09:43:44.199205
GGD,31.19,31.18,31.2,50000000.0,50000000.0,0,0,0,0,0,40,2026-02-03 09:43:44.199205
PNR,58.7,58.69,58.71,50000000.0,50000000.0,0,0,0,0,0,40,2026-02-03 09:43:44.199205
FSR,31.32,31.31,31.33,50000000.0,50000000.0,0,0,0,0,0,40,2026-02-03 09:43:44.199205
ATB,60.98,60.97,60.99,50000000.0,50000000.0,0,0,0,0,0,40,2026-02-03 09:43:44.199205
SPK,52.14,52.13,52.15,50000000.0,50000000.0,0,0,0,0,0,40,2026-02-03 09:43:44.199205
EEC,46.62,46.61,46.63,50000000.0,50000000.0,0,0,0,0,0,40,2026-02-03 09:43:44.199205
TGX,43.78,43.77,43.79,50000000.0,50000000.0,0,0,0,0,0,41,2026-02-03 09:43:45.439748
PHR,46.97,46.96,46.98,50000000.0,50000000.0,0,0,0,0,0,41,2026-02-03 09:43:45.439748
BYL,43.37,43.36,43.38,50000000.0,50000000.0,0,0,0,0,0,41,2026-02-03 09:43:45.439748
CLD,79.31,79.3,79.32,50000000.0,50000000.0,0,0,0,0,0,41,2026-02-03 09:43:45.439748
GGD,31.23,31.22,31.24,50000000.0,50000000.0,0,0,0,0,0,41,2026-02-03 09:43:45.439748
PNR,58.81,58.8,58.82,50000000.0,50000000.0,0,0,0,0,0,41,2026-02-03 09:43:45.439748
FSR,31.3,31.29,31.31,50000000.0,50000000.0,0,0,0,0,0,41,2026-02-03 09:43:45.439748
ATB,61.28,61.27,61.29,50000000.0,50000000.0,0,0,0,0,0,41,2026-02-03 09:43:45.439748
SPK,52.21,52.2,52.22,50000000.0,50000000.0,0,0,0,0,0,41,2026-02-03 09:43:45.439748
EEC,46.72,46.71,46.73,50000000.0,50000000.0,0,0,0,0,0,41,2026-02-03 09:43:45.439748
TGX,43.78,43.77,43.79,50000000.0,50000000.0,0,0,0,0,0,42,2026-02-03 09:43:46.484614
PHR,46.42,46.41,46.43,50000000.0,50000000.0,0,0,0,0,0,42,2026-02-03 09:43:46.484614
BYL,43.35,43.34,43.36,50000000.0,50000000.0,0,0,0,0,0,42,2026-02-03 09:43:46.484614
CLD,79.21,79.2,79.22,50000000.0,50000000.0,0,0,0,0,0,42,2026-02-03 09:43:46.484614
GGD,31.34,31.33,31.35,50000000.0,50000000.0,0,0,0,0,0,42,2026-02-03 09:43:46.484614
PNR,59.27,59.26,59.28,50000000.0,50000000.0,0,0,0,0,0,42,2026-02-03 09:43:46.484614
FSR,31.31,31.3,31.32,50000000.0,50000000.0,0,0,0,0,0,42,2026-02-03 09:43:46.484614
ATB,61.7,61.69,61.71,50000000.0,50000000.0,0,0,0,0,0,42,2026-02-03 09:43:46.484614
SPK,52.28,52.27,52.29,50000000.0,50000000.0,0,0,0,0,0,42,2026-02-03 09:43:46.484614
EEC,46.81,46.8,46.82,50000000.0,50000000.0,0,0,0,0,0,42,2026-02-03 09:43:46.484614
TGX,43.74,43.73,43.75,50000000.0,50000000.0,0,0,0,0,0,43,2026-02-03 09:43:47.037162
PHR,46.32,46.31,46.33,50000000.0,50000000.0,0,0,0,0,0,43,2026-02-03 09:43:47.037162
BYL,43.14,43.13,43.15,50000000.0,50000000.0,0,0,0,0,0,43,2026-02-03 09:43:47.037162
CLD,78.74,78.73,78.75,50000000.0,50000000.0,0,0,0,0,0,43,2026-02-03 09:43:47.037162
GGD,31.31,31.3,31.32,50000000.0,50000000.0,0,0,0,0,0,43,2026-02-03 09:43:47.037162
PNR,59.4,59.39,59.41,50000000.0,50000000.0,0,0,0,0,0,43,2026-02-03 09:43:47.037162
FSR,32.02,32.01,32.03,50000000.0,50000000.0,0,0,0,0,0,43,2026-02-03 09:43:47.037162
ATB,61.87,61.86,61.88,50000000.0,50000000.0,0,0,0,0,0,43,2026-02-03 09:43:47.037162
SPK,52.25,52.24,52.26,50000000.0,50000000.0,0,0,0,0,0,43,2026-02-03 09:43:47.037162
EEC,46.71,46.7,46.72,50000000.0,50000000.0,0,0,0,0,0,43,2026-02-03 09:43:47.037162
TGX,43.75,43.74,43.76,50000000.0,50000000.0,0,0,0,0,0,44,2026-02-03 09:43:48.086612
PHR,46.44,46.43,46.45,50000000.0,50000000.0,0,0,0,0,0,44,2026-02-03 09:43:48.086612
BYL,43.14,43.13,43.15,50000000.0,50000000.0,0,0,0,0,0,44,2026-02-03 09:43:48.086612
CLD,78.73,78.72,78.74,50000000.0,50000000.0,0,0,0,0,0,44,2026-02-03 09:43:48.086612
GGD,31.43,31.42,31.44,50000000.0,50000000.0,0,0,0,0,0,44,2026-02-03 09:43:48.086612
PNR,59.33,59.32,59.34,50000000.0,50000000.0,0,0,0,0,0,44,2026-02-03 09:43:48.086612
FSR,32.0,31.99,32.01,50000000.0,50000000.0,0,0,0,0,0,44,2026-02-03 09:43:48.086612
ATB,62.15,62.14,62.16,50000000.0,50000000.0,0,0,0,0,0,44,2026-02-03 09:43:48.086612
SPK,52.2,52.19,52.21,50000000.0,50000000.0,0,0,0,0,0,44,2026-02-03 09:43:48.086612
EEC,46.59,46.58,46.6,50000000.0,50000000.0,0,0,0,0,0,44,2026-02-03 09:43:48.086612
TGX,43.75,43.74,43.76,50000000.0,50000000.0,0,0,0,0,0,45,2026-02-03 09:43:49.134665
PHR,46.32,46.31,46.33,50000000.0,50000000.0,0,0,0,0,0,45,2026-02-03 09:43:49.134665
BYL,43.01,43.0,43.02,50000000.0,50000000.0,0,0,0,0,0,45,2026-02-03 09:43:49.134665
CLD,78.5,78.49,78.51,50000000.0,50000000.0,0,0,0,0,0,45,2026-02-03 09:43:49.134665
GGD,31.47,31.46,31.48,50000000.0,50000000.0,0,0,0,0,0,45,2026-02-03 09:43:49.134665
PNR,59.41,59.4,59.42,50000000.0,50000000.0,0,0,0,0,0,45,2026-02-03 09:43:49.134665
FSR,32.06,32.05,32.07,50000000.0,50000000.0,0,0,0,0,0,45,2026-02-03 09:43:49.134665
ATB,61.82,61.81,61.83,50000000.0,50000000.0,0,0,0,0,0,45,2026-02-03 09:43:49.134665
SPK,52.21,52.2,52.22,50000000.0,50000000.0,0,0,0,0,0,45,2026-02-03 09:43:49.134665
EEC,46.62,46.61,46.63,50000000.0,50000000.0,0,0,0,0,0,45,2026-02-03 09:43:49.134665
TGX,43.71,43.7,43.72,50000000.0,50000000.0,0,0,0,0,0,46,2026-02-03 09:43:50.192267
PHR,46.91,46.9,46.92,50000000.0,50000000.0,0,0,0,0,0,46,2026-02-03 09:43:50.192267
BYL,43.08,43.07,43.09,50000000.0,50000000.0,0,0,0,0,0,46,2026-02-03 09:43:50.192267
CLD,78.68,78.67,78.69,50000000.0,50000000.0,0,0,0,0,0,46,2026-02-03 09:43:50.192267
GGD,31.44,31.43,31.45,50000000.0,50000000.0,0,0,0,0,0,46,2026-02-03 09:43:50.192267
PNR,59.47,59.46,59.48,50000000.0,50000000.0,0,0,0,0,0,46,2026-02-03 09:43:50.192267
FSR,32.04,32.03,32.05,50000000.0,50000000.0,0,0,0,0,0,46,2026-02-03 09:43:50.192267
ATB,61.7,61.69,61.71,50000000.0,50000000.0,0,0,0,0,0,46,2026-02-03 09:43:50.192267
SPK,52.17,52.16,52.18,50000000.0,50000000.0,0,0,0,0,0,46,2026-02-03 09:43:50.192267
EEC,46.55,46.54,46.56,50000000.0,50000000.0,0,0,0,0,0,46,2026-02-03 09:43:50.192267
TGX,43.72,43.71,43.73,50000000.0,50000000.0,0,0,0,0,0,47,2026-02-03 09:43:51.241039
PHR,47.01,47.0,47.02,50000000.0,50000000.0,0,0,0,0,0,47,2026-02-03 09:43:51.241039
BYL,43.05,43.04,43.06,50000000.0,50000000.0,0,0,0,0,0,47,2026-02-03 09:43:51.241039
CLD,78.67,78.66,78.68,50000000.0,50000000.0,0,0,0,0,0,47,2026-02-03 09:43:51.241039
GGD,31.45,31.44,31.46,50000000.0,50000000.0,0,0,0,0,0,47,2026-02-03 09:43:51.241039
PNR,59.37,59.36,59.38,50000000.0,50000000.0,0,0,0,0,0,47,2026-02-03 09:43:51.241039
FSR,32.7,32.69,32.71,50000000.0,50000000.0,0,0,0,0,0,47,2026-02-03 09:43:51.241039
ATB,61.86,61.85,61.87,50000000.0,50000000.0,0,0,0,0,0,47,2026-02-03 09:43:51.241039
SPK,52.07,52.06,52.08,50000000.0,50000000.0,0,0,0,0,0,47,2026-02-03 09:43:51.241039
EEC,46.39,46.38,46.4,50000000.0,50000000.0,0,0,0,0,0,47,2026-02-03 09:43:51.241039
TGX,43.78,43.77,43.79,50000000.0,50000000.0,0,0,0,0,0,48,2026-02-03 09:43:52.333476
PHR,47.13,47.12,47.14,50000000.0,50000000.0,0,0,0,0,0,48,2026-02-03 09:43:52.333476
BYL,43.0,42.99,43.01,50000000.0,50000000.0,0,0,0,0,0,48,2026-02-03 09:43:52.333476
CLD,78.64,78.63,78.65,50000000.0,50000000.0,0,0,0,0,0,48,2026-02-03 09:43:52.333476
GGD,31.41,31.4,31.42,50000000.0,50000000.0,0,0,0,0,0,48,2026-02-03 09:43:52.333476
PNR,59.17,59.16,59.18,50000000.0,50000000.0,0,0,0,0,0,48,2026-02-03 09:43:52.333476
FSR,32.71,32.7,32.72,50000000.0,50000000.0,0,0,0,0,0,48,2026-02-03 09:43:52.333476
ATB,61.87,61.86,61.88,50000000.0,50000000.0,0,0,0,0,0,48,2026-02-03 09:43:52.333476
SPK,52.17,52.16,52.18,50000000.0,50000000.0,0,0,0,0,0,48,2026-02-03 09:43:52.333476
EEC,46.62,46.61,46.63,50000000.0,50000000.0,0,0,0,0,0,48,2026-02-03 09:43:52.333476
TGX,43.79,43.78,43.8,50000000.0,50000000.0,0,0,0,0,0,49,2026-02-03 09:43:53.445702
PHR,47.04,47.03,47.05,50000000.0,50000000.0,0,0,0,0,0,49,2026-02-03 09:43:53.445702
BYL,43.11,43.1,43.12,50000000.0,50000000.0,0,0,0,0,0,49,2026-02-03 09:43:53.445702
CLD,78.89,78.88,78.9,50000000.0,50000000.0,0,0,0,0,0,49,2026-02-03 09:43:53.445702
GGD,31.3,31.29,31.31,50000000.0,50000000.0,0,0,0,0,0,49,2026-02-03 09:43:53.445702
PNR,58.46,58.45,58.47,50000000.0,50000000.0,0,0,0,0,0,49,2026-02-03 09:43:53.445702
FSR,32.65,32.64,32.66,50000000.0,50000000.0,0,0,0,0,0,49,2026-02-03 09:43:53.445702
ATB,62.19,62.18,62.2,50000000.0,50000000.0,0,0,0,0,0,49,2026-02-03 09:43:53.445702
SPK,52.23,52.22,52.24,50000000.0,50000000.0,0,0,0,0,0,49,2026-02-03 09:43:53.445702
EEC,46.73,46.72,46.74,50000000.0,50000000.0,0,0,0,0,0,49,2026-02-03 09:43:53.445702
TGX,43.81,43.8,43.82,50000000.0,50000000.0,0,0,0,0,0,50,2026-02-03 09:43:54.534735
PHR,47.41,47.4,47.42,50000000.0,50000000.0,0,0,0,0,0,50,2026-02-03 09:43:54.534735
BYL,43.23,43.22,43.24,50000000.0,50000000.0,0,0,0,0,0,50,2026-02-03 09:43:54.534735
CLD,79.14,79.13,79.15,50000000.0,50000000.0,0,0,0,0,0,50,2026-02-03 09:43:54.534735
GGD,31.27,31.26,31.28,50000000.0,50000000.0,0,0,0,0,0,50,2026-02-03 09:43:54.534735
PNR,58.66,58.65,58.67,50000000.0,50000000.0,0,0,0,0,0,50,2026-02-03 09:43:54.534735
FSR,32.62,32.61,32.63,50000000.0,50000000.0,0,0,0,0,0,50,2026-02-03 09:43:54.534735
ATB,62.44,62.43,62.45,50000000.0,50000000.0,0,0,0,0,0,50,2026-02-03 09:43:54.534735
SPK,52.18,52.17,52.19,50000000.0,50000000.0,0,0,0,0,0,50,2026-02-03 09:43:54.534735
EEC,46.63,46.62,46.64,50000000.0,50000000.0,0,0,0,0,0,50,2026-02-03 09:43:54.534735
TGX,43.74,43.73,43.75,50000000.0,50000000.0,0,0,0,0,0,51,2026-02-03 09:43:55.089613
PHR,47.09,47.08,47.1,50000000.0,50000000.0,0,0,0,0,0,51,2026-02-03 09:43:55.089613
BYL,43.3,43.29,43.31,50000000.0,50000000.0,0,0,0,0,0,51,2026-02-03 09:43:55.089613
CLD,79.24,79.23,79.25,50000000.0,50000000.0,0,0,0,0,0,51,2026-02-03 09:43:55.089613
GGD,31.36,31.35,31.37,50000000.0,50000000.0,0,0,0,0,0,51,2026-02-03 09:43:55.089613
PNR,58.89,58.88,58.9,50000000.0,50000000.0,0,0,0,0,0,51,2026-02-03 09:43:55.089613
FSR,32.63,32.62,32.64,50000000.0,50000000.0,0,0,0,0,0,51,2026-02-03 09:43:55.089613
ATB,62.29,62.28,62.3,50000000.0,50000000.0,0,0,0,0,0,51,2026-02-03 09:43:55.089613
SPK,52.11,52.1,52.12,50000000.0,50000000.0,0,0,0,0,0,51,2026-02-03 09:43:55.089613
EEC,46.51,46.5,46.52,50000000.0,50000000.0,0,0,0,0,0,51,2026-02-03 09:43:55.089613
TGX,43.75,43.74,43.76,50000000.0,50000000.0,0,0,0,0,0,52,2026-02-03 09:43:56.128321
PHR,46.96,46.95,46.97,50000000.0,50000000.0,0,0,0,0,0,52,2026-02-03 09:43:56.128321
BYL,43.24,43.23,43.25,50000000.0,50000000.0,0,0,0,0,0,52,2026-02-03 09:43:56.128321
CLD,79.09,79.08,79.1,50000000.0,50000000.0,0,0,0,0,0,52,2026-02-03 09:43:56.128321
GGD,31.37,31.36,31.38,50000000.0,50000000.0,0,0,0,0,0,52,2026-02-03 09:43:56.128321
PNR,58.51,58.5,58.52,50000000.0,50000000.0,0,0,0,0,0,52,2026-02-03 09:43:56.128321
FSR,32.62,32.61,32.63,50000000.0,50000000.0,0,0,0,0,0,52,2026-02-03 09:43:56.128321
ATB,62.56,62.55,62.57,50000000.0,50000000.0,0,0,0,0,0,52,2026-02-03 09:43:56.128321
SPK,52.04,52.03,52.05,50000000.0,50000000.0,0,0,0,0,0,52,2026-02-03 09:43:56.128321
EEC,46.32,46.31,46.33,50000000.0,50000000.0,0,0,0,0,0,52,2026-02-03 09:43:56.128321
TGX,43.77,43.76,43.78,50000000.0,50000000.0,0,0,0,0,0,53,2026-02-03 09:43:57.172618
PHR,46.93,46.92,46.94,50000000.0,50000000.0,0,0,0,0,0,53,2026-02-03 09:43:57.172618
BYL,43.32,43.31,43.33,50000000.0,50000000.0,0,0,0,0,0,53,2026-02-03 09:43:57.172618
CLD,79.28,79.27,79.29,50000000.0,50000000.0,0,0,0,0,0,53,2026-02-03 09:43:57.172618
GGD,31.42,31.41,31.43,50000000.0,50000000.0,0,0,0,0,0,53,2026-02-03 09:43:57.172618
PNR,58.87,58.86,58.88,50000000.0,50000000.0,0,0,0,0,0,53,2026-02-03 09:43:57.172618
FSR,32.65,32.64,32.66,50000000.0,50000000.0,0,0,0,0,0,53,2026-02-03 09:43:57.172618
ATB,62.36,62.35,62.37,50000000.0,50000000.0,0,0,0,0,0,53,2026-02-03 09:43:57.172618
SPK,52.0,51.99,52.01,50000000.0,50000000.0,0,0,0,0,0,53,2026-02-03 09:43:57.172618
EEC,46.22,46.21,46.23,50000000.0,50000000.0,0,0,0,0,0,53,2026-02-03 09:43:57.172618
TGX,43.75,43.74,43.76,50000000.0,50000000.0,0,0,0,0,0,54,2026-02-03 09:43:58.215807
PHR,46.51,46.5,46.52,50000000.0,50000000.0,0,0,0,0,0,54,2026-02-03 09:43:58.215807
BYL,43.21,43.2,43.22,50000000.0,50000000.0,0,0,0,0,0,54,2026-02-03 09:43:58.215807
CLD,79.05,79.04,79.06,50000000.0,50000000.0,0,0,0,0,0,54,2026-02-03 09:43:58.215807
GGD,31.4,31.39,31.41,50000000.0,50000000.0,0,0,0,0,0,54,2026-02-03 09:43:58.215807
PNR,58.79,58.78,58.8,50000000.0,50000000.0,0,0,0,0,0,54,2026-02-03 09:43:58.215807
FSR,32.68,32.67,32.69,50000000.0,50000000.0,0,0,0,0,0,54,2026-02-03 09:43:58.215807
ATB,62.43,62.42,62.44,50000000.0,50000000.0,0,0,0,0,0,54,2026-02-03 09:43:58.215807
SPK,51.97,51.96,51.98,50000000.0,50000000.0,0,0,0,0,0,54,2026-02-03 09:43:58.215807
EEC,46.2,46.19,46.21,50000000.0,50000000.0,0,0,0,0,0,54,2026-02-03 09:43:58.215807
TGX,43.7,43.69,43.71,50000000.0,50000000.0,0,0,0,0,0,55,2026-02-03 09:43:59.250093
PHR,46.04,46.03,46.05,50000000.0,50000000.0,0,0,0,0,0,55,2026-02-03 09:43:59.250093
BYL,43.09,43.08,43.1,50000000.0,50000000.0,0,0,0,0,0,55,2026-02-03 09:43:59.250093
CLD,78.7,78.69,78.71,50000000.0,50000000.0,0,0,0,0,0,55,2026-02-03 09:43:59.250093
GGD,31.31,31.3,31.32,50000000.0,50000000.0,0,0,0,0,0,55,2026-02-03 09:43:59.250093
PNR,58.28,58.27,58.29,50000000.0,50000000.0,0,0,0,0,0,55,2026-02-03 09:43:59.250093
FSR,32.66,32.65,32.67,50000000.0,50000000.0,0,0,0,0,0,55,2026-02-03 09:43:59.250093
ATB,62.26,62.25,62.27,50000000.0,50000000.0,0,0,0,0,0,55,2026-02-03 09:43:59.250093
SPK,51.98,51.97,51.99,50000000.0,50000000.0,0,0,0,0,0,55,2026-02-03 09:43:59.250093
EEC,46.2,46.19,46.21,50000000.0,50000000.0,0,0,0,0,0,55,2026-02-03 09:43:59.250093
TGX,43.73,43.72,43.74,50000000.0,50000000.0,0,0,0,0,0,56,2026-02-03 09:44:00.293315
PHR,46.27,46.26,46.28,50000000.0,50000000.0,0,0,0,0,0,56,2026-02-03 09:44:00.293315
BYL,43.21,43.2,43.22,50000000.0,50000000.0,0,0,0,0,0,56,2026-02-03 09:44:00.293315
CLD,78.94,78.93,78.95,50000000.0,50000000.0,0,0,0,0,0,56,2026-02-03 09:44:00.293315
GGD,31.31,31.3,31.32,50000000.0,50000000.0,0,0,0,0,0,56,2026-02-03 09:44:00.293315
PNR,58.16,58.15,58.17,50000000.0,50000000.0,0,0,0,0,0,56,2026-02-03 09:44:00.293315
FSR,32.66,32.65,32.67,50000000.0,50000000.0,0,0,0,0,0,56,2026-02-03 09:44:00.293315
ATB,62.32,62.31,62.33,50000000.0,50000000.0,0,0,0,0,0,56,2026-02-03 09:44:00.293315
SPK,51.99,51.98,52.0,50000000.0,50000000.0,0,0,0,0,0,56,2026-02-03 09:44:00.293315
EEC,46.28,46.27,46.29,50000000.0,50000000.0,0,0,0,0,0,56,2026-02-03 09:44:00.293315
TGX,43.72,43.71,43.73,50000000.0,50000000.0,0,0,0,0,0,57,2026-02-03 09:44:01.331295
PHR,45.84,45.83,45.85,50000000.0,50000000.0,0,0,0,0,0,57,2026-02-03 09:44:01.331295
BYL,43.31,43.3,43.32,50000000.0,50000000.0,0,0,0,0,0,57,2026-02-03 09:44:01.331295
CLD,79.17,79.16,79.18,50000000.0,50000000.0,0,0,0,0,0,57,2026-02-03 09:44:01.331295
GGD,31.33,31.32,31.34,50000000.0,50000000.0,0,0,0,0,0,57,2026-02-03 09:44:01.331295
PNR,57.94,57.93,57.95,50000000.0,50000000.0,0,0,0,0,0,57,2026-02-03 09:44:01.331295
FSR,32.63,32.62,32.64,50000000.0,50000000.0,0,0,0,0,0,57,2026-02-03 09:44:01.331295
ATB,62.53,62.52,62.54,50000000.0,50000000.0,0,0,0,0,0,57,2026-02-03 09:44:01.331295
SPK,51.89,51.88,51.9,50000000.0,50000000.0,0,0,0,0,0,57,2026-02-03 09:44:01.331295
EEC,46.14,46.13,46.15,50000000.0,50000000.0,0,0,0,0,0,57,2026-02-03 09:44:01.331295
TGX,43.73,43.72,43.74,50000000.0,50000000.0,0,0,0,0,0,58,2026-02-03 09:44:02.429149
PHR,45.32,45.31,45.33,50000000.0,50000000.0,0,0,0,0,0,58,2026-02-03 09:44:02.429149
BYL,43.41,43.4,43.42,50000000.0,50000000.0,0,0,0,0,0,58,2026-02-03 09:44:02.429149
CLD,79.5,79.49,79.51,50000000.0,50000000.0,0,0,0,0,0,58,2026-02-03 09:44:02.429149
GGD,31.26,31.25,31.27,50000000.0,50000000.0,0,0,0,0,0,58,2026-02-03 09:44:02.429149
PNR,57.36,57.35,57.37,50000000.0,50000000.0,0,0,0,0,0,58,2026-02-03 09:44:02.429149
FSR,32.59,32.58,32.6,50000000.0,50000000.0,0,0,0,0,0,58,2026-02-03 09:44:02.429149
ATB,62.16,62.15,62.17,50000000.0,50000000.0,0,0,0,0,0,58,2026-02-03 09:44:02.429149
SPK,51.84,51.83,51.85,50000000.0,50000000.0,0,0,0,0,0,58,2026-02-03 09:44:02.429149
EEC,46.1,46.09,46.11,50000000.0,50000000.0,0,0,0,0,0,58,2026-02-03 09:44:02.429149
TGX,43.7,43.69,43.71,50000000.0,50000000.0,0,0,0,0,0,59,2026-02-03 09:44:03.508240
PHR,45.59,45.58,45.6,50000000.0,50000000.0,0,0,0,0,0,59,2026-02-03 09:44:03.508240
BYL,43.36,43.35,43.37,50000000.0,50000000.0,0,0,0,0,0,59,2026-02-03 09:44:03.508240
CLD,79.34,79.33,79.35,50000000.0,50000000.0,0,0,0,0,0,59,2026-02-03 09:44:03.508240
GGD,31.28,31.27,31.29,50000000.0,50000000.0,0,0,0,0,0,59,2026-02-03 09:44:03.508240
PNR,57.65,57.64,57.66,50000000.0,50000000.0,0,0,0,0,0,59,2026-02-03 09:44:03.508240
FSR,32.68,32.67,32.69,50000000.0,50000000.0,0,0,0,0,0,59,2026-02-03 09:44:03.508240
ATB,62.43,62.42,62.44,50000000.0,50000000.0,0,0,0,0,0,59,2026-02-03 09:44:03.508240
SPK,51.85,51.84,51.86,50000000.0,50000000.0,0,0,0,0,0,59,2026-02-03 09:44:03.508240
EEC,46.14,46.13,46.15,50000000.0,50000000.0,0,0,0,0,0,59,2026-02-03 09:44:03.508240
TGX,43.68,43.67,43.69,50000000.0,50000000.0,0,0,0,0,0,60,2026-02-03 09:44:04.565625
PHR,45.54,45.53,45.55,50000000.0,50000000.0,0,0,0,0,0,60,2026-02-03 09:44:04.565625
BYL,43.7,43.69,43.71,50000000.0,50000000.0,0,0,0,0,0,60,2026-02-03 09:44:04.565625
CLD,80.16,80.15,80.17,50000000.0,50000000.0,0,0,0,0,0,60,2026-02-03 09:44:04.565625
GGD,31.29,31.28,31.3,50000000.0,50000000.0,0,0,0,0,0,60,2026-02-03 09:44:04.565625
PNR,57.95,57.94,57.96,50000000.0,50000000.0,0,0,0,0,0,60,2026-02-03 09:44:04.565625
FSR,32.74,32.73,32.75,50000000.0,50000000.0,0,0,0,0,0,60,2026-02-03 09:44:04.565625
ATB,62.38,62.37,62.39,50000000.0,50000000.0,0,0,0,0,0,60,2026-02-03 09:44:04.565625
SPK,51.83,51.82,51.84,50000000.0,50000000.0,0,0,0,0,0,60,2026-02-03 09:44:04.565625
EEC,46.17,46.16,46.18,50000000.0,50000000.0,0,0,0,0,0,60,2026-02-03 09:44:04.565625
TGX,43.65,43.64,43.66,50000000.0,50000000.0,0,0,0,0,0,61,2026-02-03 09:44:05.606908
PHR,45.24,45.23,45.25,50000000.0,50000000.0,0,0,0,0,0,61,2026-02-03 09:44:05.606908
BYL,43.69,43.68,43.7,50000000.0,50000000.0,0,0,0,0,0,61,2026-02-03 09:44:05.606908
CLD,80.24,80.23,80.25,50000000.0,50000000.0,0,0,0,0,0,61,2026-02-03 09:44:05.606908
GGD,31.31,31.3,31.32,50000000.0,50000000.0,0,0,0,0,0,61,2026-02-03 09:44:05.606908
PNR,58.11,58.1,58.12,50000000.0,50000000.0,0,0,0,0,0,61,2026-02-03 09:44:05.606908
FSR,32.71,32.7,32.72,50000000.0,50000000.0,0,0,0,0,0,61,2026-02-03 09:44:05.606908
ATB,62.34,62.33,62.35,50000000.0,50000000.0,0,0,0,0,0,61,2026-02-03 09:44:05.606908
SPK,51.81,51.8,51.82,50000000.0,50000000.0,0,0,0,0,0,61,2026-02-03 09:44:05.606908
EEC,46.14,46.13,46.15,50000000.0,50000000.0,0,0,0,0,0,61,2026-02-03 09:44:05.606908
TGX,43.7,43.69,43.71,50000000.0,50000000.0,0,0,0,0,0,62,2026-02-03 09:44:06.152798
PHR,45.51,45.5,45.52,50000000.0,50000000.0,0,0,0,0,0,62,2026-02-03 09:44:06.152798
BYL,43.82,43.81,43.83,50000000.0,50000000.0,0,0,0,0,0,62,2026-02-03 09:44:06.152798
CLD,80.47,80.46,80.48,50000000.0,50000000.0,0,0,0,0,0,62,2026-02-03 09:44:06.152798
GGD,31.31,31.3,31.32,50000000.0,50000000.0,0,0,0,0,0,62,2026-02-03 09:44:06.152798
PNR,58.44,58.43,58.45,50000000.0,50000000.0,0,0,0,0,0,62,2026-02-03 09:44:06.152798
FSR,32.68,32.67,32.69,50000000.0,50000000.0,0,0,0,0,0,62,2026-02-03 09:44:06.152798
ATB,62.33,62.32,62.34,50000000.0,50000000.0,0,0,0,0,0,62,2026-02-03 09:44:06.152798
SPK,51.76,51.75,51.77,50000000.0,50000000.0,0,0,0,0,0,62,2026-02-03 09:44:06.152798
EEC,46.04,46.03,46.05,50000000.0,50000000.0,0,0,0,0,0,62,2026-02-03 09:44:06.152798
TGX,43.68,43.67,43.69,50000000.0,50000000.0,0,0,0,0,0,63,2026-02-03 09:44:07.267261
PHR,46.38,46.37,46.39,50000000.0,50000000.0,0,0,0,0,0,63,2026-02-03 09:44:07.267261
BYL,43.75,43.74,43.76,50000000.0,50000000.0,0,0,0,0,0,63,2026-02-03 09:44:07.267261
CLD,80.36,80.35,80.37,50000000.0,50000000.0,0,0,0,0,0,63,2026-02-03 09:44:07.267261
GGD,31.31,31.3,31.32,50000000.0,50000000.0,0,0,0,0,0,63,2026-02-03 09:44:07.267261
PNR,58.75,58.74,58.76,50000000.0,50000000.0,0,0,0,0,0,63,2026-02-03 09:44:07.267261
FSR,32.72,32.71,32.73,50000000.0,50000000.0,0,0,0,0,0,63,2026-02-03 09:44:07.267261
ATB,62.23,62.22,62.24,50000000.0,50000000.0,0,0,0,0,0,63,2026-02-03 09:44:07.267261
SPK,51.81,51.8,51.82,50000000.0,50000000.0,0,0,0,0,0,63,2026-02-03 09:44:07.267261
EEC,46.1,46.09,46.11,50000000.0,50000000.0,0,0,0,0,0,63,2026-02-03 09:44:07.267261
TGX,43.71,43.7,43.72,50000000.0,50000000.0,0,0,0,0,0,64,2026-02-03 09:44:08.308994
PHR,46.7,46.69,46.71,50000000.0,50000000.0,0,0,0,0,0,64,2026-02-03 09:44:08.308994
BYL,43.85,43.84,43.86,50000000.0,50000000.0,0,0,0,0,0,64,2026-02-03 09:44:08.308994
CLD,80.51,80.5,80.52,50000000.0,50000000.0,0,0,0,0,0,64,2026-02-03 09:44:08.308994
GGD,31.27,31.26,31.28,50000000.0,50000000.0,0,0,0,0,0,64,2026-02-03 09:44:08.308994
PNR,58.78,58.77,58.79,50000000.0,50000000.0,0,0,0,0,0,64,2026-02-03 09:44:08.308994
FSR,32.67,32.66,32.68,50000000.0,50000000.0,0,0,0,0,0,64,2026-02-03 09:44:08.308994
ATB,62.32,62.31,62.33,50000000.0,50000000.0,0,0,0,0,0,64,2026-02-03 09:44:08.308994
SPK,51.69,51.68,51.7,50000000.0,50000000.0,0,0,0,0,0,64,2026-02-03 09:44:08.308994
EEC,45.87,45.86,45.88,50000000.0,50000000.0,0,0,0,0,0,64,2026-02-03 09:44:08.308994
TGX,43.69,43.68,43.7,50000000.0,50000000.0,0,0,0,0,0,65,2026-02-03 09:44:09.354
PHR,46.86,46.85,46.87,50000000.0,50000000.0,0,0,0,0,0,65,2026-02-03 09:44:09.354
BYL,43.7,43.69,43.71,50000000.0,50000000.0,0,0,0,0,0,65,2026-02-03 09:44:09.354
CLD,80.2,80.19,80.21,50000000.0,50000000.0,0,0,0,0,0,65,2026-02-03 09:44:09.354
GGD,31.33,31.32,31.34,50000000.0,50000000.0,0,0,0,0,0,65,2026-02-03 09:44:09.354
PNR,58.9,58.89,58.91,50000000.0,50000000.0,0,0,0,0,0,65,2026-02-03 09:44:09.354
FSR,32.65,32.65,32.67,50000000.0,50000000.0,0,0,0,0,0,65,2026-02-03 09:44:09.354
ATB,62.19,62.17,62.19,50000000.0,50000000.0,0,0,0,0,0,65,2026-02-03 09:44:09.354
SPK,51.6,51.59,51.61,50000000.0,50000000.0,0,0,0,0,0,65,2026-02-03 09:44:09.354
EEC,45.72,45.71,45.73,50000000.0,50000000.0,0,0,0,0,0,65,2026-02-03 09:44:09.354
TGX,43.68,43.67,43.69,50000000.0,50000000.0,0,0,0,0,0,66,2026-02-03 09:44:10.414347
PHR,47.19,47.18,47.2,50000000.0,50000000.0,0,0,0,0,0,66,2026-02-03 09:44:10.414347
BYL,43.72,43.71,43.73,50000000.0,50000000.0,0,0,0,0,0,66,2026-02-03 09:44:10.414347
CLD,80.29,80.28,80.3,50000000.0,50000000.0,0,0,0,0,0,66,2026-02-03 09:44:10.414347
GGD,31.43,31.42,31.44,50000000.0,50000000.0,0,0,0,0,0,66,2026-02-03 09:44:10.414347
PNR,59.18,59.17,59.19,50000000.0,50000000.0,0,0,0,0,0,66,2026-02-03 09:44:10.414347
FSR,32.64,32.63,32.65,50000000.0,50000000.0,0,0,0,0,0,66,2026-02-03 09:44:10.414347
ATB,62.09,62.08,62.1,50000000.0,50000000.0,0,0,0,0,0,66,2026-02-03 09:44:10.414347
SPK,51.56,51.55,51.57,50000000.0,50000000.0,0,0,0,0,0,66,2026-02-03 09:44:10.414347
EEC,45.62,45.61,45.63,50000000.0,50000000.0,0,0,0,0,0,66,2026-02-03 09:44:10.414347
TGX,43.7,43.69,43.71,50000000.0,50000000.0,0,0,0,0,0,67,2026-02-03 09:44:11.518735
PHR,47.52,47.51,47.53,50000000.0,50000000.0,0,0,0,0,0,67,2026-02-03 09:44:11.518735
BYL,43.54,43.53,43.55,50000000.0,50000000.0,0,0,0,0,0,67,2026-02-03 09:44:11.518735
CLD,79.8,79.79,79.81,50000000.0,50000000.0,0,0,0,0,0,67,2026-02-03 09:44:11.518735
GGD,31.48,31.47,31.49,50000000.0,50000000.0,0,0,0,0,0,67,2026-02-03 09:44:11.518735
PNR,59.3,59.29,59.31,50000000.0,50000000.0,0,0,0,0,0,67,2026-02-03 09:44:11.518735
FSR,32.61,32.6,32.62,50000000.0,50000000.0,0,0,0,0,0,67,2026-02-03 09:44:11.518735
ATB,61.92,61.91,61.93,50000000.0,50000000.0,0,0,0,0,0,67,2026-02-03 09:44:11.518735
SPK,51.48,51.47,51.49,50000000.0,50000000.0,0,0,0,0,0,67,2026-02-03 09:44:11.518735
EEC,45.53,45.52,45.54,50000000.0,50000000.0,0,0,0,0,0,67,2026-02-03 09:44:11.518735
TGX,43.73,43.72,43.74,50000000.0,50000000.0,0,0,0,0,0,68,2026-02-03 09:44:12.570113
PHR,47.61,47.6,47.62,50000000.0,50000000.0,0,0,0,0,0,68,2026-02-03 09:44:12.570113
BYL,43.55,43.54,43.56,50000000.0,50000000.0,0,0,0,0,0,68,2026-02-03 09:44:12.570113
CLD,79.89,79.88,79.9,50000000.0,50000000.0,0,0,0,0,0,68,2026-02-03 09:44:12.570113
GGD,31.43,31.42,31.44,50000000.0,50000000.0,0,0,0,0,0,68,2026-02-03 09:44:12.570113
PNR,59.03,59.02,59.04,50000000.0,50000000.0,0,0,0,0,0,68,2026-02-03 09:44:12.570113
FSR,32.65,32.64,32.66,50000000.0,50000000.0,0,0,0,0,0,68,2026-02-03 09:44:12.570113
ATB,61.66,61.65,61.67,50000000.0,50000000.0,0,0,0,0,0,68,2026-02-03 09:44:12.570113
SPK,51.39,51.38,51.4,50000000.0,50000000.0,0,0,0,0,0,68,2026-02-03 09:44:12.570113
EEC,45.47,45.46,45.48,50000000.0,50000000.0,0,0,0,0,0,68,2026-02-03 09:44:12.570113
TGX,43.72,43.71,43.73,50000000.0,50000000.0,0,0,0,0,0,69,2026-02-03 09:44:13.625398
PHR,47.93,47.92,47.94,50000000.0,50000000.0,0,0,0,0,0,69,2026-02-03 09:44:13.625398
BYL,43.51,43.5,43.52,50000000.0,50000000.0,0,0,0,0,0,69,2026-02-03 09:44:13.625398
CLD,79.74,79.73,79.75,50000000.0,50000000.0,0,0,0,0,0,69,2026-02-03 09:44:13.625398
GGD,31.37,31.36,31.38,50000000.0,50000000.0,0,0,0,0,0,69,2026-02-03 09:44:13.625398
PNR,58.96,58.95,58.97,50000000.0,50000000.0,0,0,0,0,0,69,2026-02-03 09:44:13.625398
FSR,32.62,32.61,32.63,50000000.0,50000000.0,0,0,0,0,0,69,2026-02-03 09:44:13.625398
ATB,61.65,61.64,61.66,50000000.0,50000000.0,0,0,0,0,0,69,2026-02-03 09:44:13.625398
SPK,51.41,51.4,51.42,50000000.0,50000000.0,0,0,0,0,0,69,2026-02-03 09:44:13.625398
EEC,45.47,45.46,45.48,50000000.0,50000000.0,0,0,0,0,0,69,2026-02-03 09:44:13.625398
TGX,43.68,43.67,43.69,50000000.0,50000000.0,0,0,0,0,0,70,2026-02-03 09:44:14.665958
PHR,47.99,47.98,48.0,50000000.0,50000000.0,0,0,0,0,0,70,2026-02-03 09:44:14.665958
BYL,43.5,43.49,43.51,50000000.0,50000000.0,0,0,0,0,0,70,2026-02-03 09:44:14.665958
CLD,79.55,79.54,79.56,50000000.0,50000000.0,0,0,0,0,0,70,2026-02-03 09:44:14.665958
GGD,31.3,31.29,31.31,50000000.0,50000000.0,0,0,0,0,0,70,2026-02-03 09:44:14.665958
PNR,58.6,58.59,58.61,50000000.0,50000000.0,0,0,0,0,0,70,2026-02-03 09:44:14.665958
FSR,32.6,32.59,32.61,50000000.0,50000000.0,0,0,0,0,0,70,2026-02-03 09:44:14.665958
ATB,61.82,61.81,61.83,50000000.0,50000000.0,0,0,0,0,0,70,2026-02-03 09:44:14.665958
SPK,51.31,51.3,51.32,50000000.0,50000000.0,0,0,0,0,0,70,2026-02-03 09:44:14.665958
EEC,45.21,45.2,45.22,50000000.0,50000000.0,0,0,0,0,0,70,2026-02-03 09:44:14.665958
TGX,43.69,43.68,43.7,50000000.0,50000000.0,0,0,0,0,0,71,2026-02-03 09:44:15.213285
PHR,48.35,48.34,48.36,50000000.0,50000000.0,0,0,0,0,0,71,2026-02-03 09:44:15.213285
BYL,43.64,43.63,43.65,50000000.0,50000000.0,0,0,0,0,0,71,2026-02-03 09:44:15.213285
CLD,79.83,79.82,79.84,50000000.0,50000000.0,0,0,0,0,0,71,2026-02-03 09:44:15.213285
GGD,31.32,31.31,31.33,50000000.0,50000000.0,0,0,0,0,0,71,2026-02-03 09:44:15.213285
PNR,58.77,58.76,58.78,50000000.0,50000000.0,0,0,0,0,0,71,2026-02-03 09:44:15.213285
FSR,32.67,32.66,32.68,50000000.0,50000000.0,0,0,0,0,0,71,2026-02-03 09:44:15.213285
ATB,61.53,61.52,61.54,50000000.0,50000000.0,0,0,0,0,0,71,2026-02-03 09:44:15.213285
SPK,51.35,51.34,51.36,50000000.0,50000000.0,0,0,0,0,0,71,2026-02-03 09:44:15.213285
EEC,45.27,45.26,45.28,50000000.0,50000000.0,0,0,0,0,0,71,2026-02-03 09:44:15.213285
TGX,43.68,43.67,43.69,50000000.0,50000000.0,0,0,0,0,0,72,2026-02-03 09:44:16.253866
PHR,49.16,49.15,49.17,50000000.0,50000000.0,0,0,0,0,0,72,2026-02-03 09:44:16.253866
BYL,43.58,43.57,43.59,50000000.0,50000000.0,0,0,0,0,0,72,2026-02-03 09:44:16.253866
CLD,79.7,79.69,79.71,50000000.0,50000000.0,0,0,0,0,0,72,2026-02-03 09:44:16.253866
GGD,31.32,31.31,31.33,50000000.0,50000000.0,0,0,0,0,0,72,2026-02-03 09:44:16.253866
PNR,58.76,58.75,58.77,50000000.0,50000000.0,0,0,0,0,0,72,2026-02-03 09:44:16.253866
FSR,32.64,32.63,32.65,50000000.0,50000000.0,0,0,0,0,0,72,2026-02-03 09:44:16.253866
ATB,61.43,61.42,61.44,50000000.0,50000000.0,0,0,0,0,0,72,2026-02-03 09:44:16.253866
SPK,51.26,51.25,51.27,50000000.0,50000000.0,0,0,0,0,0,72,2026-02-03 09:44:16.253866
EEC,45.11,45.1,45.12,50000000.0,50000000.0,0,0,0,0,0,72,2026-02-03 09:44:16.253866
TGX,43.67,43.66,43.68,50000000.0,50000000.0,0,0,0,0,0,73,2026-02-03 09:44:17.315633
PHR,48.84,48.83,48.85,50000000.0,50000000.0,0,0,0,0,0,73,2026-02-03 09:44:17.315633
BYL,43.43,43.42,43.44,50000000.0,50000000.0,0,0,0,0,0,73,2026-02-03 09:44:17.315633
CLD,79.29,79.28,79.3,50000000.0,50000000.0,0,0,0,0,0,73,2026-02-03 09:44:17.315633
GGD,31.25,31.24,31.26,50000000.0,50000000.0,0,0,0,0,0,73,2026-02-03 09:44:17.315633
PNR,58.35,58.34,58.36,50000000.0,50000000.0,0,0,0,0,0,73,2026-02-03 09:44:17.315633
FSR,32.67,32.66,32.68,50000000.0,50000000.0,0,0,0,0,0,73,2026-02-03 09:44:17.315633
ATB,61.15,61.14,61.16,50000000.0,50000000.0,0,0,0,0,0,73,2026-02-03 09:44:17.315633
SPK,51.24,51.23,51.25,50000000.0,50000000.0,0,0,0,0,0,73,2026-02-03 09:44:17.315633
EEC,45.07,45.06,45.08,50000000.0,50000000.0,0,0,0,0,0,73,2026-02-03 09:44:17.315633
TGX,43.66,43.65,43.67,50000000.0,50000000.0,0,0,0,0,0,74,2026-02-03 09:44:18.382666
PHR,48.58,48.57,48.59,50000000.0,50000000.0,0,0,0,0,0,74,2026-02-03 09:44:18.382666
BYL,43.41,43.4,43.42,50000000.0,50000000.0,0,0,0,0,0,74,2026-02-03 09:44:18.382666
CLD,79.33,79.32,79.34,50000000.0,50000000.0,0,0,0,0,0,74,2026-02-03 09:44:18.382666
GGD,31.25,31.24,31.26,50000000.0,50000000.0,0,0,0,0,0,74,2026-02-03 09:44:18.382666
PNR,58.41,58.4,58.42,50000000.0,50000000.0,0,0,0,0,0,74,2026-02-03 09:44:18.382666
FSR,32.67,32.66,32.68,50000000.0,50000000.0,0,0,0,0,0,74,2026-02-03 09:44:18.382666
ATB,61.04,61.03,61.05,50000000.0,50000000.0,0,0,0,0,0,74,2026-02-03 09:44:18.382666
SPK,51.08,51.07,51.09,50000000.0,50000000.0,0,0,0,0,0,74,2026-02-03 09:44:18.382666
EEC,44.75,44.74,44.76,50000000.0,50000000.0,0,0,0,0,0,74,2026-02-03 09:44:18.382666
TGX,43.62,43.61,43.63,50000000.0,50000000.0,0,0,0,0,0,75,2026-02-03 09:44:19.432379,6.0,1.0,74.0,D5-SPK/EEC,Outside Date Extended to Year-End,Parties extend outside date to December 31 allowing additional time for state approvals.
PHR,48.69,48.68,48.7,50000000.0,50000000.0,0,0,0,0,0,75,2026-02-03 09:44:19.432379,,,,,,
BYL,43.43,43.42,43.44,50000000.0,50000000.0,0,0,0,0,0,75,2026-02-03 09:44:19.432379,,,,,,
CLD,79.37,79.36,79.38,50000000.0,50000000.0,0,0,0,0,0,75,2026-02-03 09:44:19.432379,,,,,,
GGD,31.15,31.14,31.16,50000000.0,50000000.0,0,0,0,0,0,75,2026-02-03 09:44:19.432379,,,,,,
PNR,58.1,58.09,58.11,50000000.0,50000000.0,0,0,0,0,0,75,2026-02-03 09:44:19.432379,,,,,,
FSR,32.65,32.64,32.66,50000000.0,50000000.0,0,0,0,0,0,75,2026-02-03 09:44:19.432379,,,,,,
ATB,61.21,61.2,61.22,50000000.0,50000000.0,0,0,0,0,0,75,2026-02-03 09:44:19.432379,,,,,,
SPK,51.06,51.05,51.07,50000000.0,50000000.0,0,0,0,0,0,75,2026-02-03 09:44:19.432379,,,,,,
EEC,44.73,44.72,44.74,50000000.0,50000000.0,0,0,0,0,0,75,2026-02-03 09:44:19.432379,,,,,,
TGX,43.59,43.58,43.6,50000000.0,50000000.0,0,0,0,0,0,76,2026-02-03 09:44:20.477409,7.0,1.0,75.0,D5-SPK/EEC,ISS Strongly Recommends Approval,Proxy advisor issues strong buy recommendation citing strategic fit and valuation.
PHR,47.85,47.84,47.86,50000000.0,50000000.0,0,0,0,0,0,76,2026-02-03 09:44:20.477409,,,,,,
BYL,43.48,43.47,43.49,50000000.0,50000000.0,0,0,0,0,0,76,2026-02-03 09:44:20.477409,,,,,,
CLD,79.55,79.54,79.56,50000000.0,50000000.0,0,0,0,0,0,76,2026-02-03 09:44:20.477409,,,,,,
GGD,31.13,31.12,31.14,50000000.0,50000000.0,0,0,0,0,0,76,2026-02-03 09:44:20.477409,,,,,,
PNR,57.96,57.95,57.97,50000000.0,50000000.0,0,0,0,0,0,76,2026-02-03 09:44:20.477409,,,,,,
FSR,32.59,32.58,32.6,50000000.0,50000000.0,0,0,0,0,0,76,2026-02-03 09:44:20.477409,,,,,,
ATB,61.28,61.27,61.29,50000000.0,50000000.0,0,0,0,0,0,76,2026-02-03 09:44:20.477409,,,,,,
SPK,51.09,51.08,51.1,50000000.0,50000000.0,0,0,0,0,0,76,2026-02-03 09:44:20.477409,,,,,,
EEC,44.88,44.87,44.89,50000000.0,50000000.0,0,0,0,0,0,76,2026-02-03 09:44:20.477409,,,,,,
TGX,43.59,43.58,43.6,50000000.0,50000000.0,0,0,0,0,0,77,2026-02-03 09:44:21.523076,8.0,1.0,76.0,D5-SPK/EEC,All-Stock Structure Eliminates Financing,Pure stock-for-stock exchange eliminates financing risk and cash requirements.
PHR,47.65,47.64,47.66,50000000.0,50000000.0,0,0,0,0,0,77,2026-02-03 09:44:21.523076,,,,,,
BYL,43.36,43.35,43.37,50000000.0,50000000.0,0,0,0,0,0,77,2026-02-03 09:44:21.523076,,,,,,
CLD,79.25,79.24,79.26,50000000.0,50000000.0,0,0,0,0,0,77,2026-02-03 09:44:21.523076,,,,,,
GGD,31.08,31.07,31.09,50000000.0,50000000.0,0,0,0,0,0,77,2026-02-03 09:44:21.523076,,,,,,
PNR,57.78,57.77,57.79,50000000.0,50000000.0,0,0,0,0,0,77,2026-02-03 09:44:21.523076,,,,,,
FSR,32.57,32.56,32.58,50000000.0,50000000.0,0,0,0,0,0,77,2026-02-03 09:44:21.523076,,,,,,
ATB,61.09,61.08,61.1,50000000.0,50000000.0,0,0,0,0,0,77,2026-02-03 09:44:21.523076,,,,,,
SPK,51.12,51.11,51.13,50000000.0,50000000.0,0,0,0,0,0,77,2026-02-03 09:44:21.523076,,,,,,
EEC,44.89,44.88,44.9,50000000.0,50000000.0,0,0,0,0,0,77,2026-02-03 09:44:21.523076,,,,,,
TGX,43.5,43.49,43.51,50000000.0,50000000.0,0,0,0,0,0,78,2026-02-03 09:44:22.615395
PHR,48.37,48.36,48.38,50000000.0,50000000.0,0,0,0,0,0,78,2026-02-03 09:44:22.615395
BYL,43.33,43.32,43.34,50000000.0,50000000.0,0,0,0,0,0,78,2026-02-03 09:44:22.615395
CLD,79.12,79.11,79.13,50000000.0,50000000.0,0,0,0,0,0,78,2026-02-03 09:44:22.615395
GGD,31.1,31.09,31.11,50000000.0,50000000.0,0,0,0,0,0,78,2026-02-03 09:44:22.615395
PNR,57.96,57.95,57.97,50000000.0,50000000.0,0,0,0,0,0,78,2026-02-03 09:44:22.615395
FSR,32.58,32.57,32.59,50000000.0,50000000.0,0,0,0,0,0,78,2026-02-03 09:44:22.615395
ATB,61.16,61.15,61.17,50000000.0,50000000.0,0,0,0,0,0,78,2026-02-03 09:44:22.615395
SPK,51.15,51.14,51.16,50000000.0,50000000.0,0,0,0,0,0,78,2026-02-03 09:44:22.615395
EEC,44.95,44.94,44.96,50000000.0,50000000.0,0,0,0,0,0,78,2026-02-03 09:44:22.615395
TGX,43.49,43.48,43.5,50000000.0,50000000.0,0,0,0,0,0,79,2026-02-03 09:44:23.668357
PHR,48.57,48.56,48.58,50000000.0,50000000.0,0,0,0,0,0,79,2026-02-03 09:44:23.668357
BYL,43.43,43.42,43.44,50000000.0,50000000.0,0,0,0,0,0,79,2026-02-03 09:44:23.668357
CLD,79.37,79.36,79.38,50000000.0,50000000.0,0,0,0,0,0,79,2026-02-03 09:44:23.668357
GGD,31.11,31.1,31.12,50000000.0,50000000.0,0,0,0,0,0,79,2026-02-03 09:44:23.668357
PNR,58.14,58.13,58.15,50000000.0,50000000.0,0,0,0,0,0,79,2026-02-03 09:44:23.668357
FSR,32.54,32.53,32.55,50000000.0,50000000.0,0,0,0,0,0,79,2026-02-03 09:44:23.668357
ATB,61.12,61.11,61.13,50000000.0,50000000.0,0,0,0,0,0,79,2026-02-03 09:44:23.668357
SPK,51.22,51.21,51.23,50000000.0,50000000.0,0,0,0,0,0,79,2026-02-03 09:44:23.668357
EEC,45.06,45.05,45.07,50000000.0,50000000.0,0,0,0,0,0,79,2026-02-03 09:44:23.668357
TGX,43.49,43.48,43.5,50000000.0,50000000.0,0,0,0,0,0,80,2026-02-03 09:44:24.745321
PHR,48.63,48.62,48.64,50000000.0,50000000.0,0,0,0,0,0,80,2026-02-03 09:44:24.745321
BYL,43.3,43.29,43.31,50000000.0,50000000.0,0,0,0,0,0,80,2026-02-03 09:44:24.745321
CLD,79.21,79.2,79.22,50000000.0,50000000.0,0,0,0,0,0,80,2026-02-03 09:44:24.745321
GGD,31.09,31.08,31.1,50000000.0,50000000.0,0,0,0,0,0,80,2026-02-03 09:44:24.745321
PNR,57.99,57.98,58.0,50000000.0,50000000.0,0,0,0,0,0,80,2026-02-03 09:44:24.745321
FSR,32.46,32.45,32.47,50000000.0,50000000.0,0,0,0,0,0,80,2026-02-03 09:44:24.745321
ATB,61.03,61.02,61.04,50000000.0,50000000.0,0,0,0,0,0,80,2026-02-03 09:44:24.745321
SPK,51.16,51.15,51.17,50000000.0,50000000.0,0,0,0,0,0,80,2026-02-03 09:44:24.745321
EEC,44.92,44.91,44.93,50000000.0,50000000.0,0,0,0,0,0,80,2026-02-03 09:44:24.745321
TGX,43.49,43.48,43.5,50000000.0,50000000.0,0,0,0,0,0,81,2026-02-03 09:44:25.285111
PHR,48.49,48.48,48.5,50000000.0,50000000.0,0,0,0,0,0,81,2026-02-03 09:44:25.285111
BYL,43.2,43.19,43.21,50000000.0,50000000.0,0,0,0,0,0,81,2026-02-03 09:44:25.285111
CLD,78.95,78.94,78.96,50000000.0,50000000.0,0,0,0,0,0,81,2026-02-03 09:44:25.285111
GGD,31.11,31.1,31.12,50000000.0,50000000.0,0,0,0,0,0,81,2026-02-03 09:44:25.285111
PNR,58.07,58.06,58.08,50000000.0,50000000.0,0,0,0,0,0,81,2026-02-03 09:44:25.285111
FSR,32.42,32.41,32.43,50000000.0,50000000.0,0,0,0,0,0,81,2026-02-03 09:44:25.285111
ATB,61.35,61.34,61.36,50000000.0,50000000.0,0,0,0,0,0,81,2026-02-03 09:44:25.285111
SPK,51.26,51.25,51.27,50000000.0,50000000.0,0,0,0,0,0,81,2026-02-03 09:44:25.285111
EEC,45.05,45.04,45.06,50000000.0,50000000.0,0,0,0,0,0,81,2026-02-03 09:44:25.285111
TGX,43.52,43.51,43.53,50000000.0,50000000.0,0,0,0,0,0,82,2026-02-03 09:44:26.337549,9.0,1.0,81.0,D2-BYL/CLD,Collar Mechanism Speculation,Analysts discuss whether parties will negotiate exchange ratio collar to protect against stock price volatility.
PHR,48.93,48.92,48.94,50000000.0,50000000.0,0,0,0,0,0,82,2026-02-03 09:44:26.337549,,,,,,
BYL,43.04,43.03,43.05,50000000.0,50000000.0,0,0,0,0,0,82,2026-02-03 09:44:26.337549,,,,,,
CLD,78.6,78.59,78.61,50000000.0,50000000.0,0,0,0,0,0,82,2026-02-03 09:44:26.337549,,,,,,
GGD,31.06,31.05,31.07,50000000.0,50000000.0,0,0,0,0,0,82,2026-02-03 09:44:26.337549,,,,,,
PNR,57.27,57.26,57.28,50000000.0,50000000.0,0,0,0,0,0,82,2026-02-03 09:44:26.337549,,,,,,
FSR,32.48,32.47,32.49,50000000.0,50000000.0,0,0,0,0,0,82,2026-02-03 09:44:26.337549,,,,,,
ATB,61.42,61.41,61.43,50000000.0,50000000.0,0,0,0,0,0,82,2026-02-03 09:44:26.337549,,,,,,
SPK,51.36,51.35,51.37,50000000.0,50000000.0,0,0,0,0,0,82,2026-02-03 09:44:26.337549,,,,,,
EEC,45.21,45.2,45.22,50000000.0,50000000.0,0,0,0,0,0,82,2026-02-03 09:44:26.337549,,,,,,
TGX,43.53,43.52,43.54,50000000.0,50000000.0,0,0,0,0,0,83,2026-02-03 09:44:27.388710
PHR,48.75,48.74,48.76,50000000.0,50000000.0,0,0,0,0,0,83,2026-02-03 09:44:27.388710
BYL,43.17,43.16,43.18,50000000.0,50000000.0,0,0,0,0,0,83,2026-02-03 09:44:27.388710
CLD,78.91,78.9,78.92,50000000.0,50000000.0,0,0,0,0,0,83,2026-02-03 09:44:27.388710
GGD,31.06,31.05,31.07,50000000.0,50000000.0,0,0,0,0,0,83,2026-02-03 09:44:27.388710
PNR,57.15,57.14,57.16,50000000.0,50000000.0,0,0,0,0,0,83,2026-02-03 09:44:27.388710
FSR,32.44,32.43,32.45,50000000.0,50000000.0,0,0,0,0,0,83,2026-02-03 09:44:27.388710
ATB,61.59,61.58,61.6,50000000.0,50000000.0,0,0,0,0,0,83,2026-02-03 09:44:27.388710
SPK,51.31,51.3,51.32,50000000.0,50000000.0,0,0,0,0,0,83,2026-02-03 09:44:27.388710
EEC,45.12,45.11,45.13,50000000.0,50000000.0,0,0,0,0,0,83,2026-02-03 09:44:27.388710
TGX,43.56,43.55,43.57,50000000.0,50000000.0,0,0,0,0,0,84,2026-02-03 09:44:28.429430,10.0,1.0,83.0,D3-GGD/PNR,PetroNorth Management Provides Updated Market Outlook,"PetroNorth management has updated its forward guidance in a routine investor communication, revising certain operating assumptions while maintaining its overall strategic outlook. The revised projections reflect mixed conditions in the energy infrastructure sector, with some metrics trending above prior expectations and others showing softness. Market participants are debating whether the update strengthens or weakens the economic rationale for the proposed combination with GreenGrid."
PHR,48.68,48.67,48.69,50000000.0,50000000.0,0,0,0,0,0,84,2026-02-03 09:44:28.429430,,,,,,
BYL,43.09,43.08,43.1,50000000.0,50000000.0,0,0,0,0,0,84,2026-02-03 09:44:28.429430,,,,,,
CLD,78.78,78.77,78.79,50000000.0,50000000.0,0,0,0,0,0,84,2026-02-03 09:44:28.429430,,,,,,
GGD,31.08,31.07,31.09,50000000.0,50000000.0,0,0,0,0,0,84,2026-02-03 09:44:28.429430,,,,,,
PNR,57.61,57.6,57.62,50000000.0,50000000.0,0,0,0,0,0,84,2026-02-03 09:44:28.429430,,,,,,
FSR,32.47,32.46,32.48,50000000.0,50000000.0,0,0,0,0,0,84,2026-02-03 09:44:28.429430,,,,,,
ATB,61.5,61.49,61.51,50000000.0,50000000.0,0,0,0,0,0,84,2026-02-03 09:44:28.429430,,,,,,
SPK,51.18,51.17,51.19,50000000.0,50000000.0,0,0,0,0,0,84,2026-02-03 09:44:28.429430,,,,,,
EEC,44.85,44.84,44.86,50000000.0,50000000.0,0,0,0,0,0,84,2026-02-03 09:44:28.429430,,,,,,
TGX,43.52,43.51,43.53,50000000.0,50000000.0,0,0,0,0,0,85,2026-02-03 09:44:29.468117,11.0,1.0,84.0,D1-TGX/PHR,Closed-Door Meeting Between Transaction Principals Reported,"Sources indicate that senior executives from Targenix and Pharmaco held an unscheduled closed-door meeting to discuss matters related to the pending transaction. The meeting's agenda has not been disclosed, and representatives from both companies declined to comment. Such meetings can address a range of topics from integration planning to renegotiation of terms, and market participants are monitoring subsequent regulatory filings for indications of any changes to the deal structure or timeline."
PHR,48.86,48.85,48.87,50000000.0,50000000.0,0,0,0,0,0,85,2026-02-03 09:44:29.468117,,,,,,
BYL,42.96,42.95,42.97,50000000.0,50000000.0,0,0,0,0,0,85,2026-02-03 09:44:29.468117,,,,,,
CLD,78.52,78.51,78.53,50000000.0,50000000.0,0,0,0,0,0,85,2026-02-03 09:44:29.468117,,,,,,
GGD,31.09,31.08,31.1,50000000.0,50000000.0,0,0,0,0,0,85,2026-02-03 09:44:29.468117,,,,,,
PNR,57.24,57.23,57.25,50000000.0,50000000.0,0,0,0,0,0,85,2026-02-03 09:44:29.468117,,,,,,
FSR,32.49,32.48,32.5,50000000.0,50000000.0,0,0,0,0,0,85,2026-02-03 09:44:29.468117,,,,,,
ATB,61.63,61.62,61.64,50000000.0,50000000.0,0,0,0,0,0,85,2026-02-03 09:44:29.468117,,,,,,
SPK,51.04,51.03,51.05,50000000.0,50000000.0,0,0,0,0,0,85,2026-02-03 09:44:29.468117,,,,,,
EEC,44.61,44.6,44.62,50000000.0,50000000.0,0,0,0,0,0,85,2026-02-03 09:44:29.468117,,,,,,
TGX,43.54,43.53,43.55,50000000.0,50000000.0,0,0,0,0,0,86,2026-02-03 09:44:30.512613,12.0,1.0,85.0,D4-FSR/ATB,Federal Reserve Approves Transaction,Fed issues approval order citing enhanced capital requirements and risk management conditions.
PHR,48.67,48.66,48.68,50000000.0,50000000.0,0,0,0,0,0,86,2026-02-03 09:44:30.512613,,,,,,
BYL,42.88,42.87,42.89,50000000.0,50000000.0,0,0,0,0,0,86,2026-02-03 09:44:30.512613,,,,,,
CLD,78.28,78.27,78.29,50000000.0,50000000.0,0,0,0,0,0,86,2026-02-03 09:44:30.512613,,,,,,
GGD,31.11,31.1,31.12,50000000.0,50000000.0,0,0,0,0,0,86,2026-02-03 09:44:30.512613,,,,,,
PNR,57.75,57.74,57.76,50000000.0,50000000.0,0,0,0,0,0,86,2026-02-03 09:44:30.512613,,,,,,
FSR,32.45,32.44,32.46,50000000.0,50000000.0,0,0,0,0,0,86,2026-02-03 09:44:30.512613,,,,,,
ATB,61.53,61.52,61.54,50000000.0,50000000.0,0,0,0,0,0,86,2026-02-03 09:44:30.512613,,,,,,
SPK,51.09,51.07,51.09,50000000.0,50000000.0,0,0,0,0,0,86,2026-02-03 09:44:30.512613,,,,,,
EEC,44.67,44.67,44.69,50000000.0,50000000.0,0,0,0,0,0,86,2026-02-03 09:44:30.512613,,,,,,
TGX,43.58,43.57,43.59,50000000.0,50000000.0,0,0,0,0,0,87,2026-02-03 09:44:31.545413
PHR,48.67,48.66,48.68,50000000.0,50000000.0,0,0,0,0,0,87,2026-02-03 09:44:31.545413
BYL,43.22,43.21,43.23,50000000.0,50000000.0,0,0,0,0,0,87,2026-02-03 09:44:31.545413
CLD,79.18,79.17,79.19,50000000.0,50000000.0,0,0,0,0,0,87,2026-02-03 09:44:31.545413
GGD,31.16,31.15,31.17,50000000.0,50000000.0,0,0,0,0,0,87,2026-02-03 09:44:31.545413
PNR,57.87,57.86,57.88,50000000.0,50000000.0,0,0,0,0,0,87,2026-02-03 09:44:31.545413
FSR,32.49,32.48,32.5,50000000.0,50000000.0,0,0,0,0,0,87,2026-02-03 09:44:31.545413
ATB,61.23,61.22,61.24,50000000.0,50000000.0,0,0,0,0,0,87,2026-02-03 09:44:31.545413
SPK,51.05,51.03,51.05,50000000.0,50000000.0,0,0,0,0,0,87,2026-02-03 09:44:31.545413
EEC,44.58,44.58,44.6,50000000.0,50000000.0,0,0,0,0,0,87,2026-02-03 09:44:31.545413
TGX,43.58,43.57,43.59,50000000.0,50000000.0,0,0,0,0,0,88,2026-02-03 09:44:32.633894
PHR,48.82,48.81,48.83,50000000.0,50000000.0,0,0,0,0,0,88,2026-02-03 09:44:32.633894
BYL,43.23,43.22,43.24,50000000.0,50000000.0,0,0,0,0,0,88,2026-02-03 09:44:32.633894
CLD,79.16,79.15,79.17,50000000.0,50000000.0,0,0,0,0,0,88,2026-02-03 09:44:32.633894
GGD,31.06,31.05,31.07,50000000.0,50000000.0,0,0,0,0,0,88,2026-02-03 09:44:32.633894
PNR,57.82,57.81,57.83,50000000.0,50000000.0,0,0,0,0,0,88,2026-02-03 09:44:32.633894
FSR,32.47,32.46,32.48,50000000.0,50000000.0,0,0,0,0,0,88,2026-02-03 09:44:32.633894
ATB,61.49,61.48,61.5,50000000.0,50000000.0,0,0,0,0,0,88,2026-02-03 09:44:32.633894
SPK,51.05,51.04,51.06,50000000.0,50000000.0,0,0,0,0,0,88,2026-02-03 09:44:32.633894
EEC,44.62,44.61,44.63,50000000.0,50000000.0,0,0,0,0,0,88,2026-02-03 09:44:32.633894
TGX,43.6,43.59,43.61,50000000.0,50000000.0,0,0,0,0,0,89,2026-02-03 09:44:33.719411,13.0,1.0,88.0,D5-SPK/EEC,EastEnergy Shareholder Questions,Some EEC shareholders express concern about dilution from stock issuance.
PHR,48.82,48.81,48.83,50000000.0,50000000.0,0,0,0,0,0,89,2026-02-03 09:44:33.719411,,,,,,
BYL,43.22,43.21,43.23,50000000.0,50000000.0,0,0,0,0,0,89,2026-02-03 09:44:33.719411,,,,,,
CLD,79.2,79.19,79.21,50000000.0,50000000.0,0,0,0,0,0,89,2026-02-03 09:44:33.719411,,,,,,
GGD,31.1,31.09,31.11,50000000.0,50000000.0,0,0,0,0,0,89,2026-02-03 09:44:33.719411,,,,,,
PNR,58.11,58.1,58.12,50000000.0,50000000.0,0,0,0,0,0,89,2026-02-03 09:44:33.719411,,,,,,
FSR,32.45,32.44,32.46,50000000.0,50000000.0,0,0,0,0,0,89,2026-02-03 09:44:33.719411,,,,,,
ATB,61.54,61.53,61.55,50000000.0,50000000.0,0,0,0,0,0,89,2026-02-03 09:44:33.719411,,,,,,
SPK,51.07,51.06,51.08,50000000.0,50000000.0,0,0,0,0,0,89,2026-02-03 09:44:33.719411,,,,,,
EEC,44.68,44.67,44.69,50000000.0,50000000.0,0,0,0,0,0,89,2026-02-03 09:44:33.719411,,,,,,
TGX,43.57,43.56,43.58,50000000.0,50000000.0,0,0,0,0,0,90,2026-02-03 09:44:34.773476
PHR,48.39,48.38,48.4,50000000.0,50000000.0,0,0,0,0,0,90,2026-02-03 09:44:34.773476
BYL,43.31,43.3,43.32,50000000.0,50000000.0,0,0,0,0,0,90,2026-02-03 09:44:34.773476
CLD,79.31,79.3,79.32,50000000.0,50000000.0,0,0,0,0,0,90,2026-02-03 09:44:34.773476
GGD,31.06,31.05,31.07,50000000.0,50000000.0,0,0,0,0,0,90,2026-02-03 09:44:34.773476
PNR,57.93,57.92,57.94,50000000.0,50000000.0,0,0,0,0,0,90,2026-02-03 09:44:34.773476
FSR,32.45,32.44,32.46,50000000.0,50000000.0,0,0,0,0,0,90,2026-02-03 09:44:34.773476
ATB,61.42,61.41,61.43,50000000.0,50000000.0,0,0,0,0,0,90,2026-02-03 09:44:34.773476
SPK,51.12,51.11,51.13,50000000.0,50000000.0,0,0,0,0,0,90,2026-02-03 09:44:34.773476
EEC,44.74,44.73,44.75,50000000.0,50000000.0,0,0,0,0,0,90,2026-02-03 09:44:34.773476
TGX,43.61,43.6,43.62,50000000.0,50000000.0,0,0,0,0,0,91,2026-02-03 09:44:35.320318
PHR,48.21,48.2,48.22,50000000.0,50000000.0,0,0,0,0,0,91,2026-02-03 09:44:35.320318
BYL,43.47,43.46,43.48,50000000.0,50000000.0,0,0,0,0,0,91,2026-02-03 09:44:35.320318
CLD,79.59,79.58,79.6,50000000.0,50000000.0,0,0,0,0,0,91,2026-02-03 09:44:35.320318
GGD,30.95,30.94,30.96,50000000.0,50000000.0,0,0,0,0,0,91,2026-02-03 09:44:35.320318
PNR,57.91,57.9,57.92,50000000.0,50000000.0,0,0,0,0,0,91,2026-02-03 09:44:35.320318
FSR,32.34,32.33,32.35,50000000.0,50000000.0,0,0,0,0,0,91,2026-02-03 09:44:35.320318
ATB,61.4,61.39,61.41,50000000.0,50000000.0,0,0,0,0,0,91,2026-02-03 09:44:35.320318
SPK,51.19,51.18,51.2,50000000.0,50000000.0,0,0,0,0,0,91,2026-02-03 09:44:35.320318
EEC,44.88,44.87,44.89,50000000.0,50000000.0,0,0,0,0,0,91,2026-02-03 09:44:35.320318
TGX,43.59,43.58,43.6,50000000.0,50000000.0,0,0,0,0,0,92,2026-02-03 09:44:36.358166
PHR,47.89,47.88,47.9,50000000.0,50000000.0,0,0,0,0,0,92,2026-02-03 09:44:36.358166
BYL,43.24,43.23,43.25,50000000.0,50000000.0,0,0,0,0,0,92,2026-02-03 09:44:36.358166
CLD,79.02,79.01,79.03,50000000.0,50000000.0,0,0,0,0,0,92,2026-02-03 09:44:36.358166
GGD,30.98,30.97,30.99,50000000.0,50000000.0,0,0,0,0,0,92,2026-02-03 09:44:36.358166
PNR,58.31,58.3,58.32,50000000.0,50000000.0,0,0,0,0,0,92,2026-02-03 09:44:36.358166
FSR,32.31,32.3,32.32,50000000.0,50000000.0,0,0,0,0,0,92,2026-02-03 09:44:36.358166
ATB,60.92,60.91,60.93,50000000.0,50000000.0,0,0,0,0,0,92,2026-02-03 09:44:36.358166
SPK,51.23,51.22,51.24,50000000.0,50000000.0,0,0,0,0,0,92,2026-02-03 09:44:36.358166
EEC,44.88,44.87,44.89,50000000.0,50000000.0,0,0,0,0,0,92,2026-02-03 09:44:36.358166
TGX,43.59,43.58,43.6,50000000.0,50000000.0,0,0,0,0,0,93,2026-02-03 09:44:37.396514
PHR,47.83,47.82,47.84,50000000.0,50000000.0,0,0,0,0,0,93,2026-02-03 09:44:37.396514
BYL,43.43,43.42,43.44,50000000.0,50000000.0,0,0,0,0,0,93,2026-02-03 09:44:37.396514
CLD,79.34,79.33,79.35,50000000.0,50000000.0,0,0,0,0,0,93,2026-02-03 09:44:37.396514
GGD,30.94,30.93,30.95,50000000.0,50000000.0,0,0,0,0,0,93,2026-02-03 09:44:37.396514
PNR,58.66,58.65,58.67,50000000.0,50000000.0,0,0,0,0,0,93,2026-02-03 09:44:37.396514
FSR,32.26,32.25,32.27,50000000.0,50000000.0,0,0,0,0,0,93,2026-02-03 09:44:37.396514
ATB,61.0,60.99,61.01,50000000.0,50000000.0,0,0,0,0,0,93,2026-02-03 09:44:37.396514
SPK,51.18,51.17,51.19,50000000.0,50000000.0,0,0,0,0,0,93,2026-02-03 09:44:37.396514
EEC,44.82,44.81,44.83,50000000.0,50000000.0,0,0,0,0,0,93,2026-02-03 09:44:37.396514
TGX,43.61,43.6,43.62,50000000.0,50000000.0,0,0,0,0,0,94,2026-02-03 09:44:38.443610
PHR,47.86,47.85,47.87,50000000.0,50000000.0,0,0,0,0,0,94,2026-02-03 09:44:38.443610
BYL,43.26,43.25,43.27,50000000.0,50000000.0,0,0,0,0,0,94,2026-02-03 09:44:38.443610
CLD,79.05,79.04,79.06,50000000.0,50000000.0,0,0,0,0,0,94,2026-02-03 09:44:38.443610
GGD,30.95,30.94,30.96,50000000.0,50000000.0,0,0,0,0,0,94,2026-02-03 09:44:38.443610
PNR,59.28,59.27,59.29,50000000.0,50000000.0,0,0,0,0,0,94,2026-02-03 09:44:38.443610
FSR,32.24,32.23,32.25,50000000.0,50000000.0,0,0,0,0,0,94,2026-02-03 09:44:38.443610
ATB,61.15,61.14,61.16,50000000.0,50000000.0,0,0,0,0,0,94,2026-02-03 09:44:38.443610
SPK,51.24,51.23,51.25,50000000.0,50000000.0,0,0,0,0,0,94,2026-02-03 09:44:38.443610
EEC,44.98,44.97,44.99,50000000.0,50000000.0,0,0,0,0,0,94,2026-02-03 09:44:38.443610
TGX,43.61,43.6,43.62,50000000.0,50000000.0,0,0,0,0,0,95,2026-02-03 09:44:39.481091
PHR,47.72,47.71,47.73,50000000.0,50000000.0,0,0,0,0,0,95,2026-02-03 09:44:39.481091
BYL,43.44,43.43,43.45,50000000.0,50000000.0,0,0,0,0,0,95,2026-02-03 09:44:39.481091
CLD,79.48,79.47,79.49,50000000.0,50000000.0,0,0,0,0,0,95,2026-02-03 09:44:39.481091
GGD,31.06,31.05,31.07,50000000.0,50000000.0,0,0,0,0,0,95,2026-02-03 09:44:39.481091
PNR,59.6,59.59,59.61,50000000.0,50000000.0,0,0,0,0,0,95,2026-02-03 09:44:39.481091
FSR,32.23,32.22,32.24,50000000.0,50000000.0,0,0,0,0,0,95,2026-02-03 09:44:39.481091
ATB,61.13,61.12,61.14,50000000.0,50000000.0,0,0,0,0,0,95,2026-02-03 09:44:39.481091
SPK,51.29,51.28,51.3,50000000.0,50000000.0,0,0,0,0,0,95,2026-02-03 09:44:39.481091
EEC,45.04,45.03,45.05,50000000.0,50000000.0,0,0,0,0,0,95,2026-02-03 09:44:39.481091
TGX,43.58,43.57,43.59,50000000.0,50000000.0,0,0,0,0,0,96,2026-02-03 09:44:40.526337
PHR,47.43,47.42,47.44,50000000.0,50000000.0,0,0,0,0,0,96,2026-02-03 09:44:40.526337
BYL,43.53,43.52,43.54,50000000.0,50000000.0,0,0,0,0,0,96,2026-02-03 09:44:40.526337
CLD,79.66,79.65,79.67,50000000.0,50000000.0,0,0,0,0,0,96,2026-02-03 09:44:40.526337
GGD,31.06,31.05,31.07,50000000.0,50000000.0,0,0,0,0,0,96,2026-02-03 09:44:40.526337
PNR,59.27,59.26,59.28,50000000.0,50000000.0,0,0,0,0,0,96,2026-02-03 09:44:40.526337
FSR,32.25,32.24,32.26,50000000.0,50000000.0,0,0,0,0,0,96,2026-02-03 09:44:40.526337
ATB,61.31,61.3,61.32,50000000.0,50000000.0,0,0,0,0,0,96,2026-02-03 09:44:40.526337
SPK,51.28,51.27,51.29,50000000.0,50000000.0,0,0,0,0,0,96,2026-02-03 09:44:40.526337
EEC,44.99,44.98,45.0,50000000.0,50000000.0,0,0,0,0,0,96,2026-02-03 09:44:40.526337
TGX,43.65,43.64,43.66,50000000.0,50000000.0,0,0,0,0,0,97,2026-02-03 09:44:41.568042
PHR,47.94,47.93,47.95,50000000.0,50000000.0,0,0,0,0,0,97,2026-02-03 09:44:41.568042
BYL,43.58,43.57,43.59,50000000.0,50000000.0,0,0,0,0,0,97,2026-02-03 09:44:41.568042
CLD,79.86,79.85,79.87,50000000.0,50000000.0,0,0,0,0,0,97,2026-02-03 09:44:41.568042
GGD,31.09,31.08,31.1,50000000.0,50000000.0,0,0,0,0,0,97,2026-02-03 09:44:41.568042
PNR,59.18,59.17,59.19,50000000.0,50000000.0,0,0,0,0,0,97,2026-02-03 09:44:41.568042
FSR,32.23,32.22,32.24,50000000.0,50000000.0,0,0,0,0,0,97,2026-02-03 09:44:41.568042
ATB,61.11,61.1,61.12,50000000.0,50000000.0,0,0,0,0,0,97,2026-02-03 09:44:41.568042
SPK,51.19,51.18,51.2,50000000.0,50000000.0,0,0,0,0,0,97,2026-02-03 09:44:41.568042
EEC,44.79,44.78,44.8,50000000.0,50000000.0,0,0,0,0,0,97,2026-02-03 09:44:41.568042
TGX,43.68,43.67,43.69,50000000.0,50000000.0,0,0,0,0,0,98,2026-02-03 09:44:42.607454
PHR,48.31,48.3,48.32,50000000.0,50000000.0,0,0,0,0,0,98,2026-02-03 09:44:42.607454
BYL,43.68,43.67,43.69,50000000.0,50000000.0,0,0,0,0,0,98,2026-02-03 09:44:42.607454
CLD,80.17,80.16,80.18,50000000.0,50000000.0,0,0,0,0,0,98,2026-02-03 09:44:42.607454
GGD,31.06,31.05,31.07,50000000.0,50000000.0,0,0,0,0,0,98,2026-02-03 09:44:42.607454
PNR,59.2,59.19,59.21,50000000.0,50000000.0,0,0,0,0,0,98,2026-02-03 09:44:42.607454
FSR,32.26,32.25,32.27,50000000.0,50000000.0,0,0,0,0,0,98,2026-02-03 09:44:42.607454
ATB,61.16,61.15,61.17,50000000.0,50000000.0,0,0,0,0,0,98,2026-02-03 09:44:42.607454
SPK,51.2,51.18,51.2,50000000.0,50000000.0,0,0,0,0,0,98,2026-02-03 09:44:42.607454
EEC,44.76,44.76,44.78,50000000.0,50000000.0,0,0,0,0,0,98,2026-02-03 09:44:42.607454
TGX,43.63,43.62,43.64,50000000.0,50000000.0,0,0,0,0,0,99,2026-02-03 09:44:43.667026
PHR,48.2,48.19,48.21,50000000.0,50000000.0,0,0,0,0,0,99,2026-02-03 09:44:43.667026
BYL,43.82,43.81,43.83,50000000.0,50000000.0,0,0,0,0,0,99,2026-02-03 09:44:43.667026
CLD,80.5,80.49,80.51,50000000.0,50000000.0,0,0,0,0,0,99,2026-02-03 09:44:43.667026
GGD,30.96,30.95,30.97,50000000.0,50000000.0,0,0,0,0,0,99,2026-02-03 09:44:43.667026
PNR,58.96,58.95,58.97,50000000.0,50000000.0,0,0,0,0,0,99,2026-02-03 09:44:43.667026
FSR,32.29,32.28,32.3,50000000.0,50000000.0,0,0,0,0,0,99,2026-02-03 09:44:43.667026
ATB,61.0,60.99,61.01,50000000.0,50000000.0,0,0,0,0,0,99,2026-02-03 09:44:43.667026
SPK,51.24,51.23,51.25,50000000.0,50000000.0,0,0,0,0,0,99,2026-02-03 09:44:43.667026
EEC,44.77,44.76,44.78,50000000.0,50000000.0,0,0,0,0,0,99,2026-02-03 09:44:43.667026
TGX,43.61,43.6,43.62,50000000.0,50000000.0,0,0,0,0,0,100,2026-02-03 09:44:44.728316
PHR,48.14,48.13,48.15,50000000.0,50000000.0,0,0,0,0,0,100,2026-02-03 09:44:44.728316
BYL,43.87,43.86,43.88,50000000.0,50000000.0,0,0,0,0,0,100,2026-02-03 09:44:44.728316
CLD,80.67,80.66,80.68,50000000.0,50000000.0,0,0,0,0,0,100,2026-02-03 09:44:44.728316
GGD,30.94,30.93,30.95,50000000.0,50000000.0,0,0,0,0,0,100,2026-02-03 09:44:44.728316
PNR,58.78,58.77,58.79,50000000.0,50000000.0,0,0,0,0,0,100,2026-02-03 09:44:44.728316
FSR,32.34,32.33,32.35,50000000.0,50000000.0,0,0,0,0,0,100,2026-02-03 09:44:44.728316
ATB,61.42,61.41,61.43,50000000.0,50000000.0,0,0,0,0,0,100,2026-02-03 09:44:44.728316
SPK,51.05,51.04,51.06,50000000.0,50000000.0,0,0,0,0,0,100,2026-02-03 09:44:44.728316
EEC,44.4,44.39,44.41,50000000.0,50000000.0,0,0,0,0,0,100,2026-02-03 09:44:44.728316
TGX,43.64,43.63,43.65,50000000.0,50000000.0,0,0,0,0,0,101,2026-02-03 09:44:45.807004
PHR,48.6,48.59,48.61,50000000.0,50000000.0,0,0,0,0,0,101,2026-02-03 09:44:45.807004
BYL,44.92,44.91,44.93,50000000.0,50000000.0,0,0,0,0,0,101,2026-02-03 09:44:45.807004
CLD,80.48,80.47,80.49,50000000.0,50000000.0,0,0,0,0,0,101,2026-02-03 09:44:45.807004
GGD,30.97,30.96,30.98,50000000.0,50000000.0,0,0,0,0,0,101,2026-02-03 09:44:45.807004
PNR,58.81,58.8,58.82,50000000.0,50000000.0,0,0,0,0,0,101,2026-02-03 09:44:45.807004
FSR,32.37,32.36,32.38,50000000.0,50000000.0,0,0,0,0,0,101,2026-02-03 09:44:45.807004
ATB,61.29,61.28,61.3,50000000.0,50000000.0,0,0,0,0,0,101,2026-02-03 09:44:45.807004
SPK,51.11,51.1,51.12,50000000.0,50000000.0,0,0,0,0,0,101,2026-02-03 09:44:45.807004
EEC,44.61,44.6,44.62,50000000.0,50000000.0,0,0,0,0,0,101,2026-02-03 09:44:45.807004
TGX,43.66,43.65,43.67,50000000.0,50000000.0,0,0,0,0,0,102,2026-02-03 09:44:46.352065
PHR,48.57,48.56,48.58,50000000.0,50000000.0,0,0,0,0,0,102,2026-02-03 09:44:46.352065
BYL,45.33,45.32,45.34,50000000.0,50000000.0,0,0,0,0,0,102,2026-02-03 09:44:46.352065
CLD,81.33,81.32,81.34,50000000.0,50000000.0,0,0,0,0,0,102,2026-02-03 09:44:46.352065
GGD,30.98,30.97,30.99,50000000.0,50000000.0,0,0,0,0,0,102,2026-02-03 09:44:46.352065
PNR,58.78,58.77,58.79,50000000.0,50000000.0,0,0,0,0,0,102,2026-02-03 09:44:46.352065
FSR,32.31,32.3,32.32,50000000.0,50000000.0,0,0,0,0,0,102,2026-02-03 09:44:46.352065
ATB,61.46,61.45,61.47,50000000.0,50000000.0,0,0,0,0,0,102,2026-02-03 09:44:46.352065
SPK,51.07,51.06,51.08,50000000.0,50000000.0,0,0,0,0,0,102,2026-02-03 09:44:46.352065
EEC,44.6,44.59,44.61,50000000.0,50000000.0,0,0,0,0,0,102,2026-02-03 09:44:46.352065
TGX,43.6,43.59,43.61,50000000.0,50000000.0,0,0,0,0,0,103,2026-02-03 09:44:47.395058
PHR,48.33,48.32,48.34,50000000.0,50000000.0,0,0,0,0,0,103,2026-02-03 09:44:47.395058
BYL,45.52,45.51,45.53,50000000.0,50000000.0,0,0,0,0,0,103,2026-02-03 09:44:47.395058
CLD,81.58,81.57,81.59,50000000.0,50000000.0,0,0,0,0,0,103,2026-02-03 09:44:47.395058
GGD,30.96,30.95,30.97,50000000.0,50000000.0,0,0,0,0,0,103,2026-02-03 09:44:47.395058
PNR,58.91,58.9,58.92,50000000.0,50000000.0,0,0,0,0,0,103,2026-02-03 09:44:47.395058
FSR,32.26,32.25,32.27,50000000.0,50000000.0,0,0,0,0,0,103,2026-02-03 09:44:47.395058
ATB,61.23,61.22,61.24,50000000.0,50000000.0,0,0,0,0,0,103,2026-02-03 09:44:47.395058
SPK,50.99,50.98,51.0,50000000.0,50000000.0,0,0,0,0,0,103,2026-02-03 09:44:47.395058
EEC,44.5,44.49,44.51,50000000.0,50000000.0,0,0,0,0,0,103,2026-02-03 09:44:47.395058
TGX,43.6,43.59,43.61,50000000.0,50000000.0,0,0,0,0,0,104,2026-02-03 09:44:48.437400
PHR,48.34,48.33,48.35,50000000.0,50000000.0,0,0,0,0,0,104,2026-02-03 09:44:48.437400
BYL,46.71,46.7,46.72,50000000.0,50000000.0,0,0,0,0,0,104,2026-02-03 09:44:48.437400
CLD,81.74,81.73,81.75,50000000.0,50000000.0,0,0,0,0,0,104,2026-02-03 09:44:48.437400
GGD,30.93,30.92,30.94,50000000.0,50000000.0,0,0,0,0,0,104,2026-02-03 09:44:48.437400
PNR,58.75,58.74,58.76,50000000.0,50000000.0,0,0,0,0,0,104,2026-02-03 09:44:48.437400
FSR,35.77,35.76,35.78,50000000.0,50000000.0,0,0,0,0,0,104,2026-02-03 09:44:48.437400
ATB,61.15,61.14,61.16,50000000.0,50000000.0,0,0,0,0,0,104,2026-02-03 09:44:48.437400
SPK,50.98,50.97,50.99,50000000.0,50000000.0,0,0,0,0,0,104,2026-02-03 09:44:48.437400
EEC,44.51,44.5,44.52,50000000.0,50000000.0,0,0,0,0,0,104,2026-02-03 09:44:48.437400
TGX,44.37,44.36,44.38,50000000.0,50000000.0,0,0,0,0,0,105,2026-02-03 09:44:49.486725
PHR,48.36,48.35,48.37,50000000.0,50000000.0,0,0,0,0,0,105,2026-02-03 09:44:49.486725
BYL,46.44,46.43,46.45,50000000.0,50000000.0,0,0,0,0,0,105,2026-02-03 09:44:49.486725
CLD,81.14,81.13,81.15,50000000.0,50000000.0,0,0,0,0,0,105,2026-02-03 09:44:49.486725
GGD,30.96,30.95,30.97,50000000.0,50000000.0,0,0,0,0,0,105,2026-02-03 09:44:49.486725
PNR,59.16,59.15,59.17,50000000.0,50000000.0,0,0,0,0,0,105,2026-02-03 09:44:49.486725
FSR,35.78,35.77,35.79,50000000.0,50000000.0,0,0,0,0,0,105,2026-02-03 09:44:49.486725
ATB,61.1,61.09,61.11,50000000.0,50000000.0,0,0,0,0,0,105,2026-02-03 09:44:49.486725
SPK,50.97,50.96,50.98,50000000.0,50000000.0,0,0,0,0,0,105,2026-02-03 09:44:49.486725
EEC,44.53,44.52,44.54,50000000.0,50000000.0,0,0,0,0,0,105,2026-02-03 09:44:49.486725
TGX,44.33,44.32,44.34,50000000.0,50000000.0,0,0,0,0,0,106,2026-02-03 09:44:50.521348
PHR,49.12,49.11,49.13,50000000.0,50000000.0,0,0,0,0,0,106,2026-02-03 09:44:50.521348
BYL,46.52,46.51,46.53,50000000.0,50000000.0,0,0,0,0,0,106,2026-02-03 09:44:50.521348
CLD,81.32,81.31,81.33,50000000.0,50000000.0,0,0,0,0,0,106,2026-02-03 09:44:50.521348
GGD,30.88,30.87,30.89,50000000.0,50000000.0,0,0,0,0,0,106,2026-02-03 09:44:50.521348
PNR,58.66,58.65,58.67,50000000.0,50000000.0,0,0,0,0,0,106,2026-02-03 09:44:50.521348
FSR,35.73,35.72,35.74,50000000.0,50000000.0,0,0,0,0,0,106,2026-02-03 09:44:50.521348
ATB,61.05,61.04,61.06,50000000.0,50000000.0,0,0,0,0,0,106,2026-02-03 09:44:50.521348
SPK,51.0,50.99,51.01,50000000.0,50000000.0,0,0,0,0,0,106,2026-02-03 09:44:50.521348
EEC,44.56,44.55,44.57,50000000.0,50000000.0,0,0,0,0,0,106,2026-02-03 09:44:50.521348
TGX,44.33,44.32,44.34,50000000.0,50000000.0,0,0,0,0,0,107,2026-02-03 09:44:51.559222
PHR,49.23,49.22,49.24,50000000.0,50000000.0,0,0,0,0,0,107,2026-02-03 09:44:51.559222
BYL,46.49,46.48,46.5,50000000.0,50000000.0,0,0,0,0,0,107,2026-02-03 09:44:51.559222
CLD,81.21,81.2,81.22,50000000.0,50000000.0,0,0,0,0,0,107,2026-02-03 09:44:51.559222
GGD,30.83,30.82,30.84,50000000.0,50000000.0,0,0,0,0,0,107,2026-02-03 09:44:51.559222
PNR,58.51,58.5,58.52,50000000.0,50000000.0,0,0,0,0,0,107,2026-02-03 09:44:51.559222
FSR,35.76,35.75,35.77,50000000.0,50000000.0,0,0,0,0,0,107,2026-02-03 09:44:51.559222
ATB,60.88,60.87,60.89,50000000.0,50000000.0,0,0,0,0,0,107,2026-02-03 09:44:51.559222
SPK,50.92,50.91,50.93,50000000.0,50000000.0,0,0,0,0,0,107,2026-02-03 09:44:51.559222
EEC,44.41,44.4,44.42,50000000.0,50000000.0,0,0,0,0,0,107,2026-02-03 09:44:51.559222
TGX,44.32,44.31,44.33,50000000.0,50000000.0,0,0,0,0,0,108,2026-02-03 09:44:52.602269
PHR,49.2,49.19,49.21,50000000.0,50000000.0,0,0,0,0,0,108,2026-02-03 09:44:52.602269
BYL,46.5,46.49,46.51,50000000.0,50000000.0,0,0,0,0,0,108,2026-02-03 09:44:52.602269
CLD,81.21,81.2,81.22,50000000.0,50000000.0,0,0,0,0,0,108,2026-02-03 09:44:52.602269
GGD,30.86,30.85,30.87,50000000.0,50000000.0,0,0,0,0,0,108,2026-02-03 09:44:52.602269
PNR,58.73,58.72,58.74,50000000.0,50000000.0,0,0,0,0,0,108,2026-02-03 09:44:52.602269
FSR,35.78,35.77,35.79,50000000.0,50000000.0,0,0,0,0,0,108,2026-02-03 09:44:52.602269
ATB,61.11,61.1,61.12,50000000.0,50000000.0,0,0,0,0,0,108,2026-02-03 09:44:52.602269
SPK,50.95,50.94,50.96,50000000.0,50000000.0,0,0,0,0,0,108,2026-02-03 09:44:52.602269
EEC,44.45,44.44,44.46,50000000.0,50000000.0,0,0,0,0,0,108,2026-02-03 09:44:52.602269
TGX,44.3,44.29,44.31,50000000.0,50000000.0,0,0,0,0,0,109,2026-02-03 09:44:53.647838
PHR,48.83,48.82,48.84,50000000.0,50000000.0,0,0,0,0,0,109,2026-02-03 09:44:53.647838
BYL,46.38,46.37,46.39,50000000.0,50000000.0,0,0,0,0,0,109,2026-02-03 09:44:53.647838
CLD,80.92,80.91,80.93,50000000.0,50000000.0,0,0,0,0,0,109,2026-02-03 09:44:53.647838
GGD,30.85,30.84,30.86,50000000.0,50000000.0,0,0,0,0,0,109,2026-02-03 09:44:53.647838
PNR,58.42,58.41,58.43,50000000.0,50000000.0,0,0,0,0,0,109,2026-02-03 09:44:53.647838
FSR,35.77,35.76,35.78,50000000.0,50000000.0,0,0,0,0,0,109,2026-02-03 09:44:53.647838
ATB,61.36,61.35,61.37,50000000.0,50000000.0,0,0,0,0,0,109,2026-02-03 09:44:53.647838
SPK,50.94,50.93,50.95,50000000.0,50000000.0,0,0,0,0,0,109,2026-02-03 09:44:53.647838
EEC,44.46,44.45,44.47,50000000.0,50000000.0,0,0,0,0,0,109,2026-02-03 09:44:53.647838
TGX,44.35,44.34,44.36,50000000.0,50000000.0,0,0,0,0,0,110,2026-02-03 09:44:54.689713
PHR,48.54,48.53,48.55,50000000.0,50000000.0,0,0,0,0,0,110,2026-02-03 09:44:54.689713
BYL,46.53,46.52,46.54,50000000.0,50000000.0,0,0,0,0,0,110,2026-02-03 09:44:54.689713
CLD,81.24,81.23,81.25,50000000.0,50000000.0,0,0,0,0,0,110,2026-02-03 09:44:54.689713
GGD,30.93,30.92,30.94,50000000.0,50000000.0,0,0,0,0,0,110,2026-02-03 09:44:54.689713
PNR,58.19,58.18,58.2,50000000.0,50000000.0,0,0,0,0,0,110,2026-02-03 09:44:54.689713
FSR,35.81,35.8,35.82,50000000.0,50000000.0,0,0,0,0,0,110,2026-02-03 09:44:54.689713
ATB,61.44,61.43,61.45,50000000.0,50000000.0,0,0,0,0,0,110,2026-02-03 09:44:54.689713
SPK,51.07,51.06,51.08,50000000.0,50000000.0,0,0,0,0,0,110,2026-02-03 09:44:54.689713
EEC,44.6,44.59,44.61,50000000.0,50000000.0,0,0,0,0,0,110,2026-02-03 09:44:54.689713
TGX,44.34,44.33,44.35,50000000.0,50000000.0,0,0,0,0,0,111,2026-02-03 09:44:55.742586
PHR,48.38,48.37,48.39,50000000.0,50000000.0,0,0,0,0,0,111,2026-02-03 09:44:55.742586
BYL,46.53,46.52,46.54,50000000.0,50000000.0,0,0,0,0,0,111,2026-02-03 09:44:55.742586
CLD,81.14,81.13,81.15,50000000.0,50000000.0,0,0,0,0,0,111,2026-02-03 09:44:55.742586
GGD,30.96,30.95,30.97,50000000.0,50000000.0,0,0,0,0,0,111,2026-02-03 09:44:55.742586
PNR,58.02,58.01,58.03,50000000.0,50000000.0,0,0,0,0,0,111,2026-02-03 09:44:55.742586
FSR,35.78,35.77,35.79,50000000.0,50000000.0,0,0,0,0,0,111,2026-02-03 09:44:55.742586
ATB,61.65,61.64,61.66,50000000.0,50000000.0,0,0,0,0,0,111,2026-02-03 09:44:55.742586
SPK,51.05,51.04,51.06,50000000.0,50000000.0,0,0,0,0,0,111,2026-02-03 09:44:55.742586
EEC,44.57,44.56,44.58,50000000.0,50000000.0,0,0,0,0,0,111,2026-02-03 09:44:55.742586
TGX,44.33,44.32,44.34,50000000.0,50000000.0,0,0,0,0,0,112,2026-02-03 09:44:56.821415
PHR,48.4,48.39,48.41,50000000.0,50000000.0,0,0,0,0,0,112,2026-02-03 09:44:56.821415
BYL,46.37,46.36,46.38,50000000.0,50000000.0,0,0,0,0,0,112,2026-02-03 09:44:56.821415
CLD,80.86,80.85,80.87,50000000.0,50000000.0,0,0,0,0,0,112,2026-02-03 09:44:56.821415
GGD,30.95,30.94,30.96,50000000.0,50000000.0,0,0,0,0,0,112,2026-02-03 09:44:56.821415
PNR,57.4,57.39,57.41,50000000.0,50000000.0,0,0,0,0,0,112,2026-02-03 09:44:56.821415
FSR,35.75,35.74,35.76,50000000.0,50000000.0,0,0,0,0,0,112,2026-02-03 09:44:56.821415
ATB,61.78,61.77,61.79,50000000.0,50000000.0,0,0,0,0,0,112,2026-02-03 09:44:56.821415
SPK,51.14,51.13,51.15,50000000.0,50000000.0,0,0,0,0,0,112,2026-02-03 09:44:56.821415
EEC,44.7,44.69,44.71,50000000.0,50000000.0,0,0,0,0,0,112,2026-02-03 09:44:56.821415
TGX,44.31,44.3,44.32,50000000.0,50000000.0,0,0,0,0,0,113,2026-02-03 09:44:57.901794
PHR,48.32,48.31,48.33,50000000.0,50000000.0,0,0,0,0,0,113,2026-02-03 09:44:57.901794
BYL,46.16,46.15,46.17,50000000.0,50000000.0,0,0,0,0,0,113,2026-02-03 09:44:57.901794
CLD,80.47,80.46,80.48,50000000.0,50000000.0,0,0,0,0,0,113,2026-02-03 09:44:57.901794
GGD,30.96,30.95,30.97,50000000.0,50000000.0,0,0,0,0,0,113,2026-02-03 09:44:57.901794
PNR,57.15,57.14,57.16,50000000.0,50000000.0,0,0,0,0,0,113,2026-02-03 09:44:57.901794
FSR,35.74,35.73,35.75,50000000.0,50000000.0,0,0,0,0,0,113,2026-02-03 09:44:57.901794
ATB,61.54,61.53,61.55,50000000.0,50000000.0,0,0,0,0,0,113,2026-02-03 09:44:57.901794
SPK,51.05,51.04,51.06,50000000.0,50000000.0,0,0,0,0,0,113,2026-02-03 09:44:57.901794
EEC,44.51,44.5,44.52,50000000.0,50000000.0,0,0,0,0,0,113,2026-02-03 09:44:57.901794
TGX,44.34,44.33,44.35,50000000.0,50000000.0,0,0,0,0,0,114,2026-02-03 09:44:58.444849
PHR,48.29,48.28,48.3,50000000.0,50000000.0,0,0,0,0,0,114,2026-02-03 09:44:58.444849
BYL,46.21,46.2,46.22,50000000.0,50000000.0,0,0,0,0,0,114,2026-02-03 09:44:58.444849
CLD,80.53,80.52,80.54,50000000.0,50000000.0,0,0,0,0,0,114,2026-02-03 09:44:58.444849
GGD,30.99,30.98,31.0,50000000.0,50000000.0,0,0,0,0,0,114,2026-02-03 09:44:58.444849
PNR,57.11,57.1,57.12,50000000.0,50000000.0,0,0,0,0,0,114,2026-02-03 09:44:58.444849
FSR,35.75,35.74,35.76,50000000.0,50000000.0,0,0,0,0,0,114,2026-02-03 09:44:58.444849
ATB,61.35,61.34,61.36,50000000.0,50000000.0,0,0,0,0,0,114,2026-02-03 09:44:58.444849
SPK,51.08,51.07,51.09,50000000.0,50000000.0,0,0,0,0,0,114,2026-02-03 09:44:58.444849
