ticker,last_price,bid_price,ask_price,BUY_ZUAI-5,SELL_ZUAI-5,BUY_ANON,SELL_ANON,SELL_WRSW-6,BUY_WRSW-6,tick,timestamp
TGX,0.0,0.0,0.0,0,0,0,0,0,0,0,2026-02-03 08:23:45.182644
PHR,0.0,0.0,0.0,0,0,0,0,0,0,0,2026-02-03 08:23:45.182644
BYL,0.0,0.0,0.0,0,0,0,0,0,0,0,2026-02-03 08:23:45.182644
CLD,0.0,0.0,0.0,0,0,0,0,0,0,0,2026-02-03 08:23:45.182644
GGD,0.0,0.0,0.0,0,0,0,0,0,0,0,2026-02-03 08:23:45.182644
PNR,0.0,0.0,0.0,0,0,0,0,0,0,0,2026-02-03 08:23:45.182644
FSR,0.0,0.0,0.0,0,0,0,0,0,0,0,2026-02-03 08:23:45.182644
ATB,0.0,0.0,0.0,0,0,0,0,0,0,0,2026-02-03 08:23:45.182644
SPK,0.0,0.0,0.0,0,0,0,0,0,0,0,2026-02-03 08:23:45.182644
EEC,0.0,0.0,0.0,0,0,0,0,0,0,0,2026-02-03 08:23:45.182644
TGX,43.69,0.0,0.0,50000000.0,50000000.0,0,0,0,0,1,2026-02-03 08:23:45.735888,1.0,1.0,1.0,,Welcome to the RITC 2026 Merger Arbitrage Case - practice server,Good Luck!
PHR,47.5,0.0,0.0,50000000.0,50000000.0,0,0,0,0,1,2026-02-03 08:23:45.735888,,,,,,
BYL,43.57,0.0,0.0,50000000.0,50000000.0,0,0,0,0,1,2026-02-03 08:23:45.735888,,,,,,
CLD,79.3,0.0,0.0,50000000.0,50000000.0,0,0,0,0,1,2026-02-03 08:23:45.735888,,,,,,
GGD,31.5,0.0,0.0,50000000.0,50000000.0,0,0,0,0,1,2026-02-03 08:23:45.735888,,,,,,
PNR,59.8,0.0,0.0,50000000.0,50000000.0,0,0,0,0,1,2026-02-03 08:23:45.735888,,,,,,
FSR,30.45,0.0,0.0,50000000.0,50000000.0,0,0,0,0,1,2026-02-03 08:23:45.735888,,,,,,
ATB,62.2,0.0,0.0,50000000.0,50000000.0,0,0,0,0,1,2026-02-03 08:23:45.735888,,,,,,
SPK,52.89,0.0,0.0,50000000.0,50000000.0,0,0,0,0,1,2026-02-03 08:23:45.735888,,,,,,
EEC,48.0,0.0,0.0,50000000.0,50000000.0,0,0,0,0,1,2026-02-03 08:23:45.735888,,,,,,
TGX,43.71,43.7,43.72,50000000.0,50000000.0,0,0,0,0,2,2026-02-03 08:23:46.775378
PHR,47.72,47.71,47.73,50000000.0,50000000.0,0,0,0,0,2,2026-02-03 08:23:46.775378
BYL,43.52,43.51,43.53,50000000.0,50000000.0,0,0,0,0,2,2026-02-03 08:23:46.775378
CLD,79.31,79.3,79.32,50000000.0,50000000.0,0,0,0,0,2,2026-02-03 08:23:46.775378
GGD,31.53,31.52,31.54,50000000.0,50000000.0,0,0,0,0,2,2026-02-03 08:23:46.775378
PNR,60.09,60.08,60.1,50000000.0,50000000.0,0,0,0,0,2,2026-02-03 08:23:46.775378
FSR,30.44,30.43,30.45,50000000.0,50000000.0,0,0,0,0,2,2026-02-03 08:23:46.775378
ATB,61.98,61.97,61.99,50000000.0,50000000.0,0,0,0,0,2,2026-02-03 08:23:46.775378
SPK,52.91,52.9,52.92,50000000.0,50000000.0,0,0,0,0,2,2026-02-03 08:23:46.775378
EEC,48.01,48.0,48.02,50000000.0,50000000.0,0,0,0,0,2,2026-02-03 08:23:46.775378
TGX,43.73,43.72,43.74,50000000.0,50000000.0,0,0,0,0,3,2026-02-03 08:23:47.810367
PHR,47.8,47.79,47.81,50000000.0,50000000.0,0,0,0,0,3,2026-02-03 08:23:47.810367
BYL,43.59,43.58,43.6,50000000.0,50000000.0,0,0,0,0,3,2026-02-03 08:23:47.810367
CLD,79.44,79.43,79.45,50000000.0,50000000.0,0,0,0,0,3,2026-02-03 08:23:47.810367
GGD,31.54,31.53,31.55,50000000.0,50000000.0,0,0,0,0,3,2026-02-03 08:23:47.810367
PNR,60.07,60.06,60.08,50000000.0,50000000.0,0,0,0,0,3,2026-02-03 08:23:47.810367
FSR,30.45,30.44,30.46,50000000.0,50000000.0,0,0,0,0,3,2026-02-03 08:23:47.810367
ATB,61.89,61.88,61.9,50000000.0,50000000.0,0,0,0,0,3,2026-02-03 08:23:47.810367
SPK,52.89,52.88,52.9,50000000.0,50000000.0,0,0,0,0,3,2026-02-03 08:23:47.810367
EEC,47.97,47.96,47.98,50000000.0,50000000.0,0,0,0,0,3,2026-02-03 08:23:47.810367
TGX,43.66,43.65,43.67,50000000.0,50000000.0,0,0,0,0,4,2026-02-03 08:23:48.849900
PHR,47.81,47.8,47.82,50000000.0,50000000.0,0,0,0,0,4,2026-02-03 08:23:48.849900
BYL,43.67,43.66,43.68,50000000.0,50000000.0,0,0,0,0,4,2026-02-03 08:23:48.849900
CLD,79.68,79.67,79.69,50000000.0,50000000.0,0,0,0,0,4,2026-02-03 08:23:48.849900
GGD,31.53,31.52,31.54,50000000.0,50000000.0,0,0,0,0,4,2026-02-03 08:23:48.849900
PNR,60.3,60.29,60.31,50000000.0,50000000.0,0,0,0,0,4,2026-02-03 08:23:48.849900
FSR,30.47,30.46,30.48,50000000.0,50000000.0,0,0,0,0,4,2026-02-03 08:23:48.849900
ATB,62.16,62.15,62.17,50000000.0,50000000.0,0,0,0,0,4,2026-02-03 08:23:48.849900
SPK,52.92,52.91,52.93,50000000.0,50000000.0,0,0,0,0,4,2026-02-03 08:23:48.849900
EEC,48.01,48.0,48.02,50000000.0,50000000.0,0,0,0,0,4,2026-02-03 08:23:48.849900
TGX,43.65,43.64,43.66,50000000.0,50000000.0,0,0,0,0,5,2026-02-03 08:23:49.881116
PHR,47.84,47.83,47.85,50000000.0,50000000.0,0,0,0,0,5,2026-02-03 08:23:49.881116
BYL,43.9,43.89,43.91,50000000.0,50000000.0,0,0,0,0,5,2026-02-03 08:23:49.881116
CLD,80.3,80.29,80.31,50000000.0,50000000.0,0,0,0,0,5,2026-02-03 08:23:49.881116
GGD,31.56,31.55,31.57,50000000.0,50000000.0,0,0,0,0,5,2026-02-03 08:23:49.881116
PNR,60.53,60.52,60.54,50000000.0,50000000.0,0,0,0,0,5,2026-02-03 08:23:49.881116
FSR,30.51,30.5,30.52,50000000.0,50000000.0,0,0,0,0,5,2026-02-03 08:23:49.881116
ATB,62.14,62.13,62.15,50000000.0,50000000.0,0,0,0,0,5,2026-02-03 08:23:49.881116
SPK,53.05,53.04,53.06,50000000.0,50000000.0,0,0,0,0,5,2026-02-03 08:23:49.881116
EEC,48.25,48.24,48.26,50000000.0,50000000.0,0,0,0,0,5,2026-02-03 08:23:49.881116
TGX,43.65,43.64,43.66,50000000.0,50000000.0,0,0,0,0,6,2026-02-03 08:23:50.915280
PHR,48.02,48.01,48.03,50000000.0,50000000.0,0,0,0,0,6,2026-02-03 08:23:50.915280
BYL,43.87,43.86,43.88,50000000.0,50000000.0,0,0,0,0,6,2026-02-03 08:23:50.915280
CLD,80.33,80.32,80.34,50000000.0,50000000.0,0,0,0,0,6,2026-02-03 08:23:50.915280
GGD,31.62,31.61,31.63,50000000.0,50000000.0,0,0,0,0,6,2026-02-03 08:23:50.915280
PNR,60.66,60.65,60.67,50000000.0,50000000.0,0,0,0,0,6,2026-02-03 08:23:50.915280
FSR,30.52,30.51,30.53,50000000.0,50000000.0,0,0,0,0,6,2026-02-03 08:23:50.915280
ATB,62.09,62.08,62.1,50000000.0,50000000.0,0,0,0,0,6,2026-02-03 08:23:50.915280
SPK,53.11,53.1,53.12,50000000.0,50000000.0,0,0,0,0,6,2026-02-03 08:23:50.915280
EEC,48.5,48.49,48.51,50000000.0,50000000.0,0,0,0,0,6,2026-02-03 08:23:50.915280
TGX,43.64,43.63,43.65,50000000.0,50000000.0,0,0,0,0,7,2026-02-03 08:23:51.960183
PHR,48.1,48.09,48.11,50000000.0,50000000.0,0,0,0,0,7,2026-02-03 08:23:51.960183
BYL,43.8,43.79,43.81,50000000.0,50000000.0,0,0,0,0,7,2026-02-03 08:23:51.960183
CLD,80.17,80.16,80.18,50000000.0,50000000.0,0,0,0,0,7,2026-02-03 08:23:51.960183
GGD,31.65,31.64,31.66,50000000.0,50000000.0,0,0,0,0,7,2026-02-03 08:23:51.960183
PNR,60.76,60.75,60.77,50000000.0,50000000.0,0,0,0,0,7,2026-02-03 08:23:51.960183
FSR,30.52,30.51,30.53,50000000.0,50000000.0,0,0,0,0,7,2026-02-03 08:23:51.960183
ATB,62.29,62.28,62.3,50000000.0,50000000.0,0,0,0,0,7,2026-02-03 08:23:51.960183
SPK,53.05,53.04,53.06,50000000.0,50000000.0,0,0,0,0,7,2026-02-03 08:23:51.960183
EEC,48.52,48.51,48.53,50000000.0,50000000.0,0,0,0,0,7,2026-02-03 08:23:51.960183
TGX,43.64,43.63,43.65,50000000.0,50000000.0,0,0,0,0,8,2026-02-03 08:23:52.995417
PHR,48.3,48.29,48.31,50000000.0,50000000.0,0,0,0,0,8,2026-02-03 08:23:52.995417
BYL,43.72,43.71,43.73,50000000.0,50000000.0,0,0,0,0,8,2026-02-03 08:23:52.995417
CLD,79.86,79.85,79.87,50000000.0,50000000.0,0,0,0,0,8,2026-02-03 08:23:52.995417
GGD,31.6,31.59,31.61,50000000.0,50000000.0,0,0,0,0,8,2026-02-03 08:23:52.995417
PNR,60.75,60.74,60.76,50000000.0,50000000.0,0,0,0,0,8,2026-02-03 08:23:52.995417
FSR,30.48,30.47,30.49,50000000.0,50000000.0,0,0,0,0,8,2026-02-03 08:23:52.995417
ATB,62.33,62.32,62.34,50000000.0,50000000.0,0,0,0,0,8,2026-02-03 08:23:52.995417
SPK,53.12,53.11,53.13,50000000.0,50000000.0,0,0,0,0,8,2026-02-03 08:23:52.995417
EEC,48.6,48.59,48.61,50000000.0,50000000.0,0,0,0,0,8,2026-02-03 08:23:52.995417
TGX,43.64,43.63,43.65,50000000.0,50000000.0,0,0,0,0,9,2026-02-03 08:23:54.029341
PHR,48.8,48.79,48.81,50000000.0,50000000.0,0,0,0,0,9,2026-02-03 08:23:54.029341
BYL,43.76,43.75,43.77,50000000.0,50000000.0,0,0,0,0,9,2026-02-03 08:23:54.029341
CLD,79.82,79.81,79.83,50000000.0,50000000.0,0,0,0,0,9,2026-02-03 08:23:54.029341
GGD,31.62,31.61,31.63,50000000.0,50000000.0,0,0,0,0,9,2026-02-03 08:23:54.029341
PNR,60.93,60.92,60.94,50000000.0,50000000.0,0,0,0,0,9,2026-02-03 08:23:54.029341
FSR,30.49,30.48,30.5,50000000.0,50000000.0,0,0,0,0,9,2026-02-03 08:23:54.029341
ATB,62.24,62.23,62.25,50000000.0,50000000.0,0,0,0,0,9,2026-02-03 08:23:54.029341
SPK,52.99,52.98,53.0,50000000.0,50000000.0,0,0,0,0,9,2026-02-03 08:23:54.029341
EEC,48.49,48.48,48.5,50000000.0,50000000.0,0,0,0,0,9,2026-02-03 08:23:54.029341
TGX,43.63,43.62,43.64,50000000.0,50000000.0,0,0,0,0,10,2026-02-03 08:23:55.061968
PHR,48.71,48.7,48.72,50000000.0,50000000.0,0,0,0,0,10,2026-02-03 08:23:55.061968
BYL,43.9,43.89,43.91,50000000.0,50000000.0,0,0,0,0,10,2026-02-03 08:23:55.061968
CLD,80.25,80.24,80.26,50000000.0,50000000.0,0,0,0,0,10,2026-02-03 08:23:55.061968
GGD,31.56,31.55,31.57,50000000.0,50000000.0,0,0,0,0,10,2026-02-03 08:23:55.061968
PNR,60.95,60.94,60.96,50000000.0,50000000.0,0,0,0,0,10,2026-02-03 08:23:55.061968
FSR,30.51,30.5,30.52,50000000.0,50000000.0,0,0,0,0,10,2026-02-03 08:23:55.061968
ATB,62.19,62.18,62.2,50000000.0,50000000.0,0,0,0,0,10,2026-02-03 08:23:55.061968
SPK,52.96,52.95,52.97,50000000.0,50000000.0,0,0,0,0,10,2026-02-03 08:23:55.061968
EEC,48.54,48.53,48.55,50000000.0,50000000.0,0,0,0,0,10,2026-02-03 08:23:55.061968
TGX,43.66,43.65,43.67,50000000.0,50000000.0,0,0,0,0,11,2026-02-03 08:23:56.093501
PHR,48.56,48.55,48.57,50000000.0,50000000.0,0,0,0,0,11,2026-02-03 08:23:56.093501
BYL,43.8,43.79,43.81,50000000.0,50000000.0,0,0,0,0,11,2026-02-03 08:23:56.093501
CLD,80.03,80.02,80.04,50000000.0,50000000.0,0,0,0,0,11,2026-02-03 08:23:56.093501
GGD,31.56,31.55,31.57,50000000.0,50000000.0,0,0,0,0,11,2026-02-03 08:23:56.093501
PNR,61.15,61.14,61.16,50000000.0,50000000.0,0,0,0,0,11,2026-02-03 08:23:56.093501
FSR,30.56,30.55,30.57,50000000.0,50000000.0,0,0,0,0,11,2026-02-03 08:23:56.093501
ATB,62.18,62.17,62.19,50000000.0,50000000.0,0,0,0,0,11,2026-02-03 08:23:56.093501
SPK,53.22,53.21,53.23,50000000.0,50000000.0,0,0,0,0,11,2026-02-03 08:23:56.093501
EEC,48.87,48.86,48.88,50000000.0,50000000.0,0,0,0,0,11,2026-02-03 08:23:56.093501
TGX,43.7,43.69,43.71,50000000.0,50000000.0,0,0,0,0,12,2026-02-03 08:23:56.625668
PHR,48.68,48.67,48.69,50000000.0,50000000.0,0,0,0,0,12,2026-02-03 08:23:56.625668
BYL,43.82,43.81,43.83,50000000.0,50000000.0,0,0,0,0,12,2026-02-03 08:23:56.625668
CLD,80.13,80.12,80.14,50000000.0,50000000.0,0,0,0,0,12,2026-02-03 08:23:56.625668
GGD,31.56,31.55,31.57,50000000.0,50000000.0,0,0,0,0,12,2026-02-03 08:23:56.625668
PNR,61.14,61.13,61.15,50000000.0,50000000.0,0,0,0,0,12,2026-02-03 08:23:56.625668
FSR,30.57,30.56,30.58,50000000.0,50000000.0,0,0,0,0,12,2026-02-03 08:23:56.625668
ATB,61.95,61.94,61.96,50000000.0,50000000.0,0,0,0,0,12,2026-02-03 08:23:56.625668
SPK,53.2,53.19,53.21,50000000.0,50000000.0,0,0,0,0,12,2026-02-03 08:23:56.625668
EEC,48.74,48.73,48.75,50000000.0,50000000.0,0,0,0,0,12,2026-02-03 08:23:56.625668
TGX,43.71,43.7,43.72,50000000.0,50000000.0,0,0,0,0,13,2026-02-03 08:23:57.664349
PHR,48.8,48.79,48.81,50000000.0,50000000.0,0,0,0,0,13,2026-02-03 08:23:57.664349
BYL,43.88,43.87,43.89,50000000.0,50000000.0,0,0,0,0,13,2026-02-03 08:23:57.664349
CLD,80.04,80.03,80.05,50000000.0,50000000.0,0,0,0,0,13,2026-02-03 08:23:57.664349
GGD,31.56,31.55,31.57,50000000.0,50000000.0,0,0,0,0,13,2026-02-03 08:23:57.664349
PNR,61.12,61.11,61.13,50000000.0,50000000.0,0,0,0,0,13,2026-02-03 08:23:57.664349
FSR,30.57,30.56,30.58,50000000.0,50000000.0,0,0,0,0,13,2026-02-03 08:23:57.664349
ATB,61.7,61.69,61.71,50000000.0,50000000.0,0,0,0,0,13,2026-02-03 08:23:57.664349
SPK,53.07,53.06,53.08,50000000.0,50000000.0,0,0,0,0,13,2026-02-03 08:23:57.664349
EEC,48.47,48.46,48.48,50000000.0,50000000.0,0,0,0,0,13,2026-02-03 08:23:57.664349
TGX,43.73,43.72,43.74,50000000.0,50000000.0,0,0,0,0,14,2026-02-03 08:23:58.699265
PHR,48.69,48.68,48.7,50000000.0,50000000.0,0,0,0,0,14,2026-02-03 08:23:58.699265
BYL,44.04,44.03,44.05,50000000.0,50000000.0,0,0,0,0,14,2026-02-03 08:23:58.699265
CLD,80.27,80.26,80.28,50000000.0,50000000.0,0,0,0,0,14,2026-02-03 08:23:58.699265
GGD,31.55,31.54,31.56,50000000.0,50000000.0,0,0,0,0,14,2026-02-03 08:23:58.699265
PNR,60.95,60.94,60.96,50000000.0,50000000.0,0,0,0,0,14,2026-02-03 08:23:58.699265
FSR,30.57,30.56,30.58,50000000.0,50000000.0,0,0,0,0,14,2026-02-03 08:23:58.699265
ATB,61.52,61.51,61.53,50000000.0,50000000.0,0,0,0,0,14,2026-02-03 08:23:58.699265
SPK,53.3,53.29,53.31,50000000.0,50000000.0,0,0,0,0,14,2026-02-03 08:23:58.699265
EEC,48.82,48.81,48.83,50000000.0,50000000.0,0,0,0,0,14,2026-02-03 08:23:58.699265
TGX,43.71,43.7,43.72,50000000.0,50000000.0,0,0,0,0,15,2026-02-03 08:23:59.733209
PHR,48.66,48.65,48.67,50000000.0,50000000.0,0,0,0,0,15,2026-02-03 08:23:59.733209
BYL,44.16,44.15,44.17,50000000.0,50000000.0,0,0,0,0,15,2026-02-03 08:23:59.733209
CLD,80.54,80.53,80.55,50000000.0,50000000.0,0,0,0,0,15,2026-02-03 08:23:59.733209
GGD,31.52,31.51,31.53,50000000.0,50000000.0,0,0,0,0,15,2026-02-03 08:23:59.733209
PNR,60.83,60.82,60.84,50000000.0,50000000.0,0,0,0,0,15,2026-02-03 08:23:59.733209
FSR,30.56,30.55,30.57,50000000.0,50000000.0,0,0,0,0,15,2026-02-03 08:23:59.733209
ATB,61.47,61.46,61.48,50000000.0,50000000.0,0,0,0,0,15,2026-02-03 08:23:59.733209
SPK,53.43,53.42,53.44,50000000.0,50000000.0,0,0,0,0,15,2026-02-03 08:23:59.733209
EEC,49.03,49.02,49.04,50000000.0,50000000.0,0,0,0,0,15,2026-02-03 08:23:59.733209
TGX,43.7,43.69,43.71,50000000.0,50000000.0,0,0,0,0,16,2026-02-03 08:24:00.779199
PHR,48.43,48.42,48.44,50000000.0,50000000.0,0,0,0,0,16,2026-02-03 08:24:00.779199
BYL,44.21,44.2,44.22,50000000.0,50000000.0,0,0,0,0,16,2026-02-03 08:24:00.779199
CLD,80.7,80.69,80.71,50000000.0,50000000.0,0,0,0,0,16,2026-02-03 08:24:00.779199
GGD,31.51,31.5,31.52,50000000.0,50000000.0,0,0,0,0,16,2026-02-03 08:24:00.779199
PNR,60.9,60.89,60.91,50000000.0,50000000.0,0,0,0,0,16,2026-02-03 08:24:00.779199
FSR,30.56,30.55,30.57,50000000.0,50000000.0,0,0,0,0,16,2026-02-03 08:24:00.779199
ATB,61.33,61.32,61.34,50000000.0,50000000.0,0,0,0,0,16,2026-02-03 08:24:00.779199
SPK,53.31,53.3,53.32,50000000.0,50000000.0,0,0,0,0,16,2026-02-03 08:24:00.779199
EEC,48.93,48.92,48.94,50000000.0,50000000.0,0,0,0,0,16,2026-02-03 08:24:00.779199
TGX,43.71,43.7,43.72,50000000.0,50000000.0,0,0,0,0,17,2026-02-03 08:24:01.818222
PHR,48.34,48.33,48.35,50000000.0,50000000.0,0,0,0,0,17,2026-02-03 08:24:01.818222
BYL,44.16,44.15,44.17,50000000.0,50000000.0,0,0,0,0,17,2026-02-03 08:24:01.818222
CLD,80.62,80.61,80.63,50000000.0,50000000.0,0,0,0,0,17,2026-02-03 08:24:01.818222
GGD,31.52,31.51,31.53,50000000.0,50000000.0,0,0,0,0,17,2026-02-03 08:24:01.818222
PNR,60.83,60.82,60.84,50000000.0,50000000.0,0,0,0,0,17,2026-02-03 08:24:01.818222
FSR,30.55,30.54,30.56,50000000.0,50000000.0,0,0,0,0,17,2026-02-03 08:24:01.818222
ATB,61.48,61.47,61.49,50000000.0,50000000.0,0,0,0,0,17,2026-02-03 08:24:01.818222
SPK,53.28,53.27,53.29,50000000.0,50000000.0,0,0,0,0,17,2026-02-03 08:24:01.818222
EEC,49.01,49.0,49.02,50000000.0,50000000.0,0,0,0,0,17,2026-02-03 08:24:01.818222
TGX,43.71,43.7,43.72,50000000.0,50000000.0,0,0,0,0,18,2026-02-03 08:24:02.852206
PHR,47.82,47.81,47.83,50000000.0,50000000.0,0,0,0,0,18,2026-02-03 08:24:02.852206
BYL,44.16,44.15,44.17,50000000.0,50000000.0,0,0,0,0,18,2026-02-03 08:24:02.852206
CLD,80.57,80.56,80.58,50000000.0,50000000.0,0,0,0,0,18,2026-02-03 08:24:02.852206
GGD,31.55,31.54,31.56,50000000.0,50000000.0,0,0,0,0,18,2026-02-03 08:24:02.852206
PNR,60.9,60.89,60.91,50000000.0,50000000.0,0,0,0,0,18,2026-02-03 08:24:02.852206
FSR,30.59,30.58,30.6,50000000.0,50000000.0,0,0,0,0,18,2026-02-03 08:24:02.852206
ATB,61.72,61.71,61.73,50000000.0,50000000.0,0,0,0,0,18,2026-02-03 08:24:02.852206
SPK,53.31,53.3,53.32,50000000.0,50000000.0,0,0,0,0,18,2026-02-03 08:24:02.852206
EEC,49.05,49.04,49.06,50000000.0,50000000.0,0,0,0,0,18,2026-02-03 08:24:02.852206
TGX,43.67,43.66,43.68,50000000.0,50000000.0,0,0,0,0,19,2026-02-03 08:24:03.882110
PHR,47.75,47.74,47.76,50000000.0,50000000.0,0,0,0,0,19,2026-02-03 08:24:03.882110
BYL,44.07,44.06,44.08,50000000.0,50000000.0,0,0,0,0,19,2026-02-03 08:24:03.882110
CLD,80.51,80.5,80.52,50000000.0,50000000.0,0,0,0,0,19,2026-02-03 08:24:03.882110
GGD,31.57,31.56,31.58,50000000.0,50000000.0,0,0,0,0,19,2026-02-03 08:24:03.882110
PNR,60.87,60.86,60.88,50000000.0,50000000.0,0,0,0,0,19,2026-02-03 08:24:03.882110
FSR,30.62,30.61,30.63,50000000.0,50000000.0,0,0,0,0,19,2026-02-03 08:24:03.882110
ATB,61.98,61.97,61.99,50000000.0,50000000.0,0,0,0,0,19,2026-02-03 08:24:03.882110
SPK,53.23,53.22,53.24,50000000.0,50000000.0,0,0,0,0,19,2026-02-03 08:24:03.882110
EEC,48.83,48.82,48.84,50000000.0,50000000.0,0,0,0,0,19,2026-02-03 08:24:03.882110
TGX,43.69,43.68,43.7,50000000.0,50000000.0,0,0,0,0,20,2026-02-03 08:24:04.915898,2.0,1.0,19.0,D5-SPK/EEC,State Renewable Energy Review,California Public Utilities Commission initiates review examining renewable portfolio standards impact.
PHR,48.1,48.09,48.11,50000000.0,50000000.0,0,0,0,0,20,2026-02-03 08:24:04.915898,,,,,,
BYL,43.93,43.92,43.94,50000000.0,50000000.0,0,0,0,0,20,2026-02-03 08:24:04.915898,,,,,,
CLD,80.22,80.21,80.23,50000000.0,50000000.0,0,0,0,0,20,2026-02-03 08:24:04.915898,,,,,,
GGD,31.56,31.55,31.57,50000000.0,50000000.0,0,0,0,0,20,2026-02-03 08:24:04.915898,,,,,,
PNR,60.81,60.8,60.82,50000000.0,50000000.0,0,0,0,0,20,2026-02-03 08:24:04.915898,,,,,,
FSR,30.67,30.66,30.68,50000000.0,50000000.0,0,0,0,0,20,2026-02-03 08:24:04.915898,,,,,,
ATB,62.01,62.0,62.02,50000000.0,50000000.0,0,0,0,0,20,2026-02-03 08:24:04.915898,,,,,,
SPK,53.06,53.05,53.07,50000000.0,50000000.0,0,0,0,0,20,2026-02-03 08:24:04.915898,,,,,,
EEC,48.65,48.64,48.66,50000000.0,50000000.0,0,0,0,0,20,2026-02-03 08:24:04.915898,,,,,,
TGX,43.75,43.74,43.76,50000000.0,50000000.0,0,0,0,0,21,2026-02-03 08:24:05.953508,3.0,1.0,20.0,D3-GGD/PNR,Regulatory Filings Submitted,"Companies submit required filings with FERC, FTC, and relevant state regulatory authorities."
PHR,48.03,48.02,48.04,50000000.0,50000000.0,0,0,0,0,21,2026-02-03 08:24:05.953508,,,,,,
BYL,43.97,43.96,43.98,50000000.0,50000000.0,0,0,0,0,21,2026-02-03 08:24:05.953508,,,,,,
CLD,80.36,80.35,80.37,50000000.0,50000000.0,0,0,0,0,21,2026-02-03 08:24:05.953508,,,,,,
GGD,31.57,31.56,31.58,50000000.0,50000000.0,0,0,0,0,21,2026-02-03 08:24:05.953508,,,,,,
PNR,60.79,60.78,60.8,50000000.0,50000000.0,0,0,0,0,21,2026-02-03 08:24:05.953508,,,,,,
FSR,30.61,30.6,30.62,50000000.0,50000000.0,0,0,0,0,21,2026-02-03 08:24:05.953508,,,,,,
ATB,61.94,61.93,61.95,50000000.0,50000000.0,0,0,0,0,21,2026-02-03 08:24:05.953508,,,,,,
SPK,53.23,53.22,53.24,50000000.0,50000000.0,0,0,0,0,21,2026-02-03 08:24:05.953508,,,,,,
EEC,48.97,48.96,48.98,50000000.0,50000000.0,0,0,0,0,21,2026-02-03 08:24:05.953508,,,,,,
TGX,43.77,43.76,43.78,50000000.0,50000000.0,0,0,0,0,22,2026-02-03 08:24:06.987896
PHR,48.16,48.15,48.17,50000000.0,50000000.0,0,0,0,0,22,2026-02-03 08:24:06.987896
BYL,43.78,43.77,43.79,50000000.0,50000000.0,0,0,0,0,22,2026-02-03 08:24:06.987896
CLD,79.9,79.89,79.91,50000000.0,50000000.0,0,0,0,0,22,2026-02-03 08:24:06.987896
GGD,31.52,31.51,31.53,50000000.0,50000000.0,0,0,0,0,22,2026-02-03 08:24:06.987896
PNR,60.73,60.72,60.74,50000000.0,50000000.0,0,0,0,0,22,2026-02-03 08:24:06.987896
FSR,30.6,30.59,30.61,50000000.0,50000000.0,0,0,0,0,22,2026-02-03 08:24:06.987896
ATB,62.0,61.99,62.01,50000000.0,50000000.0,0,0,0,0,22,2026-02-03 08:24:06.987896
SPK,53.18,53.17,53.19,50000000.0,50000000.0,0,0,0,0,22,2026-02-03 08:24:06.987896
EEC,48.8,48.79,48.81,50000000.0,50000000.0,0,0,0,0,22,2026-02-03 08:24:06.987896
TGX,43.78,43.77,43.79,50000000.0,50000000.0,0,0,0,0,23,2026-02-03 08:24:08.023567
PHR,48.26,48.25,48.27,50000000.0,50000000.0,0,0,0,0,23,2026-02-03 08:24:08.023567
BYL,43.81,43.8,43.82,50000000.0,50000000.0,0,0,0,0,23,2026-02-03 08:24:08.023567
CLD,79.73,79.72,79.74,50000000.0,50000000.0,0,0,0,0,23,2026-02-03 08:24:08.023567
GGD,31.45,31.44,31.46,50000000.0,50000000.0,0,0,0,0,23,2026-02-03 08:24:08.023567
PNR,60.71,60.7,60.72,50000000.0,50000000.0,0,0,0,0,23,2026-02-03 08:24:08.023567
FSR,30.57,30.56,30.58,50000000.0,50000000.0,0,0,0,0,23,2026-02-03 08:24:08.023567
ATB,61.98,61.97,61.99,50000000.0,50000000.0,0,0,0,0,23,2026-02-03 08:24:08.023567
SPK,53.06,53.05,53.07,50000000.0,50000000.0,0,0,0,0,23,2026-02-03 08:24:08.023567
EEC,48.49,48.48,48.5,50000000.0,50000000.0,0,0,0,0,23,2026-02-03 08:24:08.023567
TGX,43.77,43.76,43.78,50000000.0,50000000.0,0,0,0,0,24,2026-02-03 08:24:09.063876,4.0,1.0,23.0,D3-GGD/PNR,Investment Grade Bond Offering Completed,Successfully prices $2.8B of investment grade notes across multiple maturities with strong demand.
PHR,47.92,47.91,47.93,50000000.0,50000000.0,0,0,0,0,24,2026-02-03 08:24:09.063876,,,,,,
BYL,43.79,43.78,43.8,50000000.0,50000000.0,0,0,0,0,24,2026-02-03 08:24:09.063876,,,,,,
CLD,79.67,79.66,79.68,50000000.0,50000000.0,0,0,0,0,24,2026-02-03 08:24:09.063876,,,,,,
GGD,31.43,31.42,31.44,50000000.0,50000000.0,0,0,0,0,24,2026-02-03 08:24:09.063876,,,,,,
PNR,60.88,60.87,60.89,50000000.0,50000000.0,0,0,0,0,24,2026-02-03 08:24:09.063876,,,,,,
FSR,30.59,30.58,30.6,50000000.0,50000000.0,0,0,0,0,24,2026-02-03 08:24:09.063876,,,,,,
ATB,62.02,62.01,62.03,50000000.0,50000000.0,0,0,0,0,24,2026-02-03 08:24:09.063876,,,,,,
SPK,53.08,53.07,53.09,50000000.0,50000000.0,0,0,0,0,24,2026-02-03 08:24:09.063876,,,,,,
EEC,48.49,48.48,48.5,50000000.0,50000000.0,0,0,0,0,24,2026-02-03 08:24:09.063876,,,,,,
TGX,43.82,43.81,43.83,50000000.0,50000000.0,0,0,0,0,25,2026-02-03 08:24:10.096221
PHR,47.89,47.88,47.9,50000000.0,50000000.0,0,0,0,0,25,2026-02-03 08:24:10.096221
BYL,43.67,43.66,43.68,50000000.0,50000000.0,0,0,0,0,25,2026-02-03 08:24:10.096221
CLD,79.48,79.47,79.49,50000000.0,50000000.0,0,0,0,0,25,2026-02-03 08:24:10.096221
GGD,31.47,31.46,31.48,50000000.0,50000000.0,0,0,0,0,25,2026-02-03 08:24:10.096221
PNR,61.09,61.08,61.1,50000000.0,50000000.0,0,0,0,0,25,2026-02-03 08:24:10.096221
FSR,30.63,30.62,30.64,50000000.0,50000000.0,0,0,0,0,25,2026-02-03 08:24:10.096221
ATB,61.97,61.96,61.98,50000000.0,50000000.0,0,0,0,0,25,2026-02-03 08:24:10.096221
SPK,53.32,53.31,53.33,50000000.0,50000000.0,0,0,0,0,25,2026-02-03 08:24:10.096221
EEC,48.8,48.79,48.81,50000000.0,50000000.0,0,0,0,0,25,2026-02-03 08:24:10.096221
TGX,43.81,43.8,43.82,50000000.0,50000000.0,0,0,0,0,26,2026-02-03 08:24:11.127332
PHR,47.91,47.9,47.92,50000000.0,50000000.0,0,0,0,0,26,2026-02-03 08:24:11.127332
BYL,43.65,43.64,43.66,50000000.0,50000000.0,0,0,0,0,26,2026-02-03 08:24:11.127332
CLD,79.39,79.38,79.4,50000000.0,50000000.0,0,0,0,0,26,2026-02-03 08:24:11.127332
GGD,31.52,31.51,31.53,50000000.0,50000000.0,0,0,0,0,26,2026-02-03 08:24:11.127332
PNR,61.06,61.05,61.07,50000000.0,50000000.0,0,0,0,0,26,2026-02-03 08:24:11.127332
FSR,30.6,30.59,30.61,50000000.0,50000000.0,0,0,0,0,26,2026-02-03 08:24:11.127332
ATB,61.87,61.86,61.88,50000000.0,50000000.0,0,0,0,0,26,2026-02-03 08:24:11.127332
SPK,53.46,53.45,53.47,50000000.0,50000000.0,0,0,0,0,26,2026-02-03 08:24:11.127332
EEC,48.96,48.95,48.97,50000000.0,50000000.0,0,0,0,0,26,2026-02-03 08:24:11.127332
TGX,43.83,43.82,43.84,50000000.0,50000000.0,0,0,0,0,27,2026-02-03 08:24:12.161956,5.0,1.0,26.0,D1-TGX/PHR,Debt Financing Commitments Secured,"Pharmaco announces it has secured $8 billion in committed debt financing from a syndicate of banks, de-risking the financing component of the all-cash acquisition."
PHR,48.14,48.13,48.15,50000000.0,50000000.0,0,0,0,0,27,2026-02-03 08:24:12.161956,,,,,,
BYL,43.57,43.56,43.58,50000000.0,50000000.0,0,0,0,0,27,2026-02-03 08:24:12.161956,,,,,,
CLD,79.25,79.24,79.26,50000000.0,50000000.0,0,0,0,0,27,2026-02-03 08:24:12.161956,,,,,,
GGD,31.58,31.57,31.59,50000000.0,50000000.0,0,0,0,0,27,2026-02-03 08:24:12.161956,,,,,,
PNR,61.1,61.09,61.11,50000000.0,50000000.0,0,0,0,0,27,2026-02-03 08:24:12.161956,,,,,,
FSR,30.61,30.6,30.62,50000000.0,50000000.0,0,0,0,0,27,2026-02-03 08:24:12.161956,,,,,,
ATB,61.99,61.98,62.0,50000000.0,50000000.0,0,0,0,0,27,2026-02-03 08:24:12.161956,,,,,,
SPK,53.58,53.57,53.59,50000000.0,50000000.0,0,0,0,0,27,2026-02-03 08:24:12.161956,,,,,,
EEC,49.26,49.25,49.27,50000000.0,50000000.0,0,0,0,0,27,2026-02-03 08:24:12.161956,,,,,,
TGX,43.8,43.79,43.81,50000000.0,50000000.0,0,0,0,0,28,2026-02-03 08:24:13.195496
PHR,48.27,48.26,48.28,50000000.0,50000000.0,0,0,0,0,28,2026-02-03 08:24:13.195496
BYL,43.63,43.62,43.64,50000000.0,50000000.0,0,0,0,0,28,2026-02-03 08:24:13.195496
CLD,79.41,79.4,79.42,50000000.0,50000000.0,0,0,0,0,28,2026-02-03 08:24:13.195496
GGD,31.56,31.55,31.57,50000000.0,50000000.0,0,0,0,0,28,2026-02-03 08:24:13.195496
PNR,61.14,61.13,61.15,50000000.0,50000000.0,0,0,0,0,28,2026-02-03 08:24:13.195496
FSR,30.6,30.59,30.61,50000000.0,50000000.0,0,0,0,0,28,2026-02-03 08:24:13.195496
ATB,61.99,61.98,62.0,50000000.0,50000000.0,0,0,0,0,28,2026-02-03 08:24:13.195496
SPK,53.42,53.41,53.43,50000000.0,50000000.0,0,0,0,0,28,2026-02-03 08:24:13.195496
EEC,49.14,49.13,49.15,50000000.0,50000000.0,0,0,0,0,28,2026-02-03 08:24:13.195496
TGX,43.77,43.76,43.78,50000000.0,50000000.0,0,0,0,0,29,2026-02-03 08:24:14.233416
PHR,48.56,48.55,48.57,50000000.0,50000000.0,0,0,0,0,29,2026-02-03 08:24:14.233416
BYL,43.65,43.64,43.66,50000000.0,50000000.0,0,0,0,0,29,2026-02-03 08:24:14.233416
CLD,79.34,79.33,79.35,50000000.0,50000000.0,0,0,0,0,29,2026-02-03 08:24:14.233416
GGD,31.64,31.63,31.65,50000000.0,50000000.0,0,0,0,0,29,2026-02-03 08:24:14.233416
PNR,61.49,61.48,61.5,50000000.0,50000000.0,0,0,0,0,29,2026-02-03 08:24:14.233416
FSR,30.6,30.59,30.61,50000000.0,50000000.0,0,0,0,0,29,2026-02-03 08:24:14.233416
ATB,61.93,61.92,61.94,50000000.0,50000000.0,0,0,0,0,29,2026-02-03 08:24:14.233416
SPK,53.47,53.46,53.48,50000000.0,50000000.0,0,0,0,0,29,2026-02-03 08:24:14.233416
EEC,49.23,49.22,49.24,50000000.0,50000000.0,0,0,0,0,29,2026-02-03 08:24:14.233416
TGX,43.71,43.7,43.72,50000000.0,50000000.0,0,0,0,0,30,2026-02-03 08:24:14.765697,6.0,1.0,29.0,D3-GGD/PNR,ISS Issues Qualified Support,Institutional Shareholder Services recommends approval while noting valuation at low end of range.
PHR,48.11,48.1,48.12,50000000.0,50000000.0,0,0,0,0,30,2026-02-03 08:24:14.765697,,,,,,
BYL,43.77,43.76,43.78,50000000.0,50000000.0,0,0,0,0,30,2026-02-03 08:24:14.765697,,,,,,
CLD,79.65,79.64,79.66,50000000.0,50000000.0,0,0,0,0,30,2026-02-03 08:24:14.765697,,,,,,
GGD,31.65,31.64,31.66,50000000.0,50000000.0,0,0,0,0,30,2026-02-03 08:24:14.765697,,,,,,
PNR,61.67,61.66,61.68,50000000.0,50000000.0,0,0,0,0,30,2026-02-03 08:24:14.765697,,,,,,
FSR,30.6,30.59,30.61,50000000.0,50000000.0,0,0,0,0,30,2026-02-03 08:24:14.765697,,,,,,
ATB,62.0,61.99,62.01,50000000.0,50000000.0,0,0,0,0,30,2026-02-03 08:24:14.765697,,,,,,
SPK,53.63,53.62,53.64,50000000.0,50000000.0,0,0,0,0,30,2026-02-03 08:24:14.765697,,,,,,
EEC,49.56,49.55,49.57,50000000.0,50000000.0,0,0,0,0,30,2026-02-03 08:24:14.765697,,,,,,
TGX,43.76,43.75,43.77,50000000.0,50000000.0,0,0,0,0,31,2026-02-03 08:24:15.805249,7.0,1.0,30.0,D4-FSR/ATB,Senior Notes Offering Successful,"Atlas successfully prices $4.5B senior notes across 5, 7, and 10-year maturities."
PHR,48.09,48.08,48.1,50000000.0,50000000.0,0,0,0,0,31,2026-02-03 08:24:15.805249,,,,,,
BYL,43.82,43.81,43.83,50000000.0,50000000.0,0,0,0,0,31,2026-02-03 08:24:15.805249,,,,,,
CLD,79.81,79.8,79.82,50000000.0,50000000.0,0,0,0,0,31,2026-02-03 08:24:15.805249,,,,,,
GGD,31.66,31.65,31.67,50000000.0,50000000.0,0,0,0,0,31,2026-02-03 08:24:15.805249,,,,,,
PNR,61.79,61.78,61.8,50000000.0,50000000.0,0,0,0,0,31,2026-02-03 08:24:15.805249,,,,,,
FSR,30.55,30.54,30.56,50000000.0,50000000.0,0,0,0,0,31,2026-02-03 08:24:15.805249,,,,,,
ATB,62.0,61.99,62.01,50000000.0,50000000.0,0,0,0,0,31,2026-02-03 08:24:15.805249,,,,,,
SPK,53.55,53.54,53.56,50000000.0,50000000.0,0,0,0,0,31,2026-02-03 08:24:15.805249,,,,,,
EEC,49.42,49.41,49.43,50000000.0,50000000.0,0,0,0,0,31,2026-02-03 08:24:15.805249,,,,,,
TGX,43.77,43.76,43.78,50000000.0,50000000.0,0,0,0,0,32,2026-02-03 08:24:16.842928
PHR,48.12,48.11,48.13,50000000.0,50000000.0,0,0,0,0,32,2026-02-03 08:24:16.842928
BYL,43.57,43.56,43.58,50000000.0,50000000.0,0,0,0,0,32,2026-02-03 08:24:16.842928
CLD,79.42,79.41,79.43,50000000.0,50000000.0,0,0,0,0,32,2026-02-03 08:24:16.842928
GGD,31.6,31.59,31.61,50000000.0,50000000.0,0,0,0,0,32,2026-02-03 08:24:16.842928
PNR,61.67,61.66,61.68,50000000.0,50000000.0,0,0,0,0,32,2026-02-03 08:24:16.842928
FSR,30.52,30.51,30.53,50000000.0,50000000.0,0,0,0,0,32,2026-02-03 08:24:16.842928
ATB,62.09,62.08,62.1,50000000.0,50000000.0,0,0,0,0,32,2026-02-03 08:24:16.842928
SPK,53.6,53.59,53.61,50000000.0,50000000.0,0,0,0,0,32,2026-02-03 08:24:16.842928
EEC,49.56,49.55,49.57,50000000.0,50000000.0,0,0,0,0,32,2026-02-03 08:24:16.842928
TGX,43.78,43.77,43.79,50000000.0,50000000.0,0,0,0,0,33,2026-02-03 08:24:17.879665
PHR,48.08,48.07,48.09,50000000.0,50000000.0,0,0,0,0,33,2026-02-03 08:24:17.879665
BYL,43.8,43.79,43.81,50000000.0,50000000.0,0,0,0,0,33,2026-02-03 08:24:17.879665
CLD,79.91,79.9,79.92,50000000.0,50000000.0,0,0,0,0,33,2026-02-03 08:24:17.879665
GGD,31.59,31.58,31.6,50000000.0,50000000.0,0,0,0,0,33,2026-02-03 08:24:17.879665
PNR,61.53,61.52,61.54,50000000.0,50000000.0,0,0,0,0,33,2026-02-03 08:24:17.879665
FSR,30.54,30.53,30.55,50000000.0,50000000.0,0,0,0,0,33,2026-02-03 08:24:17.879665
ATB,62.21,62.2,62.22,50000000.0,50000000.0,0,0,0,0,33,2026-02-03 08:24:17.879665
SPK,53.76,53.75,53.77,50000000.0,50000000.0,0,0,0,0,33,2026-02-03 08:24:17.879665
EEC,49.64,49.63,49.65,50000000.0,50000000.0,0,0,0,0,33,2026-02-03 08:24:17.879665
TGX,43.79,43.78,43.8,50000000.0,50000000.0,0,0,0,0,34,2026-02-03 08:24:18.922906
PHR,47.98,47.97,47.99,50000000.0,50000000.0,0,0,0,0,34,2026-02-03 08:24:18.922906
BYL,43.75,43.74,43.76,50000000.0,50000000.0,0,0,0,0,34,2026-02-03 08:24:18.922906
CLD,79.9,79.89,79.91,50000000.0,50000000.0,0,0,0,0,34,2026-02-03 08:24:18.922906
GGD,31.59,31.58,31.6,50000000.0,50000000.0,0,0,0,0,34,2026-02-03 08:24:18.922906
PNR,61.67,61.66,61.68,50000000.0,50000000.0,0,0,0,0,34,2026-02-03 08:24:18.922906
FSR,30.54,30.53,30.55,50000000.0,50000000.0,0,0,0,0,34,2026-02-03 08:24:18.922906
ATB,61.97,61.96,61.98,50000000.0,50000000.0,0,0,0,0,34,2026-02-03 08:24:18.922906
SPK,53.91,53.9,53.92,50000000.0,50000000.0,0,0,0,0,34,2026-02-03 08:24:18.922906
EEC,49.89,49.88,49.9,50000000.0,50000000.0,0,0,0,0,34,2026-02-03 08:24:18.922906
TGX,43.79,43.78,43.8,50000000.0,50000000.0,0,0,0,0,35,2026-02-03 08:24:19.955894
PHR,47.91,47.9,47.92,50000000.0,50000000.0,0,0,0,0,35,2026-02-03 08:24:19.955894
BYL,43.87,43.86,43.88,50000000.0,50000000.0,0,0,0,0,35,2026-02-03 08:24:19.955894
CLD,80.31,80.3,80.32,50000000.0,50000000.0,0,0,0,0,35,2026-02-03 08:24:19.955894
GGD,31.53,31.52,31.54,50000000.0,50000000.0,0,0,0,0,35,2026-02-03 08:24:19.955894
PNR,61.56,61.55,61.57,50000000.0,50000000.0,0,0,0,0,35,2026-02-03 08:24:19.955894
FSR,30.52,30.51,30.53,50000000.0,50000000.0,0,0,0,0,35,2026-02-03 08:24:19.955894
ATB,61.96,61.95,61.97,50000000.0,50000000.0,0,0,0,0,35,2026-02-03 08:24:19.955894
SPK,53.86,53.85,53.87,50000000.0,50000000.0,0,0,0,0,35,2026-02-03 08:24:19.955894
EEC,49.8,49.79,49.81,50000000.0,50000000.0,0,0,0,0,35,2026-02-03 08:24:19.955894
TGX,43.78,43.77,43.79,50000000.0,50000000.0,0,0,0,0,36,2026-02-03 08:24:20.990325
PHR,47.7,47.69,47.71,50000000.0,50000000.0,0,0,0,0,36,2026-02-03 08:24:20.990325
BYL,43.84,43.83,43.85,50000000.0,50000000.0,0,0,0,0,36,2026-02-03 08:24:20.990325
CLD,80.21,80.2,80.22,50000000.0,50000000.0,0,0,0,0,36,2026-02-03 08:24:20.990325
GGD,31.52,31.51,31.53,50000000.0,50000000.0,0,0,0,0,36,2026-02-03 08:24:20.990325
PNR,61.77,61.76,61.78,50000000.0,50000000.0,0,0,0,0,36,2026-02-03 08:24:20.990325
FSR,30.57,30.56,30.58,50000000.0,50000000.0,0,0,0,0,36,2026-02-03 08:24:20.990325
ATB,62.12,62.11,62.13,50000000.0,50000000.0,0,0,0,0,36,2026-02-03 08:24:20.990325
SPK,53.78,53.77,53.79,50000000.0,50000000.0,0,0,0,0,36,2026-02-03 08:24:20.990325
EEC,49.59,49.58,49.6,50000000.0,50000000.0,0,0,0,0,36,2026-02-03 08:24:20.990325
TGX,43.81,43.8,43.82,50000000.0,50000000.0,0,0,0,0,37,2026-02-03 08:24:22.026731
PHR,48.06,48.05,48.07,50000000.0,50000000.0,0,0,0,0,37,2026-02-03 08:24:22.026731
BYL,43.87,43.86,43.88,50000000.0,50000000.0,0,0,0,0,37,2026-02-03 08:24:22.026731
CLD,80.29,80.28,80.3,50000000.0,50000000.0,0,0,0,0,37,2026-02-03 08:24:22.026731
GGD,31.49,31.48,31.5,50000000.0,50000000.0,0,0,0,0,37,2026-02-03 08:24:22.026731
PNR,61.8,61.79,61.81,50000000.0,50000000.0,0,0,0,0,37,2026-02-03 08:24:22.026731
FSR,30.59,30.58,30.6,50000000.0,50000000.0,0,0,0,0,37,2026-02-03 08:24:22.026731
ATB,62.02,62.01,62.03,50000000.0,50000000.0,0,0,0,0,37,2026-02-03 08:24:22.026731
SPK,54.87,54.86,54.88,50000000.0,50000000.0,0,0,0,0,37,2026-02-03 08:24:22.026731
EEC,49.61,49.6,49.62,50000000.0,50000000.0,0,0,0,0,37,2026-02-03 08:24:22.026731
TGX,43.78,43.77,43.79,50000000.0,50000000.0,0,0,0,0,38,2026-02-03 08:24:23.056836
PHR,47.94,47.93,47.95,50000000.0,50000000.0,0,0,0,0,38,2026-02-03 08:24:23.056836
BYL,43.88,43.87,43.89,50000000.0,50000000.0,0,0,0,0,38,2026-02-03 08:24:23.056836
CLD,80.37,80.36,80.38,50000000.0,50000000.0,0,0,0,0,38,2026-02-03 08:24:23.056836
GGD,31.53,31.52,31.54,50000000.0,50000000.0,0,0,0,0,38,2026-02-03 08:24:23.056836
PNR,62.0,61.99,62.01,50000000.0,50000000.0,0,0,0,0,38,2026-02-03 08:24:23.056836
FSR,30.54,30.53,30.55,50000000.0,50000000.0,0,0,0,0,38,2026-02-03 08:24:23.056836
ATB,62.12,62.11,62.13,50000000.0,50000000.0,0,0,0,0,38,2026-02-03 08:24:23.056836
SPK,54.8,54.79,54.81,50000000.0,50000000.0,0,0,0,0,38,2026-02-03 08:24:23.056836
EEC,49.48,49.47,49.49,50000000.0,50000000.0,0,0,0,0,38,2026-02-03 08:24:23.056836
TGX,43.77,43.76,43.78,50000000.0,50000000.0,0,0,0,0,39,2026-02-03 08:24:24.092079
PHR,48.36,48.35,48.37,50000000.0,50000000.0,0,0,0,0,39,2026-02-03 08:24:24.092079
BYL,44.0,43.99,44.01,50000000.0,50000000.0,0,0,0,0,39,2026-02-03 08:24:24.092079
CLD,80.78,80.77,80.79,50000000.0,50000000.0,0,0,0,0,39,2026-02-03 08:24:24.092079
GGD,31.53,31.52,31.54,50000000.0,50000000.0,0,0,0,0,39,2026-02-03 08:24:24.092079
PNR,61.74,61.73,61.75,50000000.0,50000000.0,0,0,0,0,39,2026-02-03 08:24:24.092079
FSR,30.55,30.54,30.56,50000000.0,50000000.0,0,0,0,0,39,2026-02-03 08:24:24.092079
ATB,62.3,62.29,62.31,50000000.0,50000000.0,0,0,0,0,39,2026-02-03 08:24:24.092079
SPK,54.78,54.77,54.79,50000000.0,50000000.0,0,0,0,0,39,2026-02-03 08:24:24.092079
EEC,49.43,49.42,49.44,50000000.0,50000000.0,0,0,0,0,39,2026-02-03 08:24:24.092079
TGX,43.83,43.82,43.84,50000000.0,50000000.0,0,0,0,0,40,2026-02-03 08:24:25.127720
PHR,48.07,48.06,48.08,50000000.0,50000000.0,0,0,0,0,40,2026-02-03 08:24:25.127720
BYL,44.16,44.15,44.17,50000000.0,50000000.0,0,0,0,0,40,2026-02-03 08:24:25.127720
CLD,81.2,81.19,81.21,50000000.0,50000000.0,0,0,0,0,40,2026-02-03 08:24:25.127720
GGD,31.55,31.54,31.56,50000000.0,50000000.0,0,0,0,0,40,2026-02-03 08:24:25.127720
PNR,61.74,61.73,61.75,50000000.0,50000000.0,0,0,0,0,40,2026-02-03 08:24:25.127720
FSR,30.55,30.54,30.56,50000000.0,50000000.0,0,0,0,0,40,2026-02-03 08:24:25.127720
ATB,62.17,62.16,62.18,50000000.0,50000000.0,0,0,0,0,40,2026-02-03 08:24:25.127720
SPK,54.91,54.9,54.92,50000000.0,50000000.0,0,0,0,0,40,2026-02-03 08:24:25.127720
EEC,49.69,49.68,49.7,50000000.0,50000000.0,0,0,0,0,40,2026-02-03 08:24:25.127720
TGX,43.79,43.78,43.8,50000000.0,50000000.0,0,0,0,0,41,2026-02-03 08:24:26.157849
PHR,47.91,47.9,47.92,50000000.0,50000000.0,0,0,0,0,41,2026-02-03 08:24:26.157849
BYL,44.35,44.34,44.36,50000000.0,50000000.0,0,0,0,0,41,2026-02-03 08:24:26.157849
CLD,81.53,81.52,81.54,50000000.0,50000000.0,0,0,0,0,41,2026-02-03 08:24:26.157849
GGD,31.56,31.55,31.57,50000000.0,50000000.0,0,0,0,0,41,2026-02-03 08:24:26.157849
PNR,61.71,61.7,61.72,50000000.0,50000000.0,0,0,0,0,41,2026-02-03 08:24:26.157849
FSR,30.49,30.48,30.5,50000000.0,50000000.0,0,0,0,0,41,2026-02-03 08:24:26.157849
ATB,62.27,62.26,62.28,50000000.0,50000000.0,0,0,0,0,41,2026-02-03 08:24:26.157849
SPK,54.88,54.87,54.89,50000000.0,50000000.0,0,0,0,0,41,2026-02-03 08:24:26.157849
EEC,49.56,49.55,49.57,50000000.0,50000000.0,0,0,0,0,41,2026-02-03 08:24:26.157849
TGX,43.78,43.77,43.79,50000000.0,50000000.0,0,0,0,0,42,2026-02-03 08:24:27.187296
PHR,47.78,47.77,47.79,50000000.0,50000000.0,0,0,0,0,42,2026-02-03 08:24:27.187296
BYL,44.54,44.53,44.55,50000000.0,50000000.0,0,0,0,0,42,2026-02-03 08:24:27.187296
CLD,81.83,81.82,81.84,50000000.0,50000000.0,0,0,0,0,42,2026-02-03 08:24:27.187296
GGD,31.59,31.58,31.6,50000000.0,50000000.0,0,0,0,0,42,2026-02-03 08:24:27.187296
PNR,61.73,61.72,61.74,50000000.0,50000000.0,0,0,0,0,42,2026-02-03 08:24:27.187296
FSR,30.46,30.45,30.47,50000000.0,50000000.0,0,0,0,0,42,2026-02-03 08:24:27.187296
ATB,62.33,62.32,62.34,50000000.0,50000000.0,0,0,0,0,42,2026-02-03 08:24:27.187296
SPK,54.73,54.72,54.74,50000000.0,50000000.0,0,0,0,0,42,2026-02-03 08:24:27.187296
EEC,49.33,49.32,49.34,50000000.0,50000000.0,0,0,0,0,42,2026-02-03 08:24:27.187296
TGX,43.76,43.75,43.77,50000000.0,50000000.0,0,0,0,0,43,2026-02-03 08:24:28.215423
PHR,47.62,47.61,47.63,50000000.0,50000000.0,0,0,0,0,43,2026-02-03 08:24:28.215423
BYL,44.63,44.62,44.64,50000000.0,50000000.0,0,0,0,0,43,2026-02-03 08:24:28.215423
CLD,81.96,81.95,81.97,50000000.0,50000000.0,0,0,0,0,43,2026-02-03 08:24:28.215423
GGD,31.57,31.56,31.58,50000000.0,50000000.0,0,0,0,0,43,2026-02-03 08:24:28.215423
PNR,61.81,61.8,61.82,50000000.0,50000000.0,0,0,0,0,43,2026-02-03 08:24:28.215423
FSR,30.44,30.43,30.45,50000000.0,50000000.0,0,0,0,0,43,2026-02-03 08:24:28.215423
ATB,62.61,62.6,62.62,50000000.0,50000000.0,0,0,0,0,43,2026-02-03 08:24:28.215423
SPK,54.67,54.66,54.68,50000000.0,50000000.0,0,0,0,0,43,2026-02-03 08:24:28.215423
EEC,49.36,49.35,49.37,50000000.0,50000000.0,0,0,0,0,43,2026-02-03 08:24:28.215423
TGX,43.79,43.78,43.8,50000000.0,50000000.0,0,0,0,0,44,2026-02-03 08:24:29.251204
PHR,47.51,47.5,47.52,50000000.0,50000000.0,0,0,0,0,44,2026-02-03 08:24:29.251204
BYL,44.7,44.69,44.71,50000000.0,50000000.0,0,0,0,0,44,2026-02-03 08:24:29.251204
CLD,81.94,81.93,81.95,50000000.0,50000000.0,0,0,0,0,44,2026-02-03 08:24:29.251204
GGD,31.57,31.56,31.58,50000000.0,50000000.0,0,0,0,0,44,2026-02-03 08:24:29.251204
PNR,61.98,61.97,61.99,50000000.0,50000000.0,0,0,0,0,44,2026-02-03 08:24:29.251204
FSR,30.43,30.42,30.44,50000000.0,50000000.0,0,0,0,0,44,2026-02-03 08:24:29.251204
ATB,62.58,62.57,62.59,50000000.0,50000000.0,0,0,0,0,44,2026-02-03 08:24:29.251204
SPK,54.75,54.74,54.76,50000000.0,50000000.0,0,0,0,0,44,2026-02-03 08:24:29.251204
EEC,49.36,49.35,49.37,50000000.0,50000000.0,0,0,0,0,44,2026-02-03 08:24:29.251204
TGX,43.8,43.79,43.81,50000000.0,50000000.0,0,0,0,0,45,2026-02-03 08:24:30.291496
PHR,47.35,47.34,47.36,50000000.0,50000000.0,0,0,0,0,45,2026-02-03 08:24:30.291496
BYL,44.65,44.64,44.66,50000000.0,50000000.0,0,0,0,0,45,2026-02-03 08:24:30.291496
CLD,81.95,81.94,81.96,50000000.0,50000000.0,0,0,0,0,45,2026-02-03 08:24:30.291496
GGD,31.61,31.6,31.62,50000000.0,50000000.0,0,0,0,0,45,2026-02-03 08:24:30.291496
PNR,61.77,61.76,61.78,50000000.0,50000000.0,0,0,0,0,45,2026-02-03 08:24:30.291496
FSR,30.48,30.47,30.49,50000000.0,50000000.0,0,0,0,0,45,2026-02-03 08:24:30.291496
ATB,62.51,62.5,62.52,50000000.0,50000000.0,0,0,0,0,45,2026-02-03 08:24:30.291496
SPK,54.77,54.76,54.78,50000000.0,50000000.0,0,0,0,0,45,2026-02-03 08:24:30.291496
EEC,49.36,49.35,49.37,50000000.0,50000000.0,0,0,0,0,45,2026-02-03 08:24:30.291496
TGX,43.78,43.77,43.79,50000000.0,50000000.0,0,0,0,0,46,2026-02-03 08:24:31.329228
PHR,47.18,47.17,47.19,50000000.0,50000000.0,0,0,0,0,46,2026-02-03 08:24:31.329228
BYL,44.5,44.49,44.51,50000000.0,50000000.0,0,0,0,0,46,2026-02-03 08:24:31.329228
CLD,81.67,81.66,81.68,50000000.0,50000000.0,0,0,0,0,46,2026-02-03 08:24:31.329228
GGD,31.62,31.61,31.63,50000000.0,50000000.0,0,0,0,0,46,2026-02-03 08:24:31.329228
PNR,61.87,61.86,61.88,50000000.0,50000000.0,0,0,0,0,46,2026-02-03 08:24:31.329228
FSR,30.42,30.41,30.43,50000000.0,50000000.0,0,0,0,0,46,2026-02-03 08:24:31.329228
ATB,62.38,62.37,62.39,50000000.0,50000000.0,0,0,0,0,46,2026-02-03 08:24:31.329228
SPK,54.71,54.7,54.72,50000000.0,50000000.0,0,0,0,0,46,2026-02-03 08:24:31.329228
EEC,49.35,49.34,49.36,50000000.0,50000000.0,0,0,0,0,46,2026-02-03 08:24:31.329228
TGX,43.78,43.77,43.79,50000000.0,50000000.0,0,0,0,0,47,2026-02-03 08:24:31.866914
PHR,46.84,46.83,46.85,50000000.0,50000000.0,0,0,0,0,47,2026-02-03 08:24:31.866914
BYL,44.35,44.34,44.36,50000000.0,50000000.0,0,0,0,0,47,2026-02-03 08:24:31.866914
CLD,81.4,81.39,81.41,50000000.0,50000000.0,0,0,0,0,47,2026-02-03 08:24:31.866914
GGD,31.63,31.62,31.64,50000000.0,50000000.0,0,0,0,0,47,2026-02-03 08:24:31.866914
PNR,61.92,61.91,61.93,50000000.0,50000000.0,0,0,0,0,47,2026-02-03 08:24:31.866914
FSR,30.37,30.36,30.38,50000000.0,50000000.0,0,0,0,0,47,2026-02-03 08:24:31.866914
ATB,62.41,62.4,62.42,50000000.0,50000000.0,0,0,0,0,47,2026-02-03 08:24:31.866914
SPK,54.9,54.89,54.91,50000000.0,50000000.0,0,0,0,0,47,2026-02-03 08:24:31.866914
EEC,49.61,49.6,49.62,50000000.0,50000000.0,0,0,0,0,47,2026-02-03 08:24:31.866914
TGX,43.78,43.77,43.79,50000000.0,50000000.0,0,0,0,0,48,2026-02-03 08:24:32.902085
PHR,46.63,46.62,46.64,50000000.0,50000000.0,0,0,0,0,48,2026-02-03 08:24:32.902085
BYL,44.37,44.36,44.38,50000000.0,50000000.0,0,0,0,0,48,2026-02-03 08:24:32.902085
CLD,81.4,81.39,81.41,50000000.0,50000000.0,0,0,0,0,48,2026-02-03 08:24:32.902085
GGD,31.59,31.58,31.6,50000000.0,50000000.0,0,0,0,0,48,2026-02-03 08:24:32.902085
PNR,61.8,61.79,61.81,50000000.0,50000000.0,0,0,0,0,48,2026-02-03 08:24:32.902085
FSR,30.34,30.33,30.35,50000000.0,50000000.0,0,0,0,0,48,2026-02-03 08:24:32.902085
ATB,62.21,62.2,62.22,50000000.0,50000000.0,0,0,0,0,48,2026-02-03 08:24:32.902085
SPK,54.99,54.98,55.0,50000000.0,50000000.0,0,0,0,0,48,2026-02-03 08:24:32.902085
EEC,49.65,49.64,49.66,50000000.0,50000000.0,0,0,0,0,48,2026-02-03 08:24:32.902085
TGX,43.8,43.79,43.81,50000000.0,50000000.0,0,0,0,0,49,2026-02-03 08:24:33.937849
PHR,46.8,46.79,46.81,50000000.0,50000000.0,0,0,0,0,49,2026-02-03 08:24:33.937849
BYL,44.24,44.23,44.25,50000000.0,50000000.0,0,0,0,0,49,2026-02-03 08:24:33.937849
CLD,81.14,81.13,81.15,50000000.0,50000000.0,0,0,0,0,49,2026-02-03 08:24:33.937849
GGD,33.71,33.7,33.72,50000000.0,50000000.0,0,0,0,0,49,2026-02-03 08:24:33.937849
PNR,61.93,61.92,61.94,50000000.0,50000000.0,0,0,0,0,49,2026-02-03 08:24:33.937849
FSR,31.75,31.74,31.76,50000000.0,50000000.0,0,0,0,0,49,2026-02-03 08:24:33.937849
ATB,62.13,62.12,62.14,50000000.0,50000000.0,0,0,0,0,49,2026-02-03 08:24:33.937849
SPK,54.97,54.96,54.98,50000000.0,50000000.0,0,0,0,0,49,2026-02-03 08:24:33.937849
EEC,49.72,49.71,49.73,50000000.0,50000000.0,0,0,0,0,49,2026-02-03 08:24:33.937849
TGX,43.8,43.79,43.81,50000000.0,50000000.0,0,0,0,0,50,2026-02-03 08:24:34.973471
PHR,46.78,46.77,46.79,50000000.0,50000000.0,0,0,0,0,50,2026-02-03 08:24:34.973471
BYL,44.41,44.4,44.42,50000000.0,50000000.0,0,0,0,0,50,2026-02-03 08:24:34.973471
CLD,81.54,81.53,81.55,50000000.0,50000000.0,0,0,0,0,50,2026-02-03 08:24:34.973471
GGD,33.74,33.73,33.75,50000000.0,50000000.0,0,0,0,0,50,2026-02-03 08:24:34.973471
PNR,62.1,62.09,62.11,50000000.0,50000000.0,0,0,0,0,50,2026-02-03 08:24:34.973471
FSR,31.75,31.74,31.76,50000000.0,50000000.0,0,0,0,0,50,2026-02-03 08:24:34.973471
ATB,62.25,62.24,62.26,50000000.0,50000000.0,0,0,0,0,50,2026-02-03 08:24:34.973471
SPK,55.05,55.04,55.06,50000000.0,50000000.0,0,0,0,0,50,2026-02-03 08:24:34.973471
EEC,49.73,49.72,49.74,50000000.0,50000000.0,0,0,0,0,50,2026-02-03 08:24:34.973471
TGX,44.45,44.44,44.46,50000000.0,50000000.0,0,0,0,0,51,2026-02-03 08:24:36.006319
PHR,46.76,46.75,46.77,50000000.0,50000000.0,0,0,0,0,51,2026-02-03 08:24:36.006319
BYL,44.34,44.33,44.35,50000000.0,50000000.0,0,0,0,0,51,2026-02-03 08:24:36.006319
CLD,81.49,81.48,81.5,50000000.0,50000000.0,0,0,0,0,51,2026-02-03 08:24:36.006319
GGD,33.79,33.78,33.8,50000000.0,50000000.0,0,0,0,0,51,2026-02-03 08:24:36.006319
PNR,62.25,62.24,62.26,50000000.0,50000000.0,0,0,0,0,51,2026-02-03 08:24:36.006319
FSR,31.77,31.76,31.78,50000000.0,50000000.0,0,0,0,0,51,2026-02-03 08:24:36.006319
ATB,62.11,62.1,62.12,50000000.0,50000000.0,0,0,0,0,51,2026-02-03 08:24:36.006319
SPK,55.2,55.19,55.21,50000000.0,50000000.0,0,0,0,0,51,2026-02-03 08:24:36.006319
EEC,49.93,49.92,49.94,50000000.0,50000000.0,0,0,0,0,51,2026-02-03 08:24:36.006319
TGX,44.46,44.45,44.47,50000000.0,50000000.0,0,0,0,0,52,2026-02-03 08:24:37.049161
PHR,46.81,46.8,46.82,50000000.0,50000000.0,0,0,0,0,52,2026-02-03 08:24:37.049161
BYL,44.36,44.35,44.37,50000000.0,50000000.0,0,0,0,0,52,2026-02-03 08:24:37.049161
CLD,81.55,81.54,81.56,50000000.0,50000000.0,0,0,0,0,52,2026-02-03 08:24:37.049161
GGD,33.77,33.76,33.78,50000000.0,50000000.0,0,0,0,0,52,2026-02-03 08:24:37.049161
PNR,62.17,62.16,62.18,50000000.0,50000000.0,0,0,0,0,52,2026-02-03 08:24:37.049161
FSR,31.77,31.76,31.78,50000000.0,50000000.0,0,0,0,0,52,2026-02-03 08:24:37.049161
ATB,61.99,61.98,62.0,50000000.0,50000000.0,0,0,0,0,52,2026-02-03 08:24:37.049161
SPK,55.3,55.29,55.31,50000000.0,50000000.0,0,0,0,0,52,2026-02-03 08:24:37.049161
EEC,50.0,49.99,50.01,50000000.0,50000000.0,0,0,0,0,52,2026-02-03 08:24:37.049161
TGX,44.4,44.39,44.41,50000000.0,50000000.0,0,0,0,0,53,2026-02-03 08:24:38.094049
PHR,47.13,47.12,47.14,50000000.0,50000000.0,0,0,0,0,53,2026-02-03 08:24:38.094049
BYL,44.38,44.37,44.39,50000000.0,50000000.0,0,0,0,0,53,2026-02-03 08:24:38.094049
CLD,81.57,81.56,81.58,50000000.0,50000000.0,0,0,0,0,53,2026-02-03 08:24:38.094049
GGD,33.75,33.74,33.76,50000000.0,50000000.0,0,0,0,0,53,2026-02-03 08:24:38.094049
PNR,62.18,62.17,62.19,50000000.0,50000000.0,0,0,0,0,53,2026-02-03 08:24:38.094049
FSR,31.86,31.85,31.87,50000000.0,50000000.0,0,0,0,0,53,2026-02-03 08:24:38.094049
ATB,61.9,61.89,61.91,50000000.0,50000000.0,0,0,0,0,53,2026-02-03 08:24:38.094049
SPK,55.42,55.41,55.43,50000000.0,50000000.0,0,0,0,0,53,2026-02-03 08:24:38.094049
EEC,50.21,50.2,50.22,50000000.0,50000000.0,0,0,0,0,53,2026-02-03 08:24:38.094049
TGX,44.38,44.37,44.39,50000000.0,50000000.0,0,0,0,0,54,2026-02-03 08:24:39.127295
PHR,47.54,47.53,47.55,50000000.0,50000000.0,0,0,0,0,54,2026-02-03 08:24:39.127295
BYL,44.31,44.3,44.32,50000000.0,50000000.0,0,0,0,0,54,2026-02-03 08:24:39.127295
CLD,81.46,81.45,81.47,50000000.0,50000000.0,0,0,0,0,54,2026-02-03 08:24:39.127295
GGD,33.77,33.76,33.78,50000000.0,50000000.0,0,0,0,0,54,2026-02-03 08:24:39.127295
PNR,62.34,62.33,62.35,50000000.0,50000000.0,0,0,0,0,54,2026-02-03 08:24:39.127295
FSR,31.81,31.8,31.82,50000000.0,50000000.0,0,0,0,0,54,2026-02-03 08:24:39.127295
ATB,61.86,61.85,61.87,50000000.0,50000000.0,0,0,0,0,54,2026-02-03 08:24:39.127295
SPK,55.21,55.2,55.22,50000000.0,50000000.0,0,0,0,0,54,2026-02-03 08:24:39.127295
EEC,49.86,49.85,49.87,50000000.0,50000000.0,0,0,0,0,54,2026-02-03 08:24:39.127295
TGX,44.41,44.4,44.42,50000000.0,50000000.0,0,0,0,0,55,2026-02-03 08:24:40.158118
PHR,47.4,47.39,47.41,50000000.0,50000000.0,0,0,0,0,55,2026-02-03 08:24:40.158118
BYL,44.25,44.24,44.26,50000000.0,50000000.0,0,0,0,0,55,2026-02-03 08:24:40.158118
CLD,81.22,81.21,81.23,50000000.0,50000000.0,0,0,0,0,55,2026-02-03 08:24:40.158118
GGD,33.7,33.69,33.71,50000000.0,50000000.0,0,0,0,0,55,2026-02-03 08:24:40.158118
PNR,62.18,62.17,62.19,50000000.0,50000000.0,0,0,0,0,55,2026-02-03 08:24:40.158118
FSR,33.24,33.23,33.25,50000000.0,50000000.0,0,0,0,0,55,2026-02-03 08:24:40.158118
ATB,61.93,61.92,61.94,50000000.0,50000000.0,0,0,0,0,55,2026-02-03 08:24:40.158118
SPK,54.99,54.98,55.0,50000000.0,50000000.0,0,0,0,0,55,2026-02-03 08:24:40.158118
EEC,49.65,49.64,49.66,50000000.0,50000000.0,0,0,0,0,55,2026-02-03 08:24:40.158118
TGX,44.38,44.37,44.39,50000000.0,50000000.0,0,0,0,0,56,2026-02-03 08:24:41.195918
PHR,46.99,46.98,47.0,50000000.0,50000000.0,0,0,0,0,56,2026-02-03 08:24:41.195918
BYL,44.2,44.19,44.21,50000000.0,50000000.0,0,0,0,0,56,2026-02-03 08:24:41.195918
CLD,81.08,81.07,81.09,50000000.0,50000000.0,0,0,0,0,56,2026-02-03 08:24:41.195918
GGD,33.65,33.64,33.66,50000000.0,50000000.0,0,0,0,0,56,2026-02-03 08:24:41.195918
PNR,62.22,62.21,62.23,50000000.0,50000000.0,0,0,0,0,56,2026-02-03 08:24:41.195918
FSR,33.25,33.24,33.26,50000000.0,50000000.0,0,0,0,0,56,2026-02-03 08:24:41.195918
ATB,61.74,61.73,61.75,50000000.0,50000000.0,0,0,0,0,56,2026-02-03 08:24:41.195918
SPK,54.91,54.9,54.92,50000000.0,50000000.0,0,0,0,0,56,2026-02-03 08:24:41.195918
EEC,49.57,49.56,49.58,50000000.0,50000000.0,0,0,0,0,56,2026-02-03 08:24:41.195918
TGX,44.35,44.34,44.36,50000000.0,50000000.0,0,0,0,0,57,2026-02-03 08:24:42.226093
PHR,47.02,47.01,47.03,50000000.0,50000000.0,0,0,0,0,57,2026-02-03 08:24:42.226093
BYL,44.19,44.18,44.2,50000000.0,50000000.0,0,0,0,0,57,2026-02-03 08:24:42.226093
CLD,81.1,81.09,81.11,50000000.0,50000000.0,0,0,0,0,57,2026-02-03 08:24:42.226093
GGD,33.66,33.65,33.67,50000000.0,50000000.0,0,0,0,0,57,2026-02-03 08:24:42.226093
PNR,62.36,62.35,62.37,50000000.0,50000000.0,0,0,0,0,57,2026-02-03 08:24:42.226093
FSR,33.25,33.24,33.26,50000000.0,50000000.0,0,0,0,0,57,2026-02-03 08:24:42.226093
ATB,61.74,61.73,61.75,50000000.0,50000000.0,0,0,0,0,57,2026-02-03 08:24:42.226093
SPK,54.76,54.75,54.77,50000000.0,50000000.0,0,0,0,0,57,2026-02-03 08:24:42.226093
EEC,49.35,49.34,49.36,50000000.0,50000000.0,0,0,0,0,57,2026-02-03 08:24:42.226093
TGX,44.38,44.37,44.39,50000000.0,50000000.0,0,0,0,0,58,2026-02-03 08:24:43.267982
PHR,47.16,47.15,47.17,50000000.0,50000000.0,0,0,0,0,58,2026-02-03 08:24:43.267982
BYL,44.15,44.14,44.16,50000000.0,50000000.0,0,0,0,0,58,2026-02-03 08:24:43.267982
CLD,81.08,81.07,81.09,50000000.0,50000000.0,0,0,0,0,58,2026-02-03 08:24:43.267982
GGD,33.64,33.63,33.65,50000000.0,50000000.0,0,0,0,0,58,2026-02-03 08:24:43.267982
PNR,62.52,62.51,62.53,50000000.0,50000000.0,0,0,0,0,58,2026-02-03 08:24:43.267982
FSR,33.29,33.28,33.3,50000000.0,50000000.0,0,0,0,0,58,2026-02-03 08:24:43.267982
ATB,61.59,61.58,61.6,50000000.0,50000000.0,0,0,0,0,58,2026-02-03 08:24:43.267982
SPK,54.61,54.6,54.62,50000000.0,50000000.0,0,0,0,0,58,2026-02-03 08:24:43.267982
EEC,49.1,49.09,49.11,50000000.0,50000000.0,0,0,0,0,58,2026-02-03 08:24:43.267982
TGX,44.38,44.37,44.39,50000000.0,50000000.0,0,0,0,0,59,2026-02-03 08:24:44.309913
PHR,47.14,47.13,47.15,50000000.0,50000000.0,0,0,0,0,59,2026-02-03 08:24:44.309913
BYL,44.06,44.05,44.07,50000000.0,50000000.0,0,0,0,0,59,2026-02-03 08:24:44.309913
CLD,80.92,80.91,80.93,50000000.0,50000000.0,0,0,0,0,59,2026-02-03 08:24:44.309913
GGD,33.63,33.62,33.64,50000000.0,50000000.0,0,0,0,0,59,2026-02-03 08:24:44.309913
PNR,62.36,62.35,62.37,50000000.0,50000000.0,0,0,0,0,59,2026-02-03 08:24:44.309913
FSR,33.34,33.33,33.35,50000000.0,50000000.0,0,0,0,0,59,2026-02-03 08:24:44.309913
ATB,61.64,61.63,61.65,50000000.0,50000000.0,0,0,0,0,59,2026-02-03 08:24:44.309913
SPK,54.41,54.4,54.42,50000000.0,50000000.0,0,0,0,0,59,2026-02-03 08:24:44.309913
EEC,48.84,48.83,48.85,50000000.0,50000000.0,0,0,0,0,59,2026-02-03 08:24:44.309913
TGX,44.43,44.42,44.44,50000000.0,50000000.0,0,0,0,0,60,2026-02-03 08:24:45.339471
PHR,47.49,47.48,47.5,50000000.0,50000000.0,0,0,0,0,60,2026-02-03 08:24:45.339471
BYL,43.92,43.91,43.93,50000000.0,50000000.0,0,0,0,0,60,2026-02-03 08:24:45.339471
CLD,80.69,80.68,80.7,50000000.0,50000000.0,0,0,0,0,60,2026-02-03 08:24:45.339471
GGD,33.69,33.68,33.7,50000000.0,50000000.0,0,0,0,0,60,2026-02-03 08:24:45.339471
PNR,62.62,62.61,62.63,50000000.0,50000000.0,0,0,0,0,60,2026-02-03 08:24:45.339471
FSR,33.3,33.29,33.31,50000000.0,50000000.0,0,0,0,0,60,2026-02-03 08:24:45.339471
ATB,61.74,61.73,61.75,50000000.0,50000000.0,0,0,0,0,60,2026-02-03 08:24:45.339471
SPK,54.35,54.34,54.36,50000000.0,50000000.0,0,0,0,0,60,2026-02-03 08:24:45.339471
EEC,48.92,48.91,48.93,50000000.0,50000000.0,0,0,0,0,60,2026-02-03 08:24:45.339471
TGX,44.42,44.41,44.43,50000000.0,50000000.0,0,0,0,0,61,2026-02-03 08:24:46.371524
PHR,47.64,47.63,47.65,50000000.0,50000000.0,0,0,0,0,61,2026-02-03 08:24:46.371524
BYL,43.88,43.87,43.89,50000000.0,50000000.0,0,0,0,0,61,2026-02-03 08:24:46.371524
CLD,80.71,80.7,80.72,50000000.0,50000000.0,0,0,0,0,61,2026-02-03 08:24:46.371524
GGD,33.67,33.66,33.68,50000000.0,50000000.0,0,0,0,0,61,2026-02-03 08:24:46.371524
PNR,62.65,62.64,62.66,50000000.0,50000000.0,0,0,0,0,61,2026-02-03 08:24:46.371524
FSR,33.28,33.27,33.29,50000000.0,50000000.0,0,0,0,0,61,2026-02-03 08:24:46.371524
ATB,61.7,61.69,61.71,50000000.0,50000000.0,0,0,0,0,61,2026-02-03 08:24:46.371524
SPK,54.24,54.23,54.25,50000000.0,50000000.0,0,0,0,0,61,2026-02-03 08:24:46.371524
EEC,48.8,48.79,48.81,50000000.0,50000000.0,0,0,0,0,61,2026-02-03 08:24:46.371524
TGX,44.4,44.39,44.41,50000000.0,50000000.0,0,0,0,0,62,2026-02-03 08:24:47.406491
PHR,48.07,48.06,48.08,50000000.0,50000000.0,0,0,0,0,62,2026-02-03 08:24:47.406491
BYL,43.88,43.87,43.89,50000000.0,50000000.0,0,0,0,0,62,2026-02-03 08:24:47.406491
CLD,80.78,80.77,80.79,50000000.0,50000000.0,0,0,0,0,62,2026-02-03 08:24:47.406491
GGD,33.67,33.66,33.68,50000000.0,50000000.0,0,0,0,0,62,2026-02-03 08:24:47.406491
PNR,62.62,62.61,62.63,50000000.0,50000000.0,0,0,0,0,62,2026-02-03 08:24:47.406491
FSR,33.21,33.2,33.22,50000000.0,50000000.0,0,0,0,0,62,2026-02-03 08:24:47.406491
ATB,61.81,61.8,61.82,50000000.0,50000000.0,0,0,0,0,62,2026-02-03 08:24:47.406491
SPK,54.15,54.14,54.16,50000000.0,50000000.0,0,0,0,0,62,2026-02-03 08:24:47.406491
EEC,48.76,48.75,48.77,50000000.0,50000000.0,0,0,0,0,62,2026-02-03 08:24:47.406491
TGX,44.36,44.35,44.37,50000000.0,50000000.0,0,0,0,0,63,2026-02-03 08:24:48.439525
PHR,47.92,47.91,47.93,50000000.0,50000000.0,0,0,0,0,63,2026-02-03 08:24:48.439525
BYL,43.66,43.65,43.67,50000000.0,50000000.0,0,0,0,0,63,2026-02-03 08:24:48.439525
CLD,80.1,80.09,80.11,50000000.0,50000000.0,0,0,0,0,63,2026-02-03 08:24:48.439525
GGD,33.64,33.63,33.65,50000000.0,50000000.0,0,0,0,0,63,2026-02-03 08:24:48.439525
PNR,62.48,62.47,62.49,50000000.0,50000000.0,0,0,0,0,63,2026-02-03 08:24:48.439525
FSR,33.25,33.24,33.26,50000000.0,50000000.0,0,0,0,0,63,2026-02-03 08:24:48.439525
ATB,61.83,61.82,61.84,50000000.0,50000000.0,0,0,0,0,63,2026-02-03 08:24:48.439525
SPK,54.15,54.14,54.16,50000000.0,50000000.0,0,0,0,0,63,2026-02-03 08:24:48.439525
EEC,48.87,48.86,48.88,50000000.0,50000000.0,0,0,0,0,63,2026-02-03 08:24:48.439525
TGX,44.33,44.32,44.34,50000000.0,50000000.0,0,0,0,0,64,2026-02-03 08:24:49.472614
PHR,48.17,48.16,48.18,50000000.0,50000000.0,0,0,0,0,64,2026-02-03 08:24:49.472614
BYL,43.99,43.98,44.0,50000000.0,50000000.0,0,0,0,0,64,2026-02-03 08:24:49.472614
CLD,80.72,80.71,80.73,50000000.0,50000000.0,0,0,0,0,64,2026-02-03 08:24:49.472614
GGD,33.63,33.62,33.64,50000000.0,50000000.0,0,0,0,0,64,2026-02-03 08:24:49.472614
PNR,62.25,62.24,62.26,50000000.0,50000000.0,0,0,0,0,64,2026-02-03 08:24:49.472614
FSR,33.24,33.23,33.25,50000000.0,50000000.0,0,0,0,0,64,2026-02-03 08:24:49.472614
ATB,61.92,61.91,61.93,50000000.0,50000000.0,0,0,0,0,64,2026-02-03 08:24:49.472614
SPK,54.23,54.22,54.24,50000000.0,50000000.0,0,0,0,0,64,2026-02-03 08:24:49.472614
EEC,48.98,48.97,48.99,50000000.0,50000000.0,0,0,0,0,64,2026-02-03 08:24:49.472614
TGX,44.3,44.29,44.31,50000000.0,50000000.0,0,0,0,0,65,2026-02-03 08:24:50.003859
PHR,48.3,48.29,48.31,50000000.0,50000000.0,0,0,0,0,65,2026-02-03 08:24:50.003859
BYL,44.11,44.1,44.12,50000000.0,50000000.0,0,0,0,0,65,2026-02-03 08:24:50.003859
CLD,80.95,80.94,80.96,50000000.0,50000000.0,0,0,0,0,65,2026-02-03 08:24:50.003859
GGD,33.62,33.61,33.63,50000000.0,50000000.0,0,0,0,0,65,2026-02-03 08:24:50.003859
PNR,62.29,62.28,62.3,50000000.0,50000000.0,0,0,0,0,65,2026-02-03 08:24:50.003859
FSR,33.26,33.25,33.27,50000000.0,50000000.0,0,0,0,0,65,2026-02-03 08:24:50.003859
ATB,62.01,62.0,62.02,50000000.0,50000000.0,0,0,0,0,65,2026-02-03 08:24:50.003859
SPK,54.26,54.25,54.27,50000000.0,50000000.0,0,0,0,0,65,2026-02-03 08:24:50.003859
EEC,49.05,49.04,49.06,50000000.0,50000000.0,0,0,0,0,65,2026-02-03 08:24:50.003859
TGX,44.31,44.3,44.32,50000000.0,50000000.0,0,0,0,0,66,2026-02-03 08:24:51.037246
PHR,48.76,48.75,48.77,50000000.0,50000000.0,0,0,0,0,66,2026-02-03 08:24:51.037246
BYL,44.04,44.03,44.05,50000000.0,50000000.0,0,0,0,0,66,2026-02-03 08:24:51.037246
CLD,80.82,80.81,80.83,50000000.0,50000000.0,0,0,0,0,66,2026-02-03 08:24:51.037246
GGD,33.65,33.64,33.66,50000000.0,50000000.0,0,0,0,0,66,2026-02-03 08:24:51.037246
PNR,62.75,62.74,62.76,50000000.0,50000000.0,0,0,0,0,66,2026-02-03 08:24:51.037246
FSR,33.26,33.25,33.27,50000000.0,50000000.0,0,0,0,0,66,2026-02-03 08:24:51.037246
ATB,62.16,62.15,62.17,50000000.0,50000000.0,0,0,0,0,66,2026-02-03 08:24:51.037246
SPK,54.41,54.4,54.42,50000000.0,50000000.0,0,0,0,0,66,2026-02-03 08:24:51.037246
EEC,49.26,49.25,49.27,50000000.0,50000000.0,0,0,0,0,66,2026-02-03 08:24:51.037246
TGX,44.32,44.31,44.33,50000000.0,50000000.0,0,0,0,0,67,2026-02-03 08:24:52.072975
PHR,48.56,48.55,48.57,50000000.0,50000000.0,0,0,0,0,67,2026-02-03 08:24:52.072975
BYL,43.91,43.9,43.92,50000000.0,50000000.0,0,0,0,0,67,2026-02-03 08:24:52.072975
CLD,80.4,80.39,80.41,50000000.0,50000000.0,0,0,0,0,67,2026-02-03 08:24:52.072975
GGD,33.69,33.68,33.7,50000000.0,50000000.0,0,0,0,0,67,2026-02-03 08:24:52.072975
PNR,63.03,63.02,63.04,50000000.0,50000000.0,0,0,0,0,67,2026-02-03 08:24:52.072975
FSR,33.31,33.3,33.32,50000000.0,50000000.0,0,0,0,0,67,2026-02-03 08:24:52.072975
ATB,62.24,62.23,62.25,50000000.0,50000000.0,0,0,0,0,67,2026-02-03 08:24:52.072975
SPK,54.54,54.53,54.55,50000000.0,50000000.0,0,0,0,0,67,2026-02-03 08:24:52.072975
EEC,49.47,49.46,49.48,50000000.0,50000000.0,0,0,0,0,67,2026-02-03 08:24:52.072975
TGX,44.32,44.31,44.33,50000000.0,50000000.0,0,0,0,0,68,2026-02-03 08:24:53.109677
PHR,48.7,48.69,48.71,50000000.0,50000000.0,0,0,0,0,68,2026-02-03 08:24:53.109677
BYL,43.88,43.87,43.89,50000000.0,50000000.0,0,0,0,0,68,2026-02-03 08:24:53.109677
CLD,80.37,80.36,80.38,50000000.0,50000000.0,0,0,0,0,68,2026-02-03 08:24:53.109677
GGD,33.74,33.73,33.75,50000000.0,50000000.0,0,0,0,0,68,2026-02-03 08:24:53.109677
PNR,63.11,63.1,63.12,50000000.0,50000000.0,0,0,0,0,68,2026-02-03 08:24:53.109677
FSR,33.33,33.32,33.34,50000000.0,50000000.0,0,0,0,0,68,2026-02-03 08:24:53.109677
ATB,62.2,62.19,62.21,50000000.0,50000000.0,0,0,0,0,68,2026-02-03 08:24:53.109677
SPK,54.63,54.62,54.64,50000000.0,50000000.0,0,0,0,0,68,2026-02-03 08:24:53.109677
EEC,49.54,49.53,49.55,50000000.0,50000000.0,0,0,0,0,68,2026-02-03 08:24:53.109677
TGX,44.33,44.32,44.34,50000000.0,50000000.0,0,0,0,0,69,2026-02-03 08:24:54.145298
PHR,49.15,49.14,49.16,50000000.0,50000000.0,0,0,0,0,69,2026-02-03 08:24:54.145298
BYL,43.97,43.96,43.98,50000000.0,50000000.0,0,0,0,0,69,2026-02-03 08:24:54.145298
CLD,80.47,80.46,80.48,50000000.0,50000000.0,0,0,0,0,69,2026-02-03 08:24:54.145298
GGD,33.74,33.73,33.75,50000000.0,50000000.0,0,0,0,0,69,2026-02-03 08:24:54.145298
PNR,62.97,62.96,62.98,50000000.0,50000000.0,0,0,0,0,69,2026-02-03 08:24:54.145298
FSR,33.33,33.32,33.34,50000000.0,50000000.0,0,0,0,0,69,2026-02-03 08:24:54.145298
ATB,62.09,62.08,62.1,50000000.0,50000000.0,0,0,0,0,69,2026-02-03 08:24:54.145298
SPK,54.56,54.55,54.57,50000000.0,50000000.0,0,0,0,0,69,2026-02-03 08:24:54.145298
EEC,49.5,49.49,49.51,50000000.0,50000000.0,0,0,0,0,69,2026-02-03 08:24:54.145298
TGX,44.35,44.34,44.36,50000000.0,50000000.0,0,0,0,0,70,2026-02-03 08:24:55.175850
PHR,49.29,49.28,49.3,50000000.0,50000000.0,0,0,0,0,70,2026-02-03 08:24:55.175850
BYL,43.92,43.91,43.93,50000000.0,50000000.0,0,0,0,0,70,2026-02-03 08:24:55.175850
CLD,80.39,80.38,80.4,50000000.0,50000000.0,0,0,0,0,70,2026-02-03 08:24:55.175850
GGD,33.72,33.71,33.73,50000000.0,50000000.0,0,0,0,0,70,2026-02-03 08:24:55.175850
PNR,62.8,62.79,62.81,50000000.0,50000000.0,0,0,0,0,70,2026-02-03 08:24:55.175850
FSR,33.3,33.29,33.31,50000000.0,50000000.0,0,0,0,0,70,2026-02-03 08:24:55.175850
ATB,62.01,62.0,62.02,50000000.0,50000000.0,0,0,0,0,70,2026-02-03 08:24:55.175850
SPK,54.72,54.71,54.73,50000000.0,50000000.0,0,0,0,0,70,2026-02-03 08:24:55.175850
EEC,49.73,49.72,49.74,50000000.0,50000000.0,0,0,0,0,70,2026-02-03 08:24:55.175850
TGX,44.35,44.34,44.36,50000000.0,50000000.0,0,0,0,0,71,2026-02-03 08:24:56.208534
PHR,49.57,49.56,49.58,50000000.0,50000000.0,0,0,0,0,71,2026-02-03 08:24:56.208534
BYL,43.89,43.88,43.9,50000000.0,50000000.0,0,0,0,0,71,2026-02-03 08:24:56.208534
CLD,80.42,80.41,80.43,50000000.0,50000000.0,0,0,0,0,71,2026-02-03 08:24:56.208534
GGD,33.69,33.68,33.7,50000000.0,50000000.0,0,0,0,0,71,2026-02-03 08:24:56.208534
PNR,62.94,62.93,62.95,50000000.0,50000000.0,0,0,0,0,71,2026-02-03 08:24:56.208534
FSR,33.25,33.24,33.26,50000000.0,50000000.0,0,0,0,0,71,2026-02-03 08:24:56.208534
ATB,61.89,61.88,61.9,50000000.0,50000000.0,0,0,0,0,71,2026-02-03 08:24:56.208534
SPK,54.59,54.58,54.6,50000000.0,50000000.0,0,0,0,0,71,2026-02-03 08:24:56.208534
EEC,49.69,49.68,49.7,50000000.0,50000000.0,0,0,0,0,71,2026-02-03 08:24:56.208534
TGX,44.36,44.35,44.37,50000000.0,50000000.0,0,0,0,0,72,2026-02-03 08:24:57.237236
PHR,49.8,49.79,49.81,50000000.0,50000000.0,0,0,0,0,72,2026-02-03 08:24:57.237236
BYL,43.74,43.73,43.75,50000000.0,50000000.0,0,0,0,0,72,2026-02-03 08:24:57.237236
CLD,80.31,80.3,80.32,50000000.0,50000000.0,0,0,0,0,72,2026-02-03 08:24:57.237236
GGD,33.71,33.7,33.72,50000000.0,50000000.0,0,0,0,0,72,2026-02-03 08:24:57.237236
PNR,63.16,63.15,63.17,50000000.0,50000000.0,0,0,0,0,72,2026-02-03 08:24:57.237236
FSR,33.28,33.27,33.29,50000000.0,50000000.0,0,0,0,0,72,2026-02-03 08:24:57.237236
ATB,61.79,61.78,61.8,50000000.0,50000000.0,0,0,0,0,72,2026-02-03 08:24:57.237236
SPK,54.45,54.44,54.46,50000000.0,50000000.0,0,0,0,0,72,2026-02-03 08:24:57.237236
EEC,49.46,49.45,49.47,50000000.0,50000000.0,0,0,0,0,72,2026-02-03 08:24:57.237236
TGX,44.35,44.34,44.36,50000000.0,50000000.0,0,0,0,0,73,2026-02-03 08:24:58.269324
PHR,49.61,49.6,49.62,50000000.0,50000000.0,0,0,0,0,73,2026-02-03 08:24:58.269324
BYL,43.81,43.8,43.82,50000000.0,50000000.0,0,0,0,0,73,2026-02-03 08:24:58.269324
CLD,80.34,80.33,80.35,50000000.0,50000000.0,0,0,0,0,73,2026-02-03 08:24:58.269324
GGD,33.7,33.69,33.71,50000000.0,50000000.0,0,0,0,0,73,2026-02-03 08:24:58.269324
PNR,63.17,63.16,63.18,50000000.0,50000000.0,0,0,0,0,73,2026-02-03 08:24:58.269324
FSR,33.23,33.22,33.24,50000000.0,50000000.0,0,0,0,0,73,2026-02-03 08:24:58.269324
ATB,61.85,61.84,61.86,50000000.0,50000000.0,0,0,0,0,73,2026-02-03 08:24:58.269324
SPK,54.35,54.34,54.36,50000000.0,50000000.0,0,0,0,0,73,2026-02-03 08:24:58.269324
EEC,49.41,49.4,49.42,50000000.0,50000000.0,0,0,0,0,73,2026-02-03 08:24:58.269324
TGX,44.32,44.31,44.33,50000000.0,50000000.0,0,0,0,0,74,2026-02-03 08:24:59.306685
PHR,49.3,49.29,49.31,50000000.0,50000000.0,0,0,0,0,74,2026-02-03 08:24:59.306685
BYL,43.76,43.75,43.77,50000000.0,50000000.0,0,0,0,0,74,2026-02-03 08:24:59.306685
CLD,80.33,80.32,80.34,50000000.0,50000000.0,0,0,0,0,74,2026-02-03 08:24:59.306685
GGD,33.69,33.68,33.7,50000000.0,50000000.0,0,0,0,0,74,2026-02-03 08:24:59.306685
PNR,63.11,63.1,63.12,50000000.0,50000000.0,0,0,0,0,74,2026-02-03 08:24:59.306685
FSR,33.19,33.18,33.2,50000000.0,50000000.0,0,0,0,0,74,2026-02-03 08:24:59.306685
ATB,62.11,62.1,62.12,50000000.0,50000000.0,0,0,0,0,74,2026-02-03 08:24:59.306685
SPK,54.35,54.34,54.36,50000000.0,50000000.0,0,0,0,0,74,2026-02-03 08:24:59.306685
EEC,49.46,49.45,49.47,50000000.0,50000000.0,0,0,0,0,74,2026-02-03 08:24:59.306685
TGX,44.33,44.32,44.34,50000000.0,50000000.0,0,0,0,0,75,2026-02-03 08:25:00.342213
PHR,49.01,49.0,49.02,50000000.0,50000000.0,0,0,0,0,75,2026-02-03 08:25:00.342213
BYL,43.72,43.71,43.73,50000000.0,50000000.0,0,0,0,0,75,2026-02-03 08:25:00.342213
CLD,80.16,80.15,80.17,50000000.0,50000000.0,0,0,0,0,75,2026-02-03 08:25:00.342213
GGD,33.63,33.62,33.64,50000000.0,50000000.0,0,0,0,0,75,2026-02-03 08:25:00.342213
PNR,62.84,62.83,62.85,50000000.0,50000000.0,0,0,0,0,75,2026-02-03 08:25:00.342213
FSR,33.14,33.13,33.15,50000000.0,50000000.0,0,0,0,0,75,2026-02-03 08:25:00.342213
ATB,62.08,62.07,62.09,50000000.0,50000000.0,0,0,0,0,75,2026-02-03 08:25:00.342213
SPK,54.8,54.79,54.81,50000000.0,50000000.0,0,0,0,0,75,2026-02-03 08:25:00.342213
EEC,50.06,50.05,50.07,50000000.0,50000000.0,0,0,0,0,75,2026-02-03 08:25:00.342213
TGX,44.32,44.31,44.33,50000000.0,50000000.0,0,0,0,0,76,2026-02-03 08:25:01.376436,9.0,1.0,75.0,D5-SPK/EEC,Industry Conference Generates Transaction Speculation,"Attendees at a major renewable energy conference report heightened corridor discussion regarding the SolarPeak/EastEnergy transaction, with mixed signals from industry executives and advisors. Some sources describe renewed interest from potential strategic parties, while others characterize the speculation as routine conference chatter without substantive backing. No formal approaches have been confirmed through regulatory filings."
PHR,49.22,49.21,49.23,50000000.0,50000000.0,0,0,0,0,76,2026-02-03 08:25:01.376436,8.0,1.0,75.0,D2-BYL/CLD,FTC Staff Holds Technical Working Session,"Staff from the FTC convened a technical working session with advisors to both ByteLayer and CloudSys to discuss outstanding questions regarding the proposed transaction. The agenda and tone of the meeting have not been disclosed. Some regulatory specialists interpret the session as constructive engagement, while others note that such meetings can also precede formal requests for additional information or remedies."
BYL,43.75,43.74,43.76,50000000.0,50000000.0,0,0,0,0,76,2026-02-03 08:25:01.376436,,,,,,
CLD,80.23,80.22,80.24,50000000.0,50000000.0,0,0,0,0,76,2026-02-03 08:25:01.376436,,,,,,
GGD,33.65,33.64,33.66,50000000.0,50000000.0,0,0,0,0,76,2026-02-03 08:25:01.376436,,,,,,
PNR,63.01,63.0,63.02,50000000.0,50000000.0,0,0,0,0,76,2026-02-03 08:25:01.376436,,,,,,
FSR,33.1,33.09,33.11,50000000.0,50000000.0,0,0,0,0,76,2026-02-03 08:25:01.376436,,,,,,
ATB,62.2,62.19,62.21,50000000.0,50000000.0,0,0,0,0,76,2026-02-03 08:25:01.376436,,,,,,
SPK,55.01,55.0,55.02,50000000.0,50000000.0,0,0,0,0,76,2026-02-03 08:25:01.376436,,,,,,
EEC,50.29,50.28,50.3,50000000.0,50000000.0,0,0,0,0,76,2026-02-03 08:25:01.376436,,,,,,
TGX,44.32,44.31,44.33,50000000.0,50000000.0,0,0,0,0,77,2026-02-03 08:25:02.413384,10.0,1.0,76.0,D2-BYL/CLD,CFIUS National Security Review Initiated,The Committee on Foreign Investment reviews cloud infrastructure implications for government and critical infrastructure customers.
PHR,48.91,48.9,48.92,50000000.0,50000000.0,0,0,0,0,77,2026-02-03 08:25:02.413384,,,,,,
BYL,43.68,43.67,43.69,50000000.0,50000000.0,0,0,0,0,77,2026-02-03 08:25:02.413384,,,,,,
CLD,79.99,79.98,80.0,50000000.0,50000000.0,0,0,0,0,77,2026-02-03 08:25:02.413384,,,,,,
GGD,33.65,33.64,33.66,50000000.0,50000000.0,0,0,0,0,77,2026-02-03 08:25:02.413384,,,,,,
PNR,62.96,62.95,62.97,50000000.0,50000000.0,0,0,0,0,77,2026-02-03 08:25:02.413384,,,,,,
FSR,33.08,33.07,33.09,50000000.0,50000000.0,0,0,0,0,77,2026-02-03 08:25:02.413384,,,,,,
ATB,62.44,62.43,62.45,50000000.0,50000000.0,0,0,0,0,77,2026-02-03 08:25:02.413384,,,,,,
SPK,55.22,55.21,55.23,50000000.0,50000000.0,0,0,0,0,77,2026-02-03 08:25:02.413384,,,,,,
EEC,50.5,50.49,50.51,50000000.0,50000000.0,0,0,0,0,77,2026-02-03 08:25:02.413384,,,,,,
TGX,44.34,44.33,44.35,50000000.0,50000000.0,0,0,0,0,78,2026-02-03 08:25:03.445533
PHR,49.48,49.47,49.49,50000000.0,50000000.0,0,0,0,0,78,2026-02-03 08:25:03.445533
BYL,43.55,43.54,43.56,50000000.0,50000000.0,0,0,0,0,78,2026-02-03 08:25:03.445533
CLD,79.64,79.63,79.65,50000000.0,50000000.0,0,0,0,0,78,2026-02-03 08:25:03.445533
GGD,33.67,33.66,33.68,50000000.0,50000000.0,0,0,0,0,78,2026-02-03 08:25:03.445533
PNR,62.83,62.82,62.84,50000000.0,50000000.0,0,0,0,0,78,2026-02-03 08:25:03.445533
FSR,33.17,33.16,33.18,50000000.0,50000000.0,0,0,0,0,78,2026-02-03 08:25:03.445533
ATB,62.39,62.38,62.4,50000000.0,50000000.0,0,0,0,0,78,2026-02-03 08:25:03.445533
SPK,55.4,55.39,55.41,50000000.0,50000000.0,0,0,0,0,78,2026-02-03 08:25:03.445533
EEC,50.84,50.83,50.85,50000000.0,50000000.0,0,0,0,0,78,2026-02-03 08:25:03.445533
TGX,44.36,44.35,44.37,50000000.0,50000000.0,0,0,0,0,79,2026-02-03 08:25:04.481134
PHR,49.51,49.5,49.52,50000000.0,50000000.0,0,0,0,0,79,2026-02-03 08:25:04.481134
BYL,43.56,43.55,43.57,50000000.0,50000000.0,0,0,0,0,79,2026-02-03 08:25:04.481134
CLD,79.68,79.67,79.69,50000000.0,50000000.0,0,0,0,0,79,2026-02-03 08:25:04.481134
GGD,33.67,33.66,33.68,50000000.0,50000000.0,0,0,0,0,79,2026-02-03 08:25:04.481134
PNR,62.65,62.64,62.66,50000000.0,50000000.0,0,0,0,0,79,2026-02-03 08:25:04.481134
FSR,33.13,33.12,33.14,50000000.0,50000000.0,0,0,0,0,79,2026-02-03 08:25:04.481134
ATB,62.43,62.42,62.44,50000000.0,50000000.0,0,0,0,0,79,2026-02-03 08:25:04.481134
SPK,55.22,55.21,55.23,50000000.0,50000000.0,0,0,0,0,79,2026-02-03 08:25:04.481134
EEC,50.6,50.59,50.61,50000000.0,50000000.0,0,0,0,0,79,2026-02-03 08:25:04.481134
TGX,44.36,44.35,44.37,50000000.0,50000000.0,0,0,0,0,80,2026-02-03 08:25:05.518826
PHR,49.38,49.37,49.39,50000000.0,50000000.0,0,0,0,0,80,2026-02-03 08:25:05.518826
BYL,43.62,43.61,43.63,50000000.0,50000000.0,0,0,0,0,80,2026-02-03 08:25:05.518826
CLD,79.79,79.78,79.8,50000000.0,50000000.0,0,0,0,0,80,2026-02-03 08:25:05.518826
GGD,33.65,33.64,33.66,50000000.0,50000000.0,0,0,0,0,80,2026-02-03 08:25:05.518826
PNR,62.45,62.44,62.46,50000000.0,50000000.0,0,0,0,0,80,2026-02-03 08:25:05.518826
FSR,33.15,33.14,33.16,50000000.0,50000000.0,0,0,0,0,80,2026-02-03 08:25:05.518826
ATB,62.63,62.62,62.64,50000000.0,50000000.0,0,0,0,0,80,2026-02-03 08:25:05.518826
SPK,55.15,55.14,55.16,50000000.0,50000000.0,0,0,0,0,80,2026-02-03 08:25:05.518826
EEC,50.37,50.36,50.38,50000000.0,50000000.0,0,0,0,0,80,2026-02-03 08:25:05.518826
TGX,44.37,44.36,44.38,50000000.0,50000000.0,0,0,0,0,81,2026-02-03 08:25:06.557793,12.0,1.0,80.0,D4-FSR/ATB,Credit Rating Downgrade,S&P downgrades Atlas Bank outlook to negative citing acquisition integration and credit risks.
PHR,49.66,49.65,49.67,50000000.0,50000000.0,0,0,0,0,81,2026-02-03 08:25:06.557793,11.0,1.0,80.0,D2-BYL/CLD,Definitive Agreement Executed,ByteLayer and CloudSys execute definitive merger agreement with expected closing in Q3.
BYL,43.51,43.5,43.52,50000000.0,50000000.0,0,0,0,0,81,2026-02-03 08:25:06.557793,,,,,,
CLD,79.67,79.66,79.68,50000000.0,50000000.0,0,0,0,0,81,2026-02-03 08:25:06.557793,,,,,,
GGD,33.67,33.66,33.68,50000000.0,50000000.0,0,0,0,0,81,2026-02-03 08:25:06.557793,,,,,,
PNR,62.26,62.25,62.27,50000000.0,50000000.0,0,0,0,0,81,2026-02-03 08:25:06.557793,,,,,,
FSR,33.14,33.13,33.15,50000000.0,50000000.0,0,0,0,0,81,2026-02-03 08:25:06.557793,,,,,,
ATB,62.88,62.87,62.89,50000000.0,50000000.0,0,0,0,0,81,2026-02-03 08:25:06.557793,,,,,,
SPK,55.08,55.07,55.09,50000000.0,50000000.0,0,0,0,0,81,2026-02-03 08:25:06.557793,,,,,,
EEC,50.27,50.26,50.28,50000000.0,50000000.0,0,0,0,0,81,2026-02-03 08:25:06.557793,,,,,,
TGX,44.34,44.33,44.35,50000000.0,50000000.0,0,0,0,0,82,2026-02-03 08:25:07.107563
PHR,49.81,49.8,49.82,50000000.0,50000000.0,0,0,0,0,82,2026-02-03 08:25:07.107563
BYL,43.78,43.77,43.79,50000000.0,50000000.0,0,0,0,0,82,2026-02-03 08:25:07.107563
CLD,80.34,80.33,80.35,50000000.0,50000000.0,0,0,0,0,82,2026-02-03 08:25:07.107563
GGD,33.7,33.69,33.71,50000000.0,50000000.0,0,0,0,0,82,2026-02-03 08:25:07.107563
PNR,62.44,62.43,62.45,50000000.0,50000000.0,0,0,0,0,82,2026-02-03 08:25:07.107563
FSR,33.14,33.13,33.15,50000000.0,50000000.0,0,0,0,0,82,2026-02-03 08:25:07.107563
ATB,62.92,62.91,62.93,50000000.0,50000000.0,0,0,0,0,82,2026-02-03 08:25:07.107563
SPK,55.36,55.35,55.37,50000000.0,50000000.0,0,0,0,0,82,2026-02-03 08:25:07.107563
EEC,50.65,50.64,50.66,50000000.0,50000000.0,0,0,0,0,82,2026-02-03 08:25:07.107563
TGX,44.32,44.31,44.33,50000000.0,50000000.0,0,0,0,0,83,2026-02-03 08:25:08.139646,13.0,1.0,82.0,D5-SPK/EEC,Investment Grade Rating Affirmed,Credit rating agencies affirm combined entity's BBB+ rating with stable outlook.
PHR,49.7,49.69,49.71,50000000.0,50000000.0,0,0,0,0,83,2026-02-03 08:25:08.139646,,,,,,
BYL,43.64,43.63,43.65,50000000.0,50000000.0,0,0,0,0,83,2026-02-03 08:25:08.139646,,,,,,
CLD,79.96,79.95,79.97,50000000.0,50000000.0,0,0,0,0,83,2026-02-03 08:25:08.139646,,,,,,
GGD,33.69,33.68,33.7,50000000.0,50000000.0,0,0,0,0,83,2026-02-03 08:25:08.139646,,,,,,
PNR,62.53,62.52,62.54,50000000.0,50000000.0,0,0,0,0,83,2026-02-03 08:25:08.139646,,,,,,
FSR,33.13,33.12,33.14,50000000.0,50000000.0,0,0,0,0,83,2026-02-03 08:25:08.139646,,,,,,
ATB,63.04,63.03,63.05,50000000.0,50000000.0,0,0,0,0,83,2026-02-03 08:25:08.139646,,,,,,
SPK,55.3,55.29,55.31,50000000.0,50000000.0,0,0,0,0,83,2026-02-03 08:25:08.139646,,,,,,
EEC,50.52,50.51,50.53,50000000.0,50000000.0,0,0,0,0,83,2026-02-03 08:25:08.139646,,,,,,
TGX,44.32,44.31,44.33,50000000.0,50000000.0,0,0,0,0,84,2026-02-03 08:25:09.181922,14.0,1.0,83.0,D4-FSR/ATB,TLAC Requirements Clarified,Regulators provide clarity on Total Loss-Absorbing Capacity requirements post-merger.
PHR,49.57,49.56,49.58,50000000.0,50000000.0,0,0,0,0,84,2026-02-03 08:25:09.181922,,,,,,
BYL,43.71,43.7,43.72,50000000.0,50000000.0,0,0,0,0,84,2026-02-03 08:25:09.181922,,,,,,
CLD,80.14,80.13,80.15,50000000.0,50000000.0,0,0,0,0,84,2026-02-03 08:25:09.181922,,,,,,
GGD,33.73,33.72,33.74,50000000.0,50000000.0,0,0,0,0,84,2026-02-03 08:25:09.181922,,,,,,
PNR,62.79,62.78,62.8,50000000.0,50000000.0,0,0,0,0,84,2026-02-03 08:25:09.181922,,,,,,
FSR,33.1,33.09,33.11,50000000.0,50000000.0,0,0,0,0,84,2026-02-03 08:25:09.181922,,,,,,
ATB,63.07,63.06,63.08,50000000.0,50000000.0,0,0,0,0,84,2026-02-03 08:25:09.181922,,,,,,
SPK,55.2,55.19,55.21,50000000.0,50000000.0,0,0,0,0,84,2026-02-03 08:25:09.181922,,,,,,
EEC,50.43,50.42,50.44,50000000.0,50000000.0,0,0,0,0,84,2026-02-03 08:25:09.181922,,,,,,
TGX,44.31,44.3,44.32,50000000.0,50000000.0,0,0,0,0,85,2026-02-03 08:25:10.220100,15.0,1.0,84.0,D3-GGD/PNR,Environmental Groups Challenge Merger,Coalition of environmental organizations files comments opposing the transaction citing climate policy concerns.
PHR,49.72,49.71,49.73,50000000.0,50000000.0,0,0,0,0,85,2026-02-03 08:25:10.220100,,,,,,
BYL,43.56,43.55,43.57,50000000.0,50000000.0,0,0,0,0,85,2026-02-03 08:25:10.220100,,,,,,
CLD,79.85,79.84,79.86,50000000.0,50000000.0,0,0,0,0,85,2026-02-03 08:25:10.220100,,,,,,
GGD,33.68,33.67,33.69,50000000.0,50000000.0,0,0,0,0,85,2026-02-03 08:25:10.220100,,,,,,
PNR,63.03,63.02,63.04,50000000.0,50000000.0,0,0,0,0,85,2026-02-03 08:25:10.220100,,,,,,
FSR,33.16,33.15,33.17,50000000.0,50000000.0,0,0,0,0,85,2026-02-03 08:25:10.220100,,,,,,
ATB,62.88,62.87,62.89,50000000.0,50000000.0,0,0,0,0,85,2026-02-03 08:25:10.220100,,,,,,
SPK,55.2,55.19,55.21,50000000.0,50000000.0,0,0,0,0,85,2026-02-03 08:25:10.220100,,,,,,
EEC,50.46,50.45,50.47,50000000.0,50000000.0,0,0,0,0,85,2026-02-03 08:25:10.220100,,,,,,
TGX,44.3,44.29,44.31,50000000.0,50000000.0,0,0,0,0,86,2026-02-03 08:25:11.252175
PHR,49.94,49.93,49.95,50000000.0,50000000.0,0,0,0,0,86,2026-02-03 08:25:11.252175
BYL,43.59,43.58,43.6,50000000.0,50000000.0,0,0,0,0,86,2026-02-03 08:25:11.252175
CLD,79.75,79.74,79.76,50000000.0,50000000.0,0,0,0,0,86,2026-02-03 08:25:11.252175
GGD,33.69,33.68,33.7,50000000.0,50000000.0,0,0,0,0,86,2026-02-03 08:25:11.252175
PNR,62.83,62.82,62.84,50000000.0,50000000.0,0,0,0,0,86,2026-02-03 08:25:11.252175
FSR,33.18,33.17,33.19,50000000.0,50000000.0,0,0,0,0,86,2026-02-03 08:25:11.252175
ATB,62.71,62.7,62.72,50000000.0,50000000.0,0,0,0,0,86,2026-02-03 08:25:11.252175
SPK,55.16,55.15,55.17,50000000.0,50000000.0,0,0,0,0,86,2026-02-03 08:25:11.252175
EEC,50.35,50.34,50.36,50000000.0,50000000.0,0,0,0,0,86,2026-02-03 08:25:11.252175
TGX,44.33,44.32,44.34,50000000.0,50000000.0,0,0,0,0,87,2026-02-03 08:25:12.285610
PHR,49.8,49.79,49.81,50000000.0,50000000.0,0,0,0,0,87,2026-02-03 08:25:12.285610
BYL,43.58,43.57,43.59,50000000.0,50000000.0,0,0,0,0,87,2026-02-03 08:25:12.285610
CLD,79.63,79.62,79.64,50000000.0,50000000.0,0,0,0,0,87,2026-02-03 08:25:12.285610
GGD,33.7,33.69,33.71,50000000.0,50000000.0,0,0,0,0,87,2026-02-03 08:25:12.285610
PNR,62.73,62.72,62.74,50000000.0,50000000.0,0,0,0,0,87,2026-02-03 08:25:12.285610
FSR,33.18,33.17,33.19,50000000.0,50000000.0,0,0,0,0,87,2026-02-03 08:25:12.285610
ATB,62.51,62.5,62.52,50000000.0,50000000.0,0,0,0,0,87,2026-02-03 08:25:12.285610
SPK,55.15,55.14,55.16,50000000.0,50000000.0,0,0,0,0,87,2026-02-03 08:25:12.285610
EEC,50.39,50.38,50.4,50000000.0,50000000.0,0,0,0,0,87,2026-02-03 08:25:12.285610
TGX,44.35,44.34,44.36,50000000.0,50000000.0,0,0,0,0,88,2026-02-03 08:25:13.311548
PHR,49.73,49.72,49.74,50000000.0,50000000.0,0,0,0,0,88,2026-02-03 08:25:13.311548
BYL,43.59,43.58,43.6,50000000.0,50000000.0,0,0,0,0,88,2026-02-03 08:25:13.311548
CLD,79.57,79.56,79.58,50000000.0,50000000.0,0,0,0,0,88,2026-02-03 08:25:13.311548
GGD,33.75,33.74,33.76,50000000.0,50000000.0,0,0,0,0,88,2026-02-03 08:25:13.311548
PNR,62.81,62.8,62.82,50000000.0,50000000.0,0,0,0,0,88,2026-02-03 08:25:13.311548
FSR,33.14,33.13,33.15,50000000.0,50000000.0,0,0,0,0,88,2026-02-03 08:25:13.311548
ATB,62.65,62.64,62.66,50000000.0,50000000.0,0,0,0,0,88,2026-02-03 08:25:13.311548
SPK,55.2,55.19,55.21,50000000.0,50000000.0,0,0,0,0,88,2026-02-03 08:25:13.311548
EEC,50.41,50.4,50.42,50000000.0,50000000.0,0,0,0,0,88,2026-02-03 08:25:13.311548
TGX,44.38,44.37,44.39,50000000.0,50000000.0,0,0,0,0,89,2026-02-03 08:25:14.340986
PHR,49.97,49.96,49.98,50000000.0,50000000.0,0,0,0,0,89,2026-02-03 08:25:14.340986
BYL,43.47,43.46,43.48,50000000.0,50000000.0,0,0,0,0,89,2026-02-03 08:25:14.340986
CLD,79.26,79.25,79.27,50000000.0,50000000.0,0,0,0,0,89,2026-02-03 08:25:14.340986
GGD,33.76,33.75,33.77,50000000.0,50000000.0,0,0,0,0,89,2026-02-03 08:25:14.340986
PNR,62.87,62.86,62.88,50000000.0,50000000.0,0,0,0,0,89,2026-02-03 08:25:14.340986
FSR,33.22,33.21,33.23,50000000.0,50000000.0,0,0,0,0,89,2026-02-03 08:25:14.340986
ATB,63.0,62.99,63.01,50000000.0,50000000.0,0,0,0,0,89,2026-02-03 08:25:14.340986
SPK,55.02,55.01,55.03,50000000.0,50000000.0,0,0,0,0,89,2026-02-03 08:25:14.340986
EEC,50.24,50.23,50.25,50000000.0,50000000.0,0,0,0,0,89,2026-02-03 08:25:14.340986
TGX,44.35,44.34,44.36,50000000.0,50000000.0,0,0,0,0,90,2026-02-03 08:25:15.373150
PHR,50.08,50.07,50.09,50000000.0,50000000.0,0,0,0,0,90,2026-02-03 08:25:15.373150
BYL,43.34,43.33,43.35,50000000.0,50000000.0,0,0,0,0,90,2026-02-03 08:25:15.373150
CLD,78.88,78.87,78.89,50000000.0,50000000.0,0,0,0,0,90,2026-02-03 08:25:15.373150
GGD,33.76,33.75,33.77,50000000.0,50000000.0,0,0,0,0,90,2026-02-03 08:25:15.373150
PNR,63.14,63.13,63.15,50000000.0,50000000.0,0,0,0,0,90,2026-02-03 08:25:15.373150
FSR,33.23,33.22,33.24,50000000.0,50000000.0,0,0,0,0,90,2026-02-03 08:25:15.373150
ATB,62.87,62.86,62.88,50000000.0,50000000.0,0,0,0,0,90,2026-02-03 08:25:15.373150
SPK,54.83,54.82,54.84,50000000.0,50000000.0,0,0,0,0,90,2026-02-03 08:25:15.373150
EEC,49.95,49.94,49.96,50000000.0,50000000.0,0,0,0,0,90,2026-02-03 08:25:15.373150
TGX,44.34,44.33,44.35,50000000.0,50000000.0,0,0,0,0,91,2026-02-03 08:25:16.410230
PHR,50.53,50.52,50.54,50000000.0,50000000.0,0,0,0,0,91,2026-02-03 08:25:16.410230
BYL,43.37,43.36,43.38,50000000.0,50000000.0,0,0,0,0,91,2026-02-03 08:25:16.410230
CLD,78.99,78.98,79.0,50000000.0,50000000.0,0,0,0,0,91,2026-02-03 08:25:16.410230
GGD,33.71,33.7,33.72,50000000.0,50000000.0,0,0,0,0,91,2026-02-03 08:25:16.410230
PNR,62.99,62.98,63.0,50000000.0,50000000.0,0,0,0,0,91,2026-02-03 08:25:16.410230
FSR,33.23,33.22,33.24,50000000.0,50000000.0,0,0,0,0,91,2026-02-03 08:25:16.410230
ATB,62.68,62.67,62.69,50000000.0,50000000.0,0,0,0,0,91,2026-02-03 08:25:16.410230
SPK,54.68,54.67,54.69,50000000.0,50000000.0,0,0,0,0,91,2026-02-03 08:25:16.410230
EEC,49.67,49.66,49.68,50000000.0,50000000.0,0,0,0,0,91,2026-02-03 08:25:16.410230
TGX,44.34,44.33,44.35,50000000.0,50000000.0,0,0,0,0,92,2026-02-03 08:25:17.446860
PHR,50.88,50.87,50.89,50000000.0,50000000.0,0,0,0,0,92,2026-02-03 08:25:17.446860
BYL,43.24,43.23,43.25,50000000.0,50000000.0,0,0,0,0,92,2026-02-03 08:25:17.446860
CLD,78.73,78.72,78.74,50000000.0,50000000.0,0,0,0,0,92,2026-02-03 08:25:17.446860
GGD,33.74,33.73,33.75,50000000.0,50000000.0,0,0,0,0,92,2026-02-03 08:25:17.446860
PNR,63.2,63.19,63.21,50000000.0,50000000.0,0,0,0,0,92,2026-02-03 08:25:17.446860
FSR,33.29,33.28,33.3,50000000.0,50000000.0,0,0,0,0,92,2026-02-03 08:25:17.446860
ATB,62.7,62.69,62.71,50000000.0,50000000.0,0,0,0,0,92,2026-02-03 08:25:17.446860
SPK,54.82,54.81,54.83,50000000.0,50000000.0,0,0,0,0,92,2026-02-03 08:25:17.446860
EEC,49.83,49.82,49.84,50000000.0,50000000.0,0,0,0,0,92,2026-02-03 08:25:17.446860
TGX,44.29,44.28,44.3,50000000.0,50000000.0,0,0,0,0,93,2026-02-03 08:25:18.477716
PHR,51.01,51.0,51.02,50000000.0,50000000.0,0,0,0,0,93,2026-02-03 08:25:18.477716
BYL,43.19,43.18,43.2,50000000.0,50000000.0,0,0,0,0,93,2026-02-03 08:25:18.477716
CLD,78.51,78.5,78.52,50000000.0,50000000.0,0,0,0,0,93,2026-02-03 08:25:18.477716
GGD,33.68,33.67,33.69,50000000.0,50000000.0,0,0,0,0,93,2026-02-03 08:25:18.477716
PNR,62.86,62.85,62.87,50000000.0,50000000.0,0,0,0,0,93,2026-02-03 08:25:18.477716
FSR,33.31,33.3,33.32,50000000.0,50000000.0,0,0,0,0,93,2026-02-03 08:25:18.477716
ATB,62.67,62.66,62.68,50000000.0,50000000.0,0,0,0,0,93,2026-02-03 08:25:18.477716
SPK,55.12,55.11,55.13,50000000.0,50000000.0,0,0,0,0,93,2026-02-03 08:25:18.477716
EEC,49.67,49.66,49.68,50000000.0,50000000.0,0,0,0,0,93,2026-02-03 08:25:18.477716
TGX,44.34,44.33,44.35,50000000.0,50000000.0,0,0,0,0,94,2026-02-03 08:25:19.509524
PHR,51.19,51.18,51.2,50000000.0,50000000.0,0,0,0,0,94,2026-02-03 08:25:19.509524
BYL,43.22,43.21,43.23,50000000.0,50000000.0,0,0,0,0,94,2026-02-03 08:25:19.509524
CLD,78.56,78.55,78.57,50000000.0,50000000.0,0,0,0,0,94,2026-02-03 08:25:19.509524
GGD,33.7,33.69,33.71,50000000.0,50000000.0,0,0,0,0,94,2026-02-03 08:25:19.509524
PNR,62.97,62.96,62.98,50000000.0,50000000.0,0,0,0,0,94,2026-02-03 08:25:19.509524
FSR,33.35,33.34,33.36,50000000.0,50000000.0,0,0,0,0,94,2026-02-03 08:25:19.509524
ATB,62.64,62.63,62.65,50000000.0,50000000.0,0,0,0,0,94,2026-02-03 08:25:19.509524
SPK,55.35,55.34,55.36,50000000.0,50000000.0,0,0,0,0,94,2026-02-03 08:25:19.509524
EEC,49.61,49.6,49.62,50000000.0,50000000.0,0,0,0,0,94,2026-02-03 08:25:19.509524
TGX,44.39,44.38,44.4,50000000.0,50000000.0,0,0,0,0,95,2026-02-03 08:25:20.549001
PHR,51.95,51.94,51.96,50000000.0,50000000.0,0,0,0,0,95,2026-02-03 08:25:20.549001
BYL,44.82,44.81,44.83,50000000.0,50000000.0,0,0,0,0,95,2026-02-03 08:25:20.549001
CLD,78.91,78.9,78.92,50000000.0,50000000.0,0,0,0,0,95,2026-02-03 08:25:20.549001
GGD,33.69,33.68,33.7,50000000.0,50000000.0,0,0,0,0,95,2026-02-03 08:25:20.549001
PNR,63.15,63.14,63.16,50000000.0,50000000.0,0,0,0,0,95,2026-02-03 08:25:20.549001
FSR,33.37,33.36,33.38,50000000.0,50000000.0,0,0,0,0,95,2026-02-03 08:25:20.549001
ATB,62.77,62.76,62.78,50000000.0,50000000.0,0,0,0,0,95,2026-02-03 08:25:20.549001
SPK,55.74,55.73,55.75,50000000.0,50000000.0,0,0,0,0,95,2026-02-03 08:25:20.549001
EEC,49.75,49.74,49.76,50000000.0,50000000.0,0,0,0,0,95,2026-02-03 08:25:20.549001
TGX,44.4,44.39,44.41,50000000.0,50000000.0,0,0,0,0,96,2026-02-03 08:25:21.583170
PHR,51.94,51.93,51.95,50000000.0,50000000.0,0,0,0,0,96,2026-02-03 08:25:21.583170
BYL,44.85,44.84,44.86,50000000.0,50000000.0,0,0,0,0,96,2026-02-03 08:25:21.583170
CLD,79.03,79.02,79.04,50000000.0,50000000.0,0,0,0,0,96,2026-02-03 08:25:21.583170
GGD,33.7,33.69,33.71,50000000.0,50000000.0,0,0,0,0,96,2026-02-03 08:25:21.583170
PNR,63.2,63.19,63.21,50000000.0,50000000.0,0,0,0,0,96,2026-02-03 08:25:21.583170
FSR,33.39,33.38,33.4,50000000.0,50000000.0,0,0,0,0,96,2026-02-03 08:25:21.583170
ATB,62.63,62.62,62.64,50000000.0,50000000.0,0,0,0,0,96,2026-02-03 08:25:21.583170
SPK,55.87,55.86,55.88,50000000.0,50000000.0,0,0,0,0,96,2026-02-03 08:25:21.583170
EEC,49.86,49.85,49.87,50000000.0,50000000.0,0,0,0,0,96,2026-02-03 08:25:21.583170
TGX,44.43,44.42,44.44,50000000.0,50000000.0,0,0,0,0,97,2026-02-03 08:25:22.643363
PHR,51.99,51.98,52.0,50000000.0,50000000.0,0,0,0,0,97,2026-02-03 08:25:22.643363
BYL,44.88,44.87,44.89,50000000.0,50000000.0,0,0,0,0,97,2026-02-03 08:25:22.643363
CLD,79.09,79.08,79.1,50000000.0,50000000.0,0,0,0,0,97,2026-02-03 08:25:22.643363
GGD,33.75,33.74,33.76,50000000.0,50000000.0,0,0,0,0,97,2026-02-03 08:25:22.643363
PNR,63.33,63.32,63.34,50000000.0,50000000.0,0,0,0,0,97,2026-02-03 08:25:22.643363
FSR,33.41,33.4,33.42,50000000.0,50000000.0,0,0,0,0,97,2026-02-03 08:25:22.643363
ATB,62.4,62.39,62.41,50000000.0,50000000.0,0,0,0,0,97,2026-02-03 08:25:22.643363
SPK,55.83,55.82,55.84,50000000.0,50000000.0,0,0,0,0,97,2026-02-03 08:25:22.643363
EEC,49.7,49.69,49.71,50000000.0,50000000.0,0,0,0,0,97,2026-02-03 08:25:22.643363
TGX,44.42,44.41,44.43,50000000.0,50000000.0,0,0,0,0,98,2026-02-03 08:25:23.182166
PHR,52.04,52.03,52.05,50000000.0,50000000.0,0,0,0,0,98,2026-02-03 08:25:23.182166
BYL,45.73,45.72,45.74,50000000.0,50000000.0,0,0,0,0,98,2026-02-03 08:25:23.182166
CLD,79.38,79.37,79.39,50000000.0,50000000.0,0,0,0,0,98,2026-02-03 08:25:23.182166
GGD,33.74,33.73,33.75,50000000.0,50000000.0,0,0,0,0,98,2026-02-03 08:25:23.182166
PNR,63.4,63.39,63.41,50000000.0,50000000.0,0,0,0,0,98,2026-02-03 08:25:23.182166
FSR,33.41,33.4,33.42,50000000.0,50000000.0,0,0,0,0,98,2026-02-03 08:25:23.182166
ATB,62.19,62.18,62.2,50000000.0,50000000.0,0,0,0,0,98,2026-02-03 08:25:23.182166
SPK,55.93,55.92,55.94,50000000.0,50000000.0,0,0,0,0,98,2026-02-03 08:25:23.182166
EEC,49.77,49.76,49.78,50000000.0,50000000.0,0,0,0,0,98,2026-02-03 08:25:23.182166
TGX,44.44,44.43,44.45,50000000.0,50000000.0,0,0,0,0,99,2026-02-03 08:25:24.221886
PHR,51.75,51.74,51.76,50000000.0,50000000.0,0,0,0,0,99,2026-02-03 08:25:24.221886
BYL,46.55,46.54,46.56,50000000.0,50000000.0,0,0,0,0,99,2026-02-03 08:25:24.221886
CLD,79.47,79.46,79.48,50000000.0,50000000.0,0,0,0,0,99,2026-02-03 08:25:24.221886
GGD,33.73,33.72,33.74,50000000.0,50000000.0,0,0,0,0,99,2026-02-03 08:25:24.221886
PNR,63.2,63.19,63.21,50000000.0,50000000.0,0,0,0,0,99,2026-02-03 08:25:24.221886
FSR,33.97,33.96,33.98,50000000.0,50000000.0,0,0,0,0,99,2026-02-03 08:25:24.221886
ATB,62.19,62.18,62.2,50000000.0,50000000.0,0,0,0,0,99,2026-02-03 08:25:24.221886
SPK,56.1,56.09,56.11,50000000.0,50000000.0,0,0,0,0,99,2026-02-03 08:25:24.221886
EEC,49.96,49.95,49.97,50000000.0,50000000.0,0,0,0,0,99,2026-02-03 08:25:24.221886
TGX,44.44,44.43,44.45,50000000.0,50000000.0,0,0,0,0,100,2026-02-03 08:25:25.254837
PHR,51.82,51.81,51.83,50000000.0,50000000.0,0,0,0,0,100,2026-02-03 08:25:25.254837
BYL,46.49,46.48,46.5,50000000.0,50000000.0,0,0,0,0,100,2026-02-03 08:25:25.254837
CLD,79.27,79.26,79.28,50000000.0,50000000.0,0,0,0,0,100,2026-02-03 08:25:25.254837
GGD,33.7,33.69,33.71,50000000.0,50000000.0,0,0,0,0,100,2026-02-03 08:25:25.254837
PNR,63.14,63.13,63.15,50000000.0,50000000.0,0,0,0,0,100,2026-02-03 08:25:25.254837
FSR,33.98,33.97,33.99,50000000.0,50000000.0,0,0,0,0,100,2026-02-03 08:25:25.254837
ATB,62.23,62.22,62.24,50000000.0,50000000.0,0,0,0,0,100,2026-02-03 08:25:25.254837
SPK,56.45,56.44,56.46,50000000.0,50000000.0,0,0,0,0,100,2026-02-03 08:25:25.254837
EEC,49.9,49.89,49.91,50000000.0,50000000.0,0,0,0,0,100,2026-02-03 08:25:25.254837
TGX,44.42,44.41,44.43,50000000.0,50000000.0,0,0,0,0,101,2026-02-03 08:25:26.291699
PHR,51.66,51.65,51.67,50000000.0,50000000.0,0,0,0,0,101,2026-02-03 08:25:26.291699
BYL,46.45,46.44,46.46,50000000.0,50000000.0,0,0,0,0,101,2026-02-03 08:25:26.291699
CLD,79.26,79.25,79.27,50000000.0,50000000.0,0,0,0,0,101,2026-02-03 08:25:26.291699
GGD,33.66,33.65,33.67,50000000.0,50000000.0,0,0,0,0,101,2026-02-03 08:25:26.291699
PNR,63.27,63.26,63.28,50000000.0,50000000.0,0,0,0,0,101,2026-02-03 08:25:26.291699
FSR,33.23,33.22,33.24,50000000.0,50000000.0,0,0,0,0,101,2026-02-03 08:25:26.291699
ATB,62.24,62.23,62.25,50000000.0,50000000.0,0,0,0,0,101,2026-02-03 08:25:26.291699
SPK,56.6,56.59,56.61,50000000.0,50000000.0,0,0,0,0,101,2026-02-03 08:25:26.291699
EEC,50.1,50.09,50.11,50000000.0,50000000.0,0,0,0,0,101,2026-02-03 08:25:26.291699
TGX,44.41,44.4,44.42,50000000.0,50000000.0,0,0,0,0,102,2026-02-03 08:25:27.323128
PHR,51.36,51.35,51.37,50000000.0,50000000.0,0,0,0,0,102,2026-02-03 08:25:27.323128
BYL,47.75,47.74,47.76,50000000.0,50000000.0,0,0,0,0,102,2026-02-03 08:25:27.323128
CLD,79.07,79.06,79.08,50000000.0,50000000.0,0,0,0,0,102,2026-02-03 08:25:27.323128
GGD,33.64,33.63,33.65,50000000.0,50000000.0,0,0,0,0,102,2026-02-03 08:25:27.323128
PNR,63.23,63.22,63.24,50000000.0,50000000.0,0,0,0,0,102,2026-02-03 08:25:27.323128
FSR,33.27,33.26,33.28,50000000.0,50000000.0,0,0,0,0,102,2026-02-03 08:25:27.323128
ATB,62.34,62.33,62.35,50000000.0,50000000.0,0,0,0,0,102,2026-02-03 08:25:27.323128
SPK,56.58,56.57,56.59,50000000.0,50000000.0,0,0,0,0,102,2026-02-03 08:25:27.323128
EEC,50.04,50.03,50.05,50000000.0,50000000.0,0,0,0,0,102,2026-02-03 08:25:27.323128
TGX,44.36,44.35,44.37,50000000.0,50000000.0,0,0,0,0,103,2026-02-03 08:25:28.376910
PHR,51.59,51.58,51.6,50000000.0,50000000.0,0,0,0,0,103,2026-02-03 08:25:28.376910
BYL,47.72,47.71,47.73,50000000.0,50000000.0,0,0,0,0,103,2026-02-03 08:25:28.376910
CLD,79.01,79.0,79.02,50000000.0,50000000.0,0,0,0,0,103,2026-02-03 08:25:28.376910
GGD,33.62,33.61,33.63,50000000.0,50000000.0,0,0,0,0,103,2026-02-03 08:25:28.376910
PNR,63.34,63.33,63.35,50000000.0,50000000.0,0,0,0,0,103,2026-02-03 08:25:28.376910
FSR,33.21,33.2,33.22,50000000.0,50000000.0,0,0,0,0,103,2026-02-03 08:25:28.376910
ATB,62.25,62.24,62.26,50000000.0,50000000.0,0,0,0,0,103,2026-02-03 08:25:28.376910
SPK,56.72,56.71,56.73,50000000.0,50000000.0,0,0,0,0,103,2026-02-03 08:25:28.376910
EEC,50.16,50.15,50.17,50000000.0,50000000.0,0,0,0,0,103,2026-02-03 08:25:28.376910
TGX,44.34,44.33,44.35,50000000.0,50000000.0,0,0,0,0,104,2026-02-03 08:25:29.407757
PHR,51.16,51.15,51.17,50000000.0,50000000.0,0,0,0,0,104,2026-02-03 08:25:29.407757
BYL,47.65,47.64,47.66,50000000.0,50000000.0,0,0,0,0,104,2026-02-03 08:25:29.407757
CLD,78.78,78.77,78.79,50000000.0,50000000.0,0,0,0,0,104,2026-02-03 08:25:29.407757
GGD,33.64,33.63,33.65,50000000.0,50000000.0,0,0,0,0,104,2026-02-03 08:25:29.407757
PNR,63.27,63.26,63.28,50000000.0,50000000.0,0,0,0,0,104,2026-02-03 08:25:29.407757
FSR,33.18,33.17,33.19,50000000.0,50000000.0,0,0,0,0,104,2026-02-03 08:25:29.407757
ATB,62.2,62.19,62.21,50000000.0,50000000.0,0,0,0,0,104,2026-02-03 08:25:29.407757
SPK,57.05,57.04,57.06,50000000.0,50000000.0,0,0,0,0,104,2026-02-03 08:25:29.407757
EEC,50.51,50.5,50.52,50000000.0,50000000.0,0,0,0,0,104,2026-02-03 08:25:29.407757
TGX,44.35,44.34,44.36,50000000.0,50000000.0,0,0,0,0,105,2026-02-03 08:25:30.439515
PHR,51.03,51.02,51.04,50000000.0,50000000.0,0,0,0,0,105,2026-02-03 08:25:30.439515
BYL,47.8,47.79,47.81,50000000.0,50000000.0,0,0,0,0,105,2026-02-03 08:25:30.439515
CLD,79.25,79.24,79.26,50000000.0,50000000.0,0,0,0,0,105,2026-02-03 08:25:30.439515
GGD,33.69,33.68,33.7,50000000.0,50000000.0,0,0,0,0,105,2026-02-03 08:25:30.439515
PNR,63.44,63.43,63.45,50000000.0,50000000.0,0,0,0,0,105,2026-02-03 08:25:30.439515
FSR,33.18,33.17,33.19,50000000.0,50000000.0,0,0,0,0,105,2026-02-03 08:25:30.439515
ATB,62.21,62.2,62.22,50000000.0,50000000.0,0,0,0,0,105,2026-02-03 08:25:30.439515
SPK,57.02,57.01,57.03,50000000.0,50000000.0,0,0,0,0,105,2026-02-03 08:25:30.439515
EEC,50.41,50.4,50.42,50000000.0,50000000.0,0,0,0,0,105,2026-02-03 08:25:30.439515
TGX,44.38,44.37,44.39,50000000.0,50000000.0,0,0,0,0,106,2026-02-03 08:25:31.472738
PHR,51.2,51.19,51.21,50000000.0,50000000.0,0,0,0,0,106,2026-02-03 08:25:31.472738
BYL,47.62,47.61,47.63,50000000.0,50000000.0,0,0,0,0,106,2026-02-03 08:25:31.472738
CLD,78.77,78.76,78.78,50000000.0,50000000.0,0,0,0,0,106,2026-02-03 08:25:31.472738
GGD,33.73,33.72,33.74,50000000.0,50000000.0,0,0,0,0,106,2026-02-03 08:25:31.472738
PNR,63.44,63.43,63.45,50000000.0,50000000.0,0,0,0,0,106,2026-02-03 08:25:31.472738
FSR,33.79,33.78,33.8,50000000.0,50000000.0,0,0,0,0,106,2026-02-03 08:25:31.472738
ATB,62.16,62.15,62.17,50000000.0,50000000.0,0,0,0,0,106,2026-02-03 08:25:31.472738
SPK,56.97,56.96,56.98,50000000.0,50000000.0,0,0,0,0,106,2026-02-03 08:25:31.472738
EEC,50.23,50.22,50.24,50000000.0,50000000.0,0,0,0,0,106,2026-02-03 08:25:31.472738
TGX,44.37,44.36,44.38,50000000.0,50000000.0,0,0,0,0,107,2026-02-03 08:25:32.507764
PHR,51.54,51.53,51.55,50000000.0,50000000.0,0,0,0,0,107,2026-02-03 08:25:32.507764
BYL,47.47,47.46,47.48,50000000.0,50000000.0,0,0,0,0,107,2026-02-03 08:25:32.507764
CLD,78.4,78.39,78.41,50000000.0,50000000.0,0,0,0,0,107,2026-02-03 08:25:32.507764
GGD,33.7,33.69,33.71,50000000.0,50000000.0,0,0,0,0,107,2026-02-03 08:25:32.507764
PNR,63.49,63.48,63.5,50000000.0,50000000.0,0,0,0,0,107,2026-02-03 08:25:32.507764
FSR,34.38,34.37,34.39,50000000.0,50000000.0,0,0,0,0,107,2026-02-03 08:25:32.507764
ATB,62.42,62.41,62.43,50000000.0,50000000.0,0,0,0,0,107,2026-02-03 08:25:32.507764
SPK,57.09,57.08,57.1,50000000.0,50000000.0,0,0,0,0,107,2026-02-03 08:25:32.507764
EEC,50.36,50.35,50.37,50000000.0,50000000.0,0,0,0,0,107,2026-02-03 08:25:32.507764
TGX,44.38,44.37,44.39,50000000.0,50000000.0,0,0,0,0,108,2026-02-03 08:25:33.539687
PHR,51.83,51.82,51.84,50000000.0,50000000.0,0,0,0,0,108,2026-02-03 08:25:33.539687
BYL,47.35,47.34,47.36,50000000.0,50000000.0,0,0,0,0,108,2026-02-03 08:25:33.539687
CLD,78.28,78.27,78.29,50000000.0,50000000.0,0,0,0,0,108,2026-02-03 08:25:33.539687
GGD,33.69,33.68,33.7,50000000.0,50000000.0,0,0,0,0,108,2026-02-03 08:25:33.539687
PNR,63.6,63.59,63.61,50000000.0,50000000.0,0,0,0,0,108,2026-02-03 08:25:33.539687
FSR,34.39,34.38,34.4,50000000.0,50000000.0,0,0,0,0,108,2026-02-03 08:25:33.539687
ATB,62.65,62.64,62.66,50000000.0,50000000.0,0,0,0,0,108,2026-02-03 08:25:33.539687
SPK,57.28,57.27,57.29,50000000.0,50000000.0,0,0,0,0,108,2026-02-03 08:25:33.539687
EEC,50.55,50.54,50.56,50000000.0,50000000.0,0,0,0,0,108,2026-02-03 08:25:33.539687
TGX,44.41,44.4,44.42,50000000.0,50000000.0,0,0,0,0,109,2026-02-03 08:25:34.570099
PHR,51.81,51.8,51.82,50000000.0,50000000.0,0,0,0,0,109,2026-02-03 08:25:34.570099
BYL,47.25,47.24,47.26,50000000.0,50000000.0,0,0,0,0,109,2026-02-03 08:25:34.570099
CLD,78.14,78.13,78.15,50000000.0,50000000.0,0,0,0,0,109,2026-02-03 08:25:34.570099
GGD,33.65,33.64,33.66,50000000.0,50000000.0,0,0,0,0,109,2026-02-03 08:25:34.570099
PNR,63.45,63.44,63.46,50000000.0,50000000.0,0,0,0,0,109,2026-02-03 08:25:34.570099
FSR,34.46,34.45,34.47,50000000.0,50000000.0,0,0,0,0,109,2026-02-03 08:25:34.570099
ATB,62.8,62.79,62.81,50000000.0,50000000.0,0,0,0,0,109,2026-02-03 08:25:34.570099
SPK,57.38,57.37,57.39,50000000.0,50000000.0,0,0,0,0,109,2026-02-03 08:25:34.570099
EEC,50.73,50.72,50.74,50000000.0,50000000.0,0,0,0,0,109,2026-02-03 08:25:34.570099
TGX,44.39,44.38,44.4,50000000.0,50000000.0,0,0,0,0,110,2026-02-03 08:25:35.599126
PHR,51.62,51.61,51.63,50000000.0,50000000.0,0,0,0,0,110,2026-02-03 08:25:35.599126
BYL,47.27,47.26,47.28,50000000.0,50000000.0,0,0,0,0,110,2026-02-03 08:25:35.599126
CLD,78.08,78.07,78.09,50000000.0,50000000.0,0,0,0,0,110,2026-02-03 08:25:35.599126
GGD,33.64,33.63,33.65,50000000.0,50000000.0,0,0,0,0,110,2026-02-03 08:25:35.599126
PNR,63.17,63.16,63.18,50000000.0,50000000.0,0,0,0,0,110,2026-02-03 08:25:35.599126
FSR,34.45,34.44,34.46,50000000.0,50000000.0,0,0,0,0,110,2026-02-03 08:25:35.599126
ATB,62.73,62.72,62.74,50000000.0,50000000.0,0,0,0,0,110,2026-02-03 08:25:35.599126
SPK,57.26,57.25,57.27,50000000.0,50000000.0,0,0,0,0,110,2026-02-03 08:25:35.599126
EEC,50.55,50.54,50.56,50000000.0,50000000.0,0,0,0,0,110,2026-02-03 08:25:35.599126
TGX,44.37,44.36,44.38,50000000.0,50000000.0,0,0,0,0,111,2026-02-03 08:25:36.628494
PHR,51.24,51.23,51.25,50000000.0,50000000.0,0,0,0,0,111,2026-02-03 08:25:36.628494
BYL,47.25,47.24,47.26,50000000.0,50000000.0,0,0,0,0,111,2026-02-03 08:25:36.628494
CLD,78.09,78.08,78.1,50000000.0,50000000.0,0,0,0,0,111,2026-02-03 08:25:36.628494
GGD,33.64,33.63,33.65,50000000.0,50000000.0,0,0,0,0,111,2026-02-03 08:25:36.628494
PNR,62.97,62.96,62.98,50000000.0,50000000.0,0,0,0,0,111,2026-02-03 08:25:36.628494
FSR,34.38,34.37,34.39,50000000.0,50000000.0,0,0,0,0,111,2026-02-03 08:25:36.628494
ATB,62.78,62.77,62.79,50000000.0,50000000.0,0,0,0,0,111,2026-02-03 08:25:36.628494
SPK,57.31,57.3,57.32,50000000.0,50000000.0,0,0,0,0,111,2026-02-03 08:25:36.628494
EEC,50.6,50.59,50.61,50000000.0,50000000.0,0,0,0,0,111,2026-02-03 08:25:36.628494
TGX,44.39,44.38,44.4,50000000.0,50000000.0,0,0,0,0,112,2026-02-03 08:25:37.658645,16.0,1.0,111.0,D3-GGD/PNR,Companies Commit to Renewable Investment,PetroNorth pledges $2B incremental investment in renewable infrastructure to address environmental concerns.
PHR,51.25,51.24,51.26,50000000.0,50000000.0,0,0,0,0,112,2026-02-03 08:25:37.658645,,,,,,
BYL,47.12,47.11,47.13,50000000.0,50000000.0,0,0,0,0,112,2026-02-03 08:25:37.658645,,,,,,
CLD,77.78,77.77,77.79,50000000.0,50000000.0,0,0,0,0,112,2026-02-03 08:25:37.658645,,,,,,
GGD,33.65,33.64,33.66,50000000.0,50000000.0,0,0,0,0,112,2026-02-03 08:25:37.658645,,,,,,
PNR,62.87,62.86,62.88,50000000.0,50000000.0,0,0,0,0,112,2026-02-03 08:25:37.658645,,,,,,
FSR,34.39,34.38,34.4,50000000.0,50000000.0,0,0,0,0,112,2026-02-03 08:25:37.658645,,,,,,
ATB,62.78,62.77,62.79,50000000.0,50000000.0,0,0,0,0,112,2026-02-03 08:25:37.658645,,,,,,
SPK,57.43,57.42,57.44,50000000.0,50000000.0,0,0,0,0,112,2026-02-03 08:25:37.658645,,,,,,
EEC,50.81,50.8,50.82,50000000.0,50000000.0,0,0,0,0,112,2026-02-03 08:25:37.658645,,,,,,
TGX,44.32,44.31,44.33,50000000.0,50000000.0,0,0,0,0,113,2026-02-03 08:25:38.692927
PHR,51.02,51.01,51.03,50000000.0,50000000.0,0,0,0,0,113,2026-02-03 08:25:38.692927
BYL,47.14,47.13,47.15,50000000.0,50000000.0,0,0,0,0,113,2026-02-03 08:25:38.692927
CLD,77.88,77.87,77.89,50000000.0,50000000.0,0,0,0,0,113,2026-02-03 08:25:38.692927
GGD,33.66,33.65,33.67,50000000.0,50000000.0,0,0,0,0,113,2026-02-03 08:25:38.692927
PNR,62.91,62.9,62.92,50000000.0,50000000.0,0,0,0,0,113,2026-02-03 08:25:38.692927
FSR,34.43,34.42,34.44,50000000.0,50000000.0,0,0,0,0,113,2026-02-03 08:25:38.692927
ATB,62.71,62.7,62.72,50000000.0,50000000.0,0,0,0,0,113,2026-02-03 08:25:38.692927
SPK,57.3,57.29,57.31,50000000.0,50000000.0,0,0,0,0,113,2026-02-03 08:25:38.692927
EEC,50.63,50.62,50.64,50000000.0,50000000.0,0,0,0,0,113,2026-02-03 08:25:38.692927
TGX,44.33,44.32,44.34,50000000.0,50000000.0,0,0,0,0,114,2026-02-03 08:25:39.723201
PHR,50.88,50.87,50.89,50000000.0,50000000.0,0,0,0,0,114,2026-02-03 08:25:39.723201
BYL,47.25,47.24,47.26,50000000.0,50000000.0,0,0,0,0,114,2026-02-03 08:25:39.723201
CLD,78.1,78.09,78.11,50000000.0,50000000.0,0,0,0,0,114,2026-02-03 08:25:39.723201
GGD,33.65,33.64,33.66,50000000.0,50000000.0,0,0,0,0,114,2026-02-03 08:25:39.723201
PNR,63.01,63.0,63.02,50000000.0,50000000.0,0,0,0,0,114,2026-02-03 08:25:39.723201
FSR,34.43,34.42,34.44,50000000.0,50000000.0,0,0,0,0,114,2026-02-03 08:25:39.723201
ATB,62.62,62.61,62.63,50000000.0,50000000.0,0,0,0,0,114,2026-02-03 08:25:39.723201
SPK,57.56,57.55,57.57,50000000.0,50000000.0,0,0,0,0,114,2026-02-03 08:25:39.723201
EEC,51.05,51.04,51.06,50000000.0,50000000.0,0,0,0,0,114,2026-02-03 08:25:39.723201
TGX,44.35,44.34,44.36,50000000.0,50000000.0,0,0,0,0,115,2026-02-03 08:25:40.756961
PHR,51.01,51.0,51.02,50000000.0,50000000.0,0,0,0,0,115,2026-02-03 08:25:40.756961
BYL,47.24,47.23,47.25,50000000.0,50000000.0,0,0,0,0,115,2026-02-03 08:25:40.756961
CLD,78.1,78.09,78.11,50000000.0,50000000.0,0,0,0,0,115,2026-02-03 08:25:40.756961
GGD,33.62,33.61,33.63,50000000.0,50000000.0,0,0,0,0,115,2026-02-03 08:25:40.756961
PNR,62.94,62.93,62.95,50000000.0,50000000.0,0,0,0,0,115,2026-02-03 08:25:40.756961
FSR,34.38,34.37,34.39,50000000.0,50000000.0,0,0,0,0,115,2026-02-03 08:25:40.756961
ATB,62.34,62.33,62.35,50000000.0,50000000.0,0,0,0,0,115,2026-02-03 08:25:40.756961
SPK,57.67,57.66,57.68,50000000.0,50000000.0,0,0,0,0,115,2026-02-03 08:25:40.756961
EEC,51.15,51.14,51.16,50000000.0,50000000.0,0,0,0,0,115,2026-02-03 08:25:40.756961
TGX,44.33,44.32,44.34,50000000.0,50000000.0,0,0,0,0,116,2026-02-03 08:25:41.285132
PHR,51.01,51.0,51.02,50000000.0,50000000.0,0,0,0,0,116,2026-02-03 08:25:41.285132
BYL,47.41,47.4,47.42,50000000.0,50000000.0,0,0,0,0,116,2026-02-03 08:25:41.285132
CLD,78.43,78.42,78.44,50000000.0,50000000.0,0,0,0,0,116,2026-02-03 08:25:41.285132
GGD,33.61,33.6,33.62,50000000.0,50000000.0,0,0,0,0,116,2026-02-03 08:25:41.285132
PNR,62.88,62.87,62.89,50000000.0,50000000.0,0,0,0,0,116,2026-02-03 08:25:41.285132
FSR,34.4,34.39,34.41,50000000.0,50000000.0,0,0,0,0,116,2026-02-03 08:25:41.285132
ATB,62.35,62.34,62.36,50000000.0,50000000.0,0,0,0,0,116,2026-02-03 08:25:41.285132
SPK,57.64,57.63,57.65,50000000.0,50000000.0,0,0,0,0,116,2026-02-03 08:25:41.285132
EEC,51.15,51.14,51.16,50000000.0,50000000.0,0,0,0,0,116,2026-02-03 08:25:41.285132
TGX,44.32,44.31,44.33,50000000.0,50000000.0,0,0,0,0,117,2026-02-03 08:25:42.313527
PHR,51.2,51.19,51.21,50000000.0,50000000.0,0,0,0,0,117,2026-02-03 08:25:42.313527
BYL,47.51,47.5,47.52,50000000.0,50000000.0,0,0,0,0,117,2026-02-03 08:25:42.313527
CLD,78.68,78.67,78.69,50000000.0,50000000.0,0,0,0,0,117,2026-02-03 08:25:42.313527
GGD,33.57,33.56,33.58,50000000.0,50000000.0,0,0,0,0,117,2026-02-03 08:25:42.313527
PNR,62.89,62.88,62.9,50000000.0,50000000.0,0,0,0,0,117,2026-02-03 08:25:42.313527
