ticker,last_price,bid_price,ask_price,BUY_ZUAI-5,BUY_ZUAI-2,SELL_ZUAI-5,BUY_ANON,SELL_ANON,SELL_WRSW-6,BUY_WRSW-6,tick,timestamp
TGX,0.0,0.0,0.0,0,0,0,0,0,0,0,0,2026-02-03 12:56:05.636350
PHR,0.0,0.0,0.0,0,0,0,0,0,0,0,0,2026-02-03 12:56:05.636350
BYL,0.0,0.0,0.0,0,0,0,0,0,0,0,0,2026-02-03 12:56:05.636350
CLD,0.0,0.0,0.0,0,0,0,0,0,0,0,0,2026-02-03 12:56:05.636350
GGD,0.0,0.0,0.0,0,0,0,0,0,0,0,0,2026-02-03 12:56:05.636350
PNR,0.0,0.0,0.0,0,0,0,0,0,0,0,0,2026-02-03 12:56:05.636350
FSR,0.0,0.0,0.0,0,0,0,0,0,0,0,0,2026-02-03 12:56:05.636350
ATB,0.0,0.0,0.0,0,0,0,0,0,0,0,0,2026-02-03 12:56:05.636350
SPK,0.0,0.0,0.0,0,0,0,0,0,0,0,0,2026-02-03 12:56:05.636350
EEC,0.0,0.0,0.0,0,0,0,0,0,0,0,0,2026-02-03 12:56:05.636350
TGX,43.7,0.0,0.0,50000000.0,50000000.0,0,0,0,0,0,1,2026-02-03 12:56:06.682523,1.0,1.0,1.0,,Welcome to the RITC 2026 Merger Arbitrage Case - practice server,Good Luck!
PHR,47.5,0.0,0.0,50000000.0,50000000.0,0,0,0,0,0,1,2026-02-03 12:56:06.682523,,,,,,
BYL,43.51,0.0,0.0,50000000.0,50000000.0,0,0,0,0,0,1,2026-02-03 12:56:06.682523,,,,,,
CLD,79.3,0.0,0.0,50000000.0,50000000.0,0,0,0,0,0,1,2026-02-03 12:56:06.682523,,,,,,
GGD,31.57,0.0,0.0,50000000.0,50000000.0,0,0,0,0,0,1,2026-02-03 12:56:06.682523,,,,,,
PNR,59.8,0.0,0.0,50000000.0,50000000.0,0,0,0,0,0,1,2026-02-03 12:56:06.682523,,,,,,
FSR,30.52,0.0,0.0,50000000.0,50000000.0,0,0,0,0,0,1,2026-02-03 12:56:06.682523,,,,,,
ATB,62.2,0.0,0.0,50000000.0,50000000.0,0,0,0,0,0,1,2026-02-03 12:56:06.682523,,,,,,
SPK,52.83,0.0,0.0,50000000.0,50000000.0,0,0,0,0,0,1,2026-02-03 12:56:06.682523,,,,,,
EEC,48.0,0.0,0.0,50000000.0,50000000.0,0,0,0,0,0,1,2026-02-03 12:56:06.682523,,,,,,
TGX,43.62,43.61,43.63,50000000.0,50000000.0,0,0,0,0,0,2,2026-02-03 12:56:07.739316
PHR,47.63,47.62,47.64,50000000.0,50000000.0,0,0,0,0,0,2,2026-02-03 12:56:07.739316
BYL,43.36,43.35,43.37,50000000.0,50000000.0,0,0,0,0,0,2,2026-02-03 12:56:07.739316
CLD,78.85,78.84,78.86,50000000.0,50000000.0,0,0,0,0,0,2,2026-02-03 12:56:07.739316
GGD,31.48,31.47,31.49,50000000.0,50000000.0,0,0,0,0,0,2,2026-02-03 12:56:07.739316
PNR,59.85,59.84,59.86,50000000.0,50000000.0,0,0,0,0,0,2,2026-02-03 12:56:07.739316
FSR,30.53,30.52,30.54,50000000.0,50000000.0,0,0,0,0,0,2,2026-02-03 12:56:07.739316
ATB,62.29,62.28,62.3,50000000.0,50000000.0,0,0,0,0,0,2,2026-02-03 12:56:07.739316
SPK,53.01,53.0,53.02,50000000.0,50000000.0,0,0,0,0,0,2,2026-02-03 12:56:07.739316
EEC,48.35,48.34,48.36,50000000.0,50000000.0,0,0,0,0,0,2,2026-02-03 12:56:07.739316
TGX,43.7,43.69,43.71,50000000.0,50000000.0,0,0,0,0,0,3,2026-02-03 12:56:08.800842
PHR,47.4,47.39,47.41,50000000.0,50000000.0,0,0,0,0,0,3,2026-02-03 12:56:08.800842
BYL,43.19,43.18,43.2,50000000.0,50000000.0,0,0,0,0,0,3,2026-02-03 12:56:08.800842
CLD,78.35,78.34,78.36,50000000.0,50000000.0,0,0,0,0,0,3,2026-02-03 12:56:08.800842
GGD,31.45,31.44,31.46,50000000.0,50000000.0,0,0,0,0,0,3,2026-02-03 12:56:08.800842
PNR,59.65,59.64,59.66,50000000.0,50000000.0,0,0,0,0,0,3,2026-02-03 12:56:08.800842
FSR,30.53,30.52,30.54,50000000.0,50000000.0,0,0,0,0,0,3,2026-02-03 12:56:08.800842
ATB,62.28,62.27,62.29,50000000.0,50000000.0,0,0,0,0,0,3,2026-02-03 12:56:08.800842
SPK,53.13,53.12,53.14,50000000.0,50000000.0,0,0,0,0,0,3,2026-02-03 12:56:08.800842
EEC,48.5,48.49,48.51,50000000.0,50000000.0,0,0,0,0,0,3,2026-02-03 12:56:08.800842
TGX,43.71,43.7,43.72,50000000.0,50000000.0,0,0,0,0,0,4,2026-02-03 12:56:09.362607
PHR,47.25,47.24,47.26,50000000.0,50000000.0,0,0,0,0,0,4,2026-02-03 12:56:09.362607
BYL,43.35,43.34,43.36,50000000.0,50000000.0,0,0,0,0,0,4,2026-02-03 12:56:09.362607
CLD,78.73,78.72,78.74,50000000.0,50000000.0,0,0,0,0,0,4,2026-02-03 12:56:09.362607
GGD,31.46,31.45,31.47,50000000.0,50000000.0,0,0,0,0,0,4,2026-02-03 12:56:09.362607
PNR,59.54,59.53,59.55,50000000.0,50000000.0,0,0,0,0,0,4,2026-02-03 12:56:09.362607
FSR,30.51,30.5,30.52,50000000.0,50000000.0,0,0,0,0,0,4,2026-02-03 12:56:09.362607
ATB,62.48,62.47,62.49,50000000.0,50000000.0,0,0,0,0,0,4,2026-02-03 12:56:09.362607
SPK,52.86,52.85,52.87,50000000.0,50000000.0,0,0,0,0,0,4,2026-02-03 12:56:09.362607
EEC,48.02,48.01,48.03,50000000.0,50000000.0,0,0,0,0,0,4,2026-02-03 12:56:09.362607
TGX,43.7,43.69,43.71,50000000.0,50000000.0,0,0,0,0,0,5,2026-02-03 12:56:10.399382
PHR,47.38,47.37,47.39,50000000.0,50000000.0,0,0,0,0,0,5,2026-02-03 12:56:10.399382
BYL,43.14,43.13,43.15,50000000.0,50000000.0,0,0,0,0,0,5,2026-02-03 12:56:10.399382
CLD,78.17,78.16,78.18,50000000.0,50000000.0,0,0,0,0,0,5,2026-02-03 12:56:10.399382
GGD,31.55,31.54,31.56,50000000.0,50000000.0,0,0,0,0,0,5,2026-02-03 12:56:10.399382
PNR,59.8,59.79,59.81,50000000.0,50000000.0,0,0,0,0,0,5,2026-02-03 12:56:10.399382
FSR,30.53,30.52,30.54,50000000.0,50000000.0,0,0,0,0,0,5,2026-02-03 12:56:10.399382
ATB,62.43,62.42,62.44,50000000.0,50000000.0,0,0,0,0,0,5,2026-02-03 12:56:10.399382
SPK,52.68,52.67,52.69,50000000.0,50000000.0,0,0,0,0,0,5,2026-02-03 12:56:10.399382
EEC,47.73,47.72,47.74,50000000.0,50000000.0,0,0,0,0,0,5,2026-02-03 12:56:10.399382
TGX,43.7,43.69,43.71,50000000.0,50000000.0,0,0,0,0,0,6,2026-02-03 12:56:11.441626
PHR,47.5,47.49,47.51,50000000.0,50000000.0,0,0,0,0,0,6,2026-02-03 12:56:11.441626
BYL,43.17,43.16,43.18,50000000.0,50000000.0,0,0,0,0,0,6,2026-02-03 12:56:11.441626
CLD,78.21,78.2,78.22,50000000.0,50000000.0,0,0,0,0,0,6,2026-02-03 12:56:11.441626
GGD,31.48,31.47,31.49,50000000.0,50000000.0,0,0,0,0,0,6,2026-02-03 12:56:11.441626
PNR,59.6,59.59,59.61,50000000.0,50000000.0,0,0,0,0,0,6,2026-02-03 12:56:11.441626
FSR,30.5,30.49,30.51,50000000.0,50000000.0,0,0,0,0,0,6,2026-02-03 12:56:11.441626
ATB,62.28,62.27,62.29,50000000.0,50000000.0,0,0,0,0,0,6,2026-02-03 12:56:11.441626
SPK,52.77,52.76,52.78,50000000.0,50000000.0,0,0,0,0,0,6,2026-02-03 12:56:11.441626
EEC,47.91,47.9,47.92,50000000.0,50000000.0,0,0,0,0,0,6,2026-02-03 12:56:11.441626
TGX,43.75,43.74,43.76,50000000.0,50000000.0,0,0,0,0,0,7,2026-02-03 12:56:12.487523
PHR,47.09,47.08,47.1,50000000.0,50000000.0,0,0,0,0,0,7,2026-02-03 12:56:12.487523
BYL,43.31,43.3,43.32,50000000.0,50000000.0,0,0,0,0,0,7,2026-02-03 12:56:12.487523
CLD,78.67,78.66,78.68,50000000.0,50000000.0,0,0,0,0,0,7,2026-02-03 12:56:12.487523
GGD,31.43,31.42,31.44,50000000.0,50000000.0,0,0,0,0,0,7,2026-02-03 12:56:12.487523
PNR,59.59,59.58,59.6,50000000.0,50000000.0,0,0,0,0,0,7,2026-02-03 12:56:12.487523
FSR,30.53,30.52,30.54,50000000.0,50000000.0,0,0,0,0,0,7,2026-02-03 12:56:12.487523
ATB,62.24,62.23,62.25,50000000.0,50000000.0,0,0,0,0,0,7,2026-02-03 12:56:12.487523
SPK,52.47,52.46,52.48,50000000.0,50000000.0,0,0,0,0,0,7,2026-02-03 12:56:12.487523
EEC,47.42,47.41,47.43,50000000.0,50000000.0,0,0,0,0,0,7,2026-02-03 12:56:12.487523
TGX,43.73,43.72,43.74,50000000.0,50000000.0,0,0,0,0,0,8,2026-02-03 12:56:13.533371
PHR,47.51,47.5,47.52,50000000.0,50000000.0,0,0,0,0,0,8,2026-02-03 12:56:13.533371
BYL,43.15,43.14,43.16,50000000.0,50000000.0,0,0,0,0,0,8,2026-02-03 12:56:13.533371
CLD,78.31,78.3,78.32,50000000.0,50000000.0,0,0,0,0,0,8,2026-02-03 12:56:13.533371
GGD,31.47,31.46,31.48,50000000.0,50000000.0,0,0,0,0,0,8,2026-02-03 12:56:13.533371
PNR,59.63,59.62,59.64,50000000.0,50000000.0,0,0,0,0,0,8,2026-02-03 12:56:13.533371
FSR,30.5,30.49,30.51,50000000.0,50000000.0,0,0,0,0,0,8,2026-02-03 12:56:13.533371
ATB,62.22,62.21,62.23,50000000.0,50000000.0,0,0,0,0,0,8,2026-02-03 12:56:13.533371
SPK,52.45,52.44,52.46,50000000.0,50000000.0,0,0,0,0,0,8,2026-02-03 12:56:13.533371
EEC,47.41,47.4,47.42,50000000.0,50000000.0,0,0,0,0,0,8,2026-02-03 12:56:13.533371
TGX,43.67,43.66,43.68,50000000.0,50000000.0,0,0,0,0,0,9,2026-02-03 12:56:14.576922
PHR,47.59,47.58,47.6,50000000.0,50000000.0,0,0,0,0,0,9,2026-02-03 12:56:14.576922
BYL,43.23,43.22,43.24,50000000.0,50000000.0,0,0,0,0,0,9,2026-02-03 12:56:14.576922
CLD,78.57,78.56,78.58,50000000.0,50000000.0,0,0,0,0,0,9,2026-02-03 12:56:14.576922
GGD,31.48,31.47,31.49,50000000.0,50000000.0,0,0,0,0,0,9,2026-02-03 12:56:14.576922
PNR,59.32,59.31,59.33,50000000.0,50000000.0,0,0,0,0,0,9,2026-02-03 12:56:14.576922
FSR,30.5,30.49,30.51,50000000.0,50000000.0,0,0,0,0,0,9,2026-02-03 12:56:14.576922
ATB,62.3,62.29,62.31,50000000.0,50000000.0,0,0,0,0,0,9,2026-02-03 12:56:14.576922
SPK,52.47,52.46,52.48,50000000.0,50000000.0,0,0,0,0,0,9,2026-02-03 12:56:14.576922
EEC,47.42,47.41,47.43,50000000.0,50000000.0,0,0,0,0,0,9,2026-02-03 12:56:14.576922
TGX,43.64,43.63,43.65,50000000.0,50000000.0,0,0,0,0,0,10,2026-02-03 12:56:15.626245
PHR,47.35,47.34,47.36,50000000.0,50000000.0,0,0,0,0,0,10,2026-02-03 12:56:15.626245
BYL,43.08,43.07,43.09,50000000.0,50000000.0,0,0,0,0,0,10,2026-02-03 12:56:15.626245
CLD,78.32,78.31,78.33,50000000.0,50000000.0,0,0,0,0,0,10,2026-02-03 12:56:15.626245
GGD,31.46,31.45,31.47,50000000.0,50000000.0,0,0,0,0,0,10,2026-02-03 12:56:15.626245
PNR,59.33,59.32,59.34,50000000.0,50000000.0,0,0,0,0,0,10,2026-02-03 12:56:15.626245
FSR,30.49,30.48,30.5,50000000.0,50000000.0,0,0,0,0,0,10,2026-02-03 12:56:15.626245
ATB,62.59,62.58,62.6,50000000.0,50000000.0,0,0,0,0,0,10,2026-02-03 12:56:15.626245
SPK,52.43,52.42,52.44,50000000.0,50000000.0,0,0,0,0,0,10,2026-02-03 12:56:15.626245
EEC,47.33,47.32,47.34,50000000.0,50000000.0,0,0,0,0,0,10,2026-02-03 12:56:15.626245
TGX,43.71,43.7,43.72,50000000.0,50000000.0,0,0,0,0,0,11,2026-02-03 12:56:16.666527
PHR,47.37,47.36,47.38,50000000.0,50000000.0,0,0,0,0,0,11,2026-02-03 12:56:16.666527
BYL,43.07,43.06,43.08,50000000.0,50000000.0,0,0,0,0,0,11,2026-02-03 12:56:16.666527
CLD,78.18,78.17,78.19,50000000.0,50000000.0,0,0,0,0,0,11,2026-02-03 12:56:16.666527
GGD,31.52,31.51,31.53,50000000.0,50000000.0,0,0,0,0,0,11,2026-02-03 12:56:16.666527
PNR,59.35,59.34,59.36,50000000.0,50000000.0,0,0,0,0,0,11,2026-02-03 12:56:16.666527
FSR,30.53,30.52,30.54,50000000.0,50000000.0,0,0,0,0,0,11,2026-02-03 12:56:16.666527
ATB,62.73,62.72,62.74,50000000.0,50000000.0,0,0,0,0,0,11,2026-02-03 12:56:16.666527
SPK,52.5,52.49,52.51,50000000.0,50000000.0,0,0,0,0,0,11,2026-02-03 12:56:16.666527
EEC,47.49,47.48,47.5,50000000.0,50000000.0,0,0,0,0,0,11,2026-02-03 12:56:16.666527
TGX,43.72,43.71,43.73,50000000.0,50000000.0,0,0,0,0,0,12,2026-02-03 12:56:17.701499
PHR,47.57,47.56,47.58,50000000.0,50000000.0,0,0,0,0,0,12,2026-02-03 12:56:17.701499
BYL,42.95,42.94,42.96,50000000.0,50000000.0,0,0,0,0,0,12,2026-02-03 12:56:17.701499
CLD,77.78,77.77,77.79,50000000.0,50000000.0,0,0,0,0,0,12,2026-02-03 12:56:17.701499
GGD,31.5,31.49,31.51,50000000.0,50000000.0,0,0,0,0,0,12,2026-02-03 12:56:17.701499
PNR,59.29,59.28,59.3,50000000.0,50000000.0,0,0,0,0,0,12,2026-02-03 12:56:17.701499
FSR,30.55,30.54,30.56,50000000.0,50000000.0,0,0,0,0,0,12,2026-02-03 12:56:17.701499
ATB,62.81,62.8,62.82,50000000.0,50000000.0,0,0,0,0,0,12,2026-02-03 12:56:17.701499
SPK,52.27,52.26,52.28,50000000.0,50000000.0,0,0,0,0,0,12,2026-02-03 12:56:17.701499
EEC,46.99,46.98,47.0,50000000.0,50000000.0,0,0,0,0,0,12,2026-02-03 12:56:17.701499
TGX,43.73,43.72,43.74,50000000.0,50000000.0,0,0,0,0,0,13,2026-02-03 12:56:18.742604
PHR,47.78,47.77,47.79,50000000.0,50000000.0,0,0,0,0,0,13,2026-02-03 12:56:18.742604
BYL,42.98,42.97,42.99,50000000.0,50000000.0,0,0,0,0,0,13,2026-02-03 12:56:18.742604
CLD,77.85,77.84,77.86,50000000.0,50000000.0,0,0,0,0,0,13,2026-02-03 12:56:18.742604
GGD,31.42,31.41,31.43,50000000.0,50000000.0,0,0,0,0,0,13,2026-02-03 12:56:18.742604
PNR,59.11,59.1,59.12,50000000.0,50000000.0,0,0,0,0,0,13,2026-02-03 12:56:18.742604
FSR,30.51,30.5,30.52,50000000.0,50000000.0,0,0,0,0,0,13,2026-02-03 12:56:18.742604
ATB,62.72,62.71,62.73,50000000.0,50000000.0,0,0,0,0,0,13,2026-02-03 12:56:18.742604
SPK,51.94,51.93,51.95,50000000.0,50000000.0,0,0,0,0,0,13,2026-02-03 12:56:18.742604
EEC,46.46,46.45,46.47,50000000.0,50000000.0,0,0,0,0,0,13,2026-02-03 12:56:18.742604
TGX,43.68,43.67,43.69,50000000.0,50000000.0,0,0,0,0,0,14,2026-02-03 12:56:19.775239
PHR,47.77,47.76,47.78,50000000.0,50000000.0,0,0,0,0,0,14,2026-02-03 12:56:19.775239
BYL,42.94,42.93,42.95,50000000.0,50000000.0,0,0,0,0,0,14,2026-02-03 12:56:19.775239
CLD,77.68,77.67,77.69,50000000.0,50000000.0,0,0,0,0,0,14,2026-02-03 12:56:19.775239
GGD,31.42,31.41,31.43,50000000.0,50000000.0,0,0,0,0,0,14,2026-02-03 12:56:19.775239
PNR,59.13,59.12,59.14,50000000.0,50000000.0,0,0,0,0,0,14,2026-02-03 12:56:19.775239
FSR,30.51,30.5,30.52,50000000.0,50000000.0,0,0,0,0,0,14,2026-02-03 12:56:19.775239
ATB,62.88,62.87,62.89,50000000.0,50000000.0,0,0,0,0,0,14,2026-02-03 12:56:19.775239
SPK,51.88,51.87,51.89,50000000.0,50000000.0,0,0,0,0,0,14,2026-02-03 12:56:19.775239
EEC,46.4,46.39,46.41,50000000.0,50000000.0,0,0,0,0,0,14,2026-02-03 12:56:19.775239
TGX,43.64,43.63,43.65,50000000.0,50000000.0,0,0,0,0,0,15,2026-02-03 12:56:20.809275
PHR,48.06,48.05,48.07,50000000.0,50000000.0,0,0,0,0,0,15,2026-02-03 12:56:20.809275
BYL,42.83,42.82,42.84,50000000.0,50000000.0,0,0,0,0,0,15,2026-02-03 12:56:20.809275
CLD,77.43,77.42,77.44,50000000.0,50000000.0,0,0,0,0,0,15,2026-02-03 12:56:20.809275
GGD,31.46,31.45,31.47,50000000.0,50000000.0,0,0,0,0,0,15,2026-02-03 12:56:20.809275
PNR,59.18,59.17,59.19,50000000.0,50000000.0,0,0,0,0,0,15,2026-02-03 12:56:20.809275
FSR,30.51,30.5,30.52,50000000.0,50000000.0,0,0,0,0,0,15,2026-02-03 12:56:20.809275
ATB,62.99,62.98,63.0,50000000.0,50000000.0,0,0,0,0,0,15,2026-02-03 12:56:20.809275
SPK,51.81,51.8,51.82,50000000.0,50000000.0,0,0,0,0,0,15,2026-02-03 12:56:20.809275
EEC,46.31,46.3,46.32,50000000.0,50000000.0,0,0,0,0,0,15,2026-02-03 12:56:20.809275
TGX,43.63,43.62,43.64,50000000.0,50000000.0,0,0,0,0,0,16,2026-02-03 12:56:21.855899
PHR,47.85,47.84,47.86,50000000.0,50000000.0,0,0,0,0,0,16,2026-02-03 12:56:21.855899
BYL,42.83,42.82,42.84,50000000.0,50000000.0,0,0,0,0,0,16,2026-02-03 12:56:21.855899
CLD,77.51,77.5,77.52,50000000.0,50000000.0,0,0,0,0,0,16,2026-02-03 12:56:21.855899
GGD,31.47,31.46,31.48,50000000.0,50000000.0,0,0,0,0,0,16,2026-02-03 12:56:21.855899
PNR,59.28,59.27,59.29,50000000.0,50000000.0,0,0,0,0,0,16,2026-02-03 12:56:21.855899
FSR,30.57,30.56,30.58,50000000.0,50000000.0,0,0,0,0,0,16,2026-02-03 12:56:21.855899
ATB,62.86,62.85,62.87,50000000.0,50000000.0,0,0,0,0,0,16,2026-02-03 12:56:21.855899
SPK,51.92,51.91,51.93,50000000.0,50000000.0,0,0,0,0,0,16,2026-02-03 12:56:21.855899
EEC,46.47,46.46,46.48,50000000.0,50000000.0,0,0,0,0,0,16,2026-02-03 12:56:21.855899
TGX,43.62,43.61,43.63,50000000.0,50000000.0,0,0,0,0,0,17,2026-02-03 12:56:22.398614
PHR,48.1,48.09,48.11,50000000.0,50000000.0,0,0,0,0,0,17,2026-02-03 12:56:22.398614
BYL,42.69,42.68,42.7,50000000.0,50000000.0,0,0,0,0,0,17,2026-02-03 12:56:22.398614
CLD,77.14,77.13,77.15,50000000.0,50000000.0,0,0,0,0,0,17,2026-02-03 12:56:22.398614
GGD,31.5,31.49,31.51,50000000.0,50000000.0,0,0,0,0,0,17,2026-02-03 12:56:22.398614
PNR,59.36,59.35,59.37,50000000.0,50000000.0,0,0,0,0,0,17,2026-02-03 12:56:22.398614
FSR,30.61,30.6,30.62,50000000.0,50000000.0,0,0,0,0,0,17,2026-02-03 12:56:22.398614
ATB,62.75,62.74,62.76,50000000.0,50000000.0,0,0,0,0,0,17,2026-02-03 12:56:22.398614
SPK,51.93,51.92,51.94,50000000.0,50000000.0,0,0,0,0,0,17,2026-02-03 12:56:22.398614
EEC,46.51,46.5,46.52,50000000.0,50000000.0,0,0,0,0,0,17,2026-02-03 12:56:22.398614
TGX,43.59,43.58,43.6,50000000.0,50000000.0,0,0,0,0,0,18,2026-02-03 12:56:23.445908
PHR,48.2,48.19,48.21,50000000.0,50000000.0,0,0,0,0,0,18,2026-02-03 12:56:23.445908
BYL,42.58,42.57,42.59,50000000.0,50000000.0,0,0,0,0,0,18,2026-02-03 12:56:23.445908
CLD,77.01,77.0,77.02,50000000.0,50000000.0,0,0,0,0,0,18,2026-02-03 12:56:23.445908
GGD,31.51,31.5,31.52,50000000.0,50000000.0,0,0,0,0,0,18,2026-02-03 12:56:23.445908
PNR,59.31,59.3,59.32,50000000.0,50000000.0,0,0,0,0,0,18,2026-02-03 12:56:23.445908
FSR,30.61,30.6,30.62,50000000.0,50000000.0,0,0,0,0,0,18,2026-02-03 12:56:23.445908
ATB,62.71,62.7,62.72,50000000.0,50000000.0,0,0,0,0,0,18,2026-02-03 12:56:23.445908
SPK,51.9,51.89,51.91,50000000.0,50000000.0,0,0,0,0,0,18,2026-02-03 12:56:23.445908
EEC,46.5,46.49,46.51,50000000.0,50000000.0,0,0,0,0,0,18,2026-02-03 12:56:23.445908
TGX,43.6,43.59,43.61,50000000.0,50000000.0,0,0,0,0,0,19,2026-02-03 12:56:24.491805
PHR,47.78,47.77,47.79,50000000.0,50000000.0,0,0,0,0,0,19,2026-02-03 12:56:24.491805
BYL,42.57,42.56,42.58,50000000.0,50000000.0,0,0,0,0,0,19,2026-02-03 12:56:24.491805
CLD,77.05,77.04,77.06,50000000.0,50000000.0,0,0,0,0,0,19,2026-02-03 12:56:24.491805
GGD,31.5,31.49,31.51,50000000.0,50000000.0,0,0,0,0,0,19,2026-02-03 12:56:24.491805
PNR,59.3,59.29,59.31,50000000.0,50000000.0,0,0,0,0,0,19,2026-02-03 12:56:24.491805
FSR,30.59,30.58,30.6,50000000.0,50000000.0,0,0,0,0,0,19,2026-02-03 12:56:24.491805
ATB,62.79,62.78,62.8,50000000.0,50000000.0,0,0,0,0,0,19,2026-02-03 12:56:24.491805
SPK,51.68,51.67,51.69,50000000.0,50000000.0,0,0,0,0,0,19,2026-02-03 12:56:24.491805
EEC,46.02,46.01,46.03,50000000.0,50000000.0,0,0,0,0,0,19,2026-02-03 12:56:24.491805
TGX,43.6,43.59,43.61,50000000.0,50000000.0,0,0,0,0,0,20,2026-02-03 12:56:25.536030
PHR,47.54,47.53,47.55,50000000.0,50000000.0,0,0,0,0,0,20,2026-02-03 12:56:25.536030
BYL,42.63,42.62,42.64,50000000.0,50000000.0,0,0,0,0,0,20,2026-02-03 12:56:25.536030
CLD,77.21,77.2,77.22,50000000.0,50000000.0,0,0,0,0,0,20,2026-02-03 12:56:25.536030
GGD,31.52,31.51,31.53,50000000.0,50000000.0,0,0,0,0,0,20,2026-02-03 12:56:25.536030
PNR,59.41,59.4,59.42,50000000.0,50000000.0,0,0,0,0,0,20,2026-02-03 12:56:25.536030
FSR,30.56,30.55,30.57,50000000.0,50000000.0,0,0,0,0,0,20,2026-02-03 12:56:25.536030
ATB,62.49,62.48,62.5,50000000.0,50000000.0,0,0,0,0,0,20,2026-02-03 12:56:25.536030
SPK,51.72,51.71,51.73,50000000.0,50000000.0,0,0,0,0,0,20,2026-02-03 12:56:25.536030
EEC,46.11,46.1,46.12,50000000.0,50000000.0,0,0,0,0,0,20,2026-02-03 12:56:25.536030
TGX,43.55,43.54,43.56,50000000.0,50000000.0,0,0,0,0,0,21,2026-02-03 12:56:26.584654
PHR,47.51,47.5,47.52,50000000.0,50000000.0,0,0,0,0,0,21,2026-02-03 12:56:26.584654
BYL,42.76,42.75,42.77,50000000.0,50000000.0,0,0,0,0,0,21,2026-02-03 12:56:26.584654
CLD,77.54,77.53,77.55,50000000.0,50000000.0,0,0,0,0,0,21,2026-02-03 12:56:26.584654
GGD,31.48,31.47,31.49,50000000.0,50000000.0,0,0,0,0,0,21,2026-02-03 12:56:26.584654
PNR,59.49,59.48,59.5,50000000.0,50000000.0,0,0,0,0,0,21,2026-02-03 12:56:26.584654
FSR,30.61,30.6,30.62,50000000.0,50000000.0,0,0,0,0,0,21,2026-02-03 12:56:26.584654
ATB,62.33,62.32,62.34,50000000.0,50000000.0,0,0,0,0,0,21,2026-02-03 12:56:26.584654
SPK,51.85,51.84,51.86,50000000.0,50000000.0,0,0,0,0,0,21,2026-02-03 12:56:26.584654
EEC,46.34,46.33,46.35,50000000.0,50000000.0,0,0,0,0,0,21,2026-02-03 12:56:26.584654
TGX,43.58,43.57,43.59,50000000.0,50000000.0,0,0,0,0,0,22,2026-02-03 12:56:27.623932
PHR,47.59,47.58,47.6,50000000.0,50000000.0,0,0,0,0,0,22,2026-02-03 12:56:27.623932
BYL,42.9,42.89,42.91,50000000.0,50000000.0,0,0,0,0,0,22,2026-02-03 12:56:27.623932
CLD,77.84,77.83,77.85,50000000.0,50000000.0,0,0,0,0,0,22,2026-02-03 12:56:27.623932
GGD,31.44,31.43,31.45,50000000.0,50000000.0,0,0,0,0,0,22,2026-02-03 12:56:27.623932
PNR,59.44,59.43,59.45,50000000.0,50000000.0,0,0,0,0,0,22,2026-02-03 12:56:27.623932
FSR,30.61,30.6,30.62,50000000.0,50000000.0,0,0,0,0,0,22,2026-02-03 12:56:27.623932
ATB,62.34,62.33,62.35,50000000.0,50000000.0,0,0,0,0,0,22,2026-02-03 12:56:27.623932
SPK,51.88,51.87,51.89,50000000.0,50000000.0,0,0,0,0,0,22,2026-02-03 12:56:27.623932
EEC,46.34,46.33,46.35,50000000.0,50000000.0,0,0,0,0,0,22,2026-02-03 12:56:27.623932
TGX,43.55,43.54,43.56,50000000.0,50000000.0,0,0,0,0,0,23,2026-02-03 12:56:28.665836
PHR,47.21,47.2,47.22,50000000.0,50000000.0,0,0,0,0,0,23,2026-02-03 12:56:28.665836
BYL,42.94,42.93,42.95,50000000.0,50000000.0,0,0,0,0,0,23,2026-02-03 12:56:28.665836
CLD,77.91,77.9,77.92,50000000.0,50000000.0,0,0,0,0,0,23,2026-02-03 12:56:28.665836
GGD,31.44,31.43,31.45,50000000.0,50000000.0,0,0,0,0,0,23,2026-02-03 12:56:28.665836
PNR,59.64,59.63,59.65,50000000.0,50000000.0,0,0,0,0,0,23,2026-02-03 12:56:28.665836
FSR,30.61,30.6,30.62,50000000.0,50000000.0,0,0,0,0,0,23,2026-02-03 12:56:28.665836
ATB,61.9,61.89,61.91,50000000.0,50000000.0,0,0,0,0,0,23,2026-02-03 12:56:28.665836
SPK,51.89,51.88,51.9,50000000.0,50000000.0,0,0,0,0,0,23,2026-02-03 12:56:28.665836
EEC,46.33,46.32,46.34,50000000.0,50000000.0,0,0,0,0,0,23,2026-02-03 12:56:28.665836
TGX,43.55,43.54,43.56,50000000.0,50000000.0,0,0,0,0,0,24,2026-02-03 12:56:29.701248
PHR,47.16,47.15,47.17,50000000.0,50000000.0,0,0,0,0,0,24,2026-02-03 12:56:29.701248
BYL,42.94,42.93,42.95,50000000.0,50000000.0,0,0,0,0,0,24,2026-02-03 12:56:29.701248
CLD,77.85,77.84,77.86,50000000.0,50000000.0,0,0,0,0,0,24,2026-02-03 12:56:29.701248
GGD,31.45,31.44,31.46,50000000.0,50000000.0,0,0,0,0,0,24,2026-02-03 12:56:29.701248
PNR,59.77,59.76,59.78,50000000.0,50000000.0,0,0,0,0,0,24,2026-02-03 12:56:29.701248
FSR,30.64,30.63,30.65,50000000.0,50000000.0,0,0,0,0,0,24,2026-02-03 12:56:29.701248
ATB,62.01,62.0,62.02,50000000.0,50000000.0,0,0,0,0,0,24,2026-02-03 12:56:29.701248
SPK,51.88,51.87,51.89,50000000.0,50000000.0,0,0,0,0,0,24,2026-02-03 12:56:29.701248
EEC,46.3,46.29,46.31,50000000.0,50000000.0,0,0,0,0,0,24,2026-02-03 12:56:29.701248
TGX,43.52,43.51,43.53,50000000.0,50000000.0,0,0,0,0,0,25,2026-02-03 12:56:30.738882
PHR,47.31,47.3,47.32,50000000.0,50000000.0,0,0,0,0,0,25,2026-02-03 12:56:30.738882
BYL,43.02,43.01,43.03,50000000.0,50000000.0,0,0,0,0,0,25,2026-02-03 12:56:30.738882
CLD,78.03,78.02,78.04,50000000.0,50000000.0,0,0,0,0,0,25,2026-02-03 12:56:30.738882
GGD,31.45,31.44,31.46,50000000.0,50000000.0,0,0,0,0,0,25,2026-02-03 12:56:30.738882
PNR,59.72,59.71,59.73,50000000.0,50000000.0,0,0,0,0,0,25,2026-02-03 12:56:30.738882
FSR,30.66,30.65,30.67,50000000.0,50000000.0,0,0,0,0,0,25,2026-02-03 12:56:30.738882
ATB,61.66,61.65,61.67,50000000.0,50000000.0,0,0,0,0,0,25,2026-02-03 12:56:30.738882
SPK,51.94,51.93,51.95,50000000.0,50000000.0,0,0,0,0,0,25,2026-02-03 12:56:30.738882
EEC,46.44,46.43,46.45,50000000.0,50000000.0,0,0,0,0,0,25,2026-02-03 12:56:30.738882
TGX,43.55,43.54,43.56,50000000.0,50000000.0,0,0,0,0,0,26,2026-02-03 12:56:31.775973,3.0,1.0,25.0,D5-SPK/EEC,Closing Conditions Status,Updated tracker shows 8 of 9 conditions met with final state PUC approval pending.
PHR,47.21,47.2,47.22,50000000.0,50000000.0,0,0,0,0,0,26,2026-02-03 12:56:31.775973,2.0,1.0,25.0,D4-FSR/ATB,Merger Agreement Executed,Definitive agreement signed with expected closing in 12-18 months pending regulatory approvals.
BYL,42.95,42.94,42.96,50000000.0,50000000.0,0,0,0,0,0,26,2026-02-03 12:56:31.775973,,,,,,
CLD,77.89,77.88,77.9,50000000.0,50000000.0,0,0,0,0,0,26,2026-02-03 12:56:31.775973,,,,,,
GGD,31.41,31.4,31.42,50000000.0,50000000.0,0,0,0,0,0,26,2026-02-03 12:56:31.775973,,,,,,
PNR,59.58,59.57,59.59,50000000.0,50000000.0,0,0,0,0,0,26,2026-02-03 12:56:31.775973,,,,,,
FSR,30.64,30.63,30.65,50000000.0,50000000.0,0,0,0,0,0,26,2026-02-03 12:56:31.775973,,,,,,
ATB,61.77,61.76,61.78,50000000.0,50000000.0,0,0,0,0,0,26,2026-02-03 12:56:31.775973,,,,,,
SPK,51.92,51.91,51.93,50000000.0,50000000.0,0,0,0,0,0,26,2026-02-03 12:56:31.775973,,,,,,
EEC,46.45,46.44,46.46,50000000.0,50000000.0,0,0,0,0,0,26,2026-02-03 12:56:31.775973,,,,,,
TGX,43.54,43.53,43.55,50000000.0,50000000.0,0,0,0,0,0,27,2026-02-03 12:56:32.814338
PHR,47.04,47.03,47.05,50000000.0,50000000.0,0,0,0,0,0,27,2026-02-03 12:56:32.814338
BYL,43.18,43.17,43.19,50000000.0,50000000.0,0,0,0,0,0,27,2026-02-03 12:56:32.814338
CLD,78.24,78.23,78.25,50000000.0,50000000.0,0,0,0,0,0,27,2026-02-03 12:56:32.814338
GGD,31.35,31.34,31.36,50000000.0,50000000.0,0,0,0,0,0,27,2026-02-03 12:56:32.814338
PNR,59.51,59.5,59.52,50000000.0,50000000.0,0,0,0,0,0,27,2026-02-03 12:56:32.814338
FSR,30.62,30.61,30.63,50000000.0,50000000.0,0,0,0,0,0,27,2026-02-03 12:56:32.814338
ATB,62.39,62.38,62.4,50000000.0,50000000.0,0,0,0,0,0,27,2026-02-03 12:56:32.814338
SPK,51.79,51.78,51.8,50000000.0,50000000.0,0,0,0,0,0,27,2026-02-03 12:56:32.814338
EEC,46.3,46.29,46.31,50000000.0,50000000.0,0,0,0,0,0,27,2026-02-03 12:56:32.814338
TGX,43.56,43.55,43.57,50000000.0,50000000.0,0,0,0,0,0,28,2026-02-03 12:56:33.856705
PHR,47.03,47.02,47.04,50000000.0,50000000.0,0,0,0,0,0,28,2026-02-03 12:56:33.856705
BYL,43.13,43.12,43.14,50000000.0,50000000.0,0,0,0,0,0,28,2026-02-03 12:56:33.856705
CLD,78.17,78.16,78.18,50000000.0,50000000.0,0,0,0,0,0,28,2026-02-03 12:56:33.856705
GGD,31.32,31.31,31.33,50000000.0,50000000.0,0,0,0,0,0,28,2026-02-03 12:56:33.856705
PNR,59.59,59.58,59.6,50000000.0,50000000.0,0,0,0,0,0,28,2026-02-03 12:56:33.856705
FSR,30.62,30.61,30.63,50000000.0,50000000.0,0,0,0,0,0,28,2026-02-03 12:56:33.856705
ATB,62.38,62.37,62.39,50000000.0,50000000.0,0,0,0,0,0,28,2026-02-03 12:56:33.856705
SPK,51.68,51.67,51.69,50000000.0,50000000.0,0,0,0,0,0,28,2026-02-03 12:56:33.856705
EEC,46.07,46.06,46.08,50000000.0,50000000.0,0,0,0,0,0,28,2026-02-03 12:56:33.856705
TGX,43.55,43.54,43.56,50000000.0,50000000.0,0,0,0,0,0,29,2026-02-03 12:56:34.901833
PHR,46.82,46.81,46.83,50000000.0,50000000.0,0,0,0,0,0,29,2026-02-03 12:56:34.901833
BYL,42.94,42.93,42.95,50000000.0,50000000.0,0,0,0,0,0,29,2026-02-03 12:56:34.901833
CLD,77.83,77.82,77.84,50000000.0,50000000.0,0,0,0,0,0,29,2026-02-03 12:56:34.901833
GGD,31.25,31.24,31.26,50000000.0,50000000.0,0,0,0,0,0,29,2026-02-03 12:56:34.901833
PNR,59.75,59.74,59.76,50000000.0,50000000.0,0,0,0,0,0,29,2026-02-03 12:56:34.901833
FSR,30.6,30.59,30.61,50000000.0,50000000.0,0,0,0,0,0,29,2026-02-03 12:56:34.901833
ATB,62.51,62.5,62.52,50000000.0,50000000.0,0,0,0,0,0,29,2026-02-03 12:56:34.901833
SPK,51.88,51.87,51.89,50000000.0,50000000.0,0,0,0,0,0,29,2026-02-03 12:56:34.901833
EEC,46.46,46.45,46.47,50000000.0,50000000.0,0,0,0,0,0,29,2026-02-03 12:56:34.901833
TGX,43.58,43.57,43.59,50000000.0,50000000.0,0,0,0,0,0,30,2026-02-03 12:56:35.937149
PHR,46.67,46.66,46.68,50000000.0,50000000.0,0,0,0,0,0,30,2026-02-03 12:56:35.937149
BYL,43.01,43.0,43.02,50000000.0,50000000.0,0,0,0,0,0,30,2026-02-03 12:56:35.937149
CLD,77.75,77.74,77.76,50000000.0,50000000.0,0,0,0,0,0,30,2026-02-03 12:56:35.937149
GGD,31.24,31.23,31.25,50000000.0,50000000.0,0,0,0,0,0,30,2026-02-03 12:56:35.937149
PNR,59.71,59.7,59.72,50000000.0,50000000.0,0,0,0,0,0,30,2026-02-03 12:56:35.937149
FSR,30.59,30.58,30.6,50000000.0,50000000.0,0,0,0,0,0,30,2026-02-03 12:56:35.937149
ATB,62.59,62.58,62.6,50000000.0,50000000.0,0,0,0,0,0,30,2026-02-03 12:56:35.937149
SPK,51.88,51.87,51.89,50000000.0,50000000.0,0,0,0,0,0,30,2026-02-03 12:56:35.937149
EEC,46.51,46.5,46.52,50000000.0,50000000.0,0,0,0,0,0,30,2026-02-03 12:56:35.937149
TGX,43.6,43.59,43.61,50000000.0,50000000.0,0,0,0,0,0,31,2026-02-03 12:56:36.479129,4.0,1.0,30.0,D4-FSR/ATB,OCC Raises Operational Risk Concerns,Office of Comptroller of Currency requests additional operational integration and compliance plans.
PHR,47.12,47.11,47.13,50000000.0,50000000.0,0,0,0,0,0,31,2026-02-03 12:56:36.479129,,,,,,
BYL,42.98,42.97,42.99,50000000.0,50000000.0,0,0,0,0,0,31,2026-02-03 12:56:36.479129,,,,,,
CLD,77.74,77.73,77.75,50000000.0,50000000.0,0,0,0,0,0,31,2026-02-03 12:56:36.479129,,,,,,
GGD,31.15,31.14,31.16,50000000.0,50000000.0,0,0,0,0,0,31,2026-02-03 12:56:36.479129,,,,,,
PNR,59.72,59.71,59.73,50000000.0,50000000.0,0,0,0,0,0,31,2026-02-03 12:56:36.479129,,,,,,
FSR,30.62,30.61,30.63,50000000.0,50000000.0,0,0,0,0,0,31,2026-02-03 12:56:36.479129,,,,,,
ATB,62.42,62.41,62.43,50000000.0,50000000.0,0,0,0,0,0,31,2026-02-03 12:56:36.479129,,,,,,
SPK,51.9,51.89,51.91,50000000.0,50000000.0,0,0,0,0,0,31,2026-02-03 12:56:36.479129,,,,,,
EEC,46.52,46.51,46.53,50000000.0,50000000.0,0,0,0,0,0,31,2026-02-03 12:56:36.479129,,,,,,
TGX,43.62,43.61,43.63,50000000.0,50000000.0,0,0,0,0,0,32,2026-02-03 12:56:37.524536,5.0,1.0,31.0,D1-TGX/PHR,European Commission Opens Phase II Investigation,"The EC has escalated its review to a Phase II in-depth investigation, citing potential competition concerns in three European markets. The review will now extend for an additional 90 working days."
PHR,47.02,47.01,47.03,50000000.0,50000000.0,0,0,0,0,0,32,2026-02-03 12:56:37.524536,,,,,,
BYL,42.86,42.85,42.87,50000000.0,50000000.0,0,0,0,0,0,32,2026-02-03 12:56:37.524536,,,,,,
CLD,77.33,77.32,77.34,50000000.0,50000000.0,0,0,0,0,0,32,2026-02-03 12:56:37.524536,,,,,,
GGD,31.11,31.1,31.12,50000000.0,50000000.0,0,0,0,0,0,32,2026-02-03 12:56:37.524536,,,,,,
PNR,59.75,59.74,59.76,50000000.0,50000000.0,0,0,0,0,0,32,2026-02-03 12:56:37.524536,,,,,,
FSR,30.62,30.61,30.63,50000000.0,50000000.0,0,0,0,0,0,32,2026-02-03 12:56:37.524536,,,,,,
ATB,62.59,62.58,62.6,50000000.0,50000000.0,0,0,0,0,0,32,2026-02-03 12:56:37.524536,,,,,,
SPK,51.93,51.92,51.94,50000000.0,50000000.0,0,0,0,0,0,32,2026-02-03 12:56:37.524536,,,,,,
EEC,46.61,46.6,46.62,50000000.0,50000000.0,0,0,0,0,0,32,2026-02-03 12:56:37.524536,,,,,,
TGX,43.57,43.56,43.58,50000000.0,50000000.0,0,0,0,0,0,33,2026-02-03 12:56:38.563630
PHR,47.01,47.0,47.02,50000000.0,50000000.0,0,0,0,0,0,33,2026-02-03 12:56:38.563630
BYL,42.9,42.89,42.91,50000000.0,50000000.0,0,0,0,0,0,33,2026-02-03 12:56:38.563630
CLD,77.36,77.35,77.37,50000000.0,50000000.0,0,0,0,0,0,33,2026-02-03 12:56:38.563630
GGD,31.12,31.11,31.13,50000000.0,50000000.0,0,0,0,0,0,33,2026-02-03 12:56:38.563630
PNR,59.65,59.64,59.66,50000000.0,50000000.0,0,0,0,0,0,33,2026-02-03 12:56:38.563630
FSR,30.6,30.59,30.61,50000000.0,50000000.0,0,0,0,0,0,33,2026-02-03 12:56:38.563630
ATB,62.53,62.52,62.54,50000000.0,50000000.0,0,0,0,0,0,33,2026-02-03 12:56:38.563630
SPK,51.9,51.89,51.91,50000000.0,50000000.0,0,0,0,0,0,33,2026-02-03 12:56:38.563630
EEC,46.51,46.5,46.52,50000000.0,50000000.0,0,0,0,0,0,33,2026-02-03 12:56:38.563630
TGX,43.54,43.53,43.55,50000000.0,50000000.0,0,0,0,0,0,34,2026-02-03 12:56:39.610568
PHR,46.8,46.79,46.81,50000000.0,50000000.0,0,0,0,0,0,34,2026-02-03 12:56:39.610568
BYL,42.85,42.84,42.86,50000000.0,50000000.0,0,0,0,0,0,34,2026-02-03 12:56:39.610568
CLD,77.36,77.35,77.37,50000000.0,50000000.0,0,0,0,0,0,34,2026-02-03 12:56:39.610568
GGD,31.1,31.09,31.11,50000000.0,50000000.0,0,0,0,0,0,34,2026-02-03 12:56:39.610568
PNR,59.7,59.69,59.71,50000000.0,50000000.0,0,0,0,0,0,34,2026-02-03 12:56:39.610568
FSR,30.62,30.61,30.63,50000000.0,50000000.0,0,0,0,0,0,34,2026-02-03 12:56:39.610568
ATB,62.7,62.69,62.71,50000000.0,50000000.0,0,0,0,0,0,34,2026-02-03 12:56:39.610568
SPK,51.67,51.66,51.68,50000000.0,50000000.0,0,0,0,0,0,34,2026-02-03 12:56:39.610568
EEC,46.12,46.11,46.13,50000000.0,50000000.0,0,0,0,0,0,34,2026-02-03 12:56:39.610568
TGX,43.52,43.51,43.53,50000000.0,50000000.0,0,0,0,0,0,35,2026-02-03 12:56:40.654810
PHR,46.83,46.82,46.84,50000000.0,50000000.0,0,0,0,0,0,35,2026-02-03 12:56:40.654810
BYL,42.94,42.93,42.95,50000000.0,50000000.0,0,0,0,0,0,35,2026-02-03 12:56:40.654810
CLD,77.58,77.57,77.59,50000000.0,50000000.0,0,0,0,0,0,35,2026-02-03 12:56:40.654810
GGD,31.14,31.13,31.15,50000000.0,50000000.0,0,0,0,0,0,35,2026-02-03 12:56:40.654810
PNR,59.73,59.72,59.74,50000000.0,50000000.0,0,0,0,0,0,35,2026-02-03 12:56:40.654810
FSR,30.63,30.62,30.64,50000000.0,50000000.0,0,0,0,0,0,35,2026-02-03 12:56:40.654810
ATB,62.45,62.44,62.46,50000000.0,50000000.0,0,0,0,0,0,35,2026-02-03 12:56:40.654810
SPK,51.58,51.57,51.59,50000000.0,50000000.0,0,0,0,0,0,35,2026-02-03 12:56:40.654810
EEC,45.9,45.89,45.91,50000000.0,50000000.0,0,0,0,0,0,35,2026-02-03 12:56:40.654810
TGX,43.53,43.52,43.54,50000000.0,50000000.0,0,0,0,0,0,36,2026-02-03 12:56:41.695028
PHR,47.03,47.02,47.04,50000000.0,50000000.0,0,0,0,0,0,36,2026-02-03 12:56:41.695028
BYL,42.96,42.95,42.97,50000000.0,50000000.0,0,0,0,0,0,36,2026-02-03 12:56:41.695028
CLD,77.64,77.63,77.65,50000000.0,50000000.0,0,0,0,0,0,36,2026-02-03 12:56:41.695028
GGD,31.18,31.17,31.19,50000000.0,50000000.0,0,0,0,0,0,36,2026-02-03 12:56:41.695028
PNR,59.83,59.82,59.84,50000000.0,50000000.0,0,0,0,0,0,36,2026-02-03 12:56:41.695028
FSR,30.6,30.59,30.61,50000000.0,50000000.0,0,0,0,0,0,36,2026-02-03 12:56:41.695028
ATB,62.46,62.45,62.47,50000000.0,50000000.0,0,0,0,0,0,36,2026-02-03 12:56:41.695028
SPK,51.53,51.52,51.54,50000000.0,50000000.0,0,0,0,0,0,36,2026-02-03 12:56:41.695028
EEC,45.9,45.89,45.91,50000000.0,50000000.0,0,0,0,0,0,36,2026-02-03 12:56:41.695028
TGX,43.53,43.52,43.54,50000000.0,50000000.0,0,0,0,0,0,37,2026-02-03 12:56:42.731727
PHR,47.08,47.07,47.09,50000000.0,50000000.0,0,0,0,0,0,37,2026-02-03 12:56:42.731727
BYL,42.7,42.69,42.71,50000000.0,50000000.0,0,0,0,0,0,37,2026-02-03 12:56:42.731727
CLD,77.04,77.03,77.05,50000000.0,50000000.0,0,0,0,0,0,37,2026-02-03 12:56:42.731727
GGD,31.16,31.15,31.17,50000000.0,50000000.0,0,0,0,0,0,37,2026-02-03 12:56:42.731727
PNR,59.75,59.74,59.76,50000000.0,50000000.0,0,0,0,0,0,37,2026-02-03 12:56:42.731727
FSR,30.59,30.58,30.6,50000000.0,50000000.0,0,0,0,0,0,37,2026-02-03 12:56:42.731727
ATB,62.57,62.56,62.58,50000000.0,50000000.0,0,0,0,0,0,37,2026-02-03 12:56:42.731727
SPK,51.67,51.66,51.68,50000000.0,50000000.0,0,0,0,0,0,37,2026-02-03 12:56:42.731727
EEC,46.26,46.25,46.27,50000000.0,50000000.0,0,0,0,0,0,37,2026-02-03 12:56:42.731727
TGX,43.54,43.53,43.55,50000000.0,50000000.0,0,0,0,0,0,38,2026-02-03 12:56:43.762405
PHR,47.08,47.07,47.09,50000000.0,50000000.0,0,0,0,0,0,38,2026-02-03 12:56:43.762405
BYL,42.65,42.64,42.66,50000000.0,50000000.0,0,0,0,0,0,38,2026-02-03 12:56:43.762405
CLD,76.96,76.95,76.97,50000000.0,50000000.0,0,0,0,0,0,38,2026-02-03 12:56:43.762405
GGD,31.1,31.09,31.11,50000000.0,50000000.0,0,0,0,0,0,38,2026-02-03 12:56:43.762405
PNR,59.59,59.58,59.6,50000000.0,50000000.0,0,0,0,0,0,38,2026-02-03 12:56:43.762405
FSR,30.66,30.65,30.67,50000000.0,50000000.0,0,0,0,0,0,38,2026-02-03 12:56:43.762405
ATB,62.4,62.39,62.41,50000000.0,50000000.0,0,0,0,0,0,38,2026-02-03 12:56:43.762405
SPK,51.65,51.64,51.66,50000000.0,50000000.0,0,0,0,0,0,38,2026-02-03 12:56:43.762405
EEC,46.24,46.23,46.25,50000000.0,50000000.0,0,0,0,0,0,38,2026-02-03 12:56:43.762405
TGX,43.56,43.55,43.57,50000000.0,50000000.0,0,0,0,0,0,39,2026-02-03 12:56:44.795005
PHR,47.33,47.32,47.34,50000000.0,50000000.0,0,0,0,0,0,39,2026-02-03 12:56:44.795005
BYL,42.84,42.83,42.85,50000000.0,50000000.0,0,0,0,0,0,39,2026-02-03 12:56:44.795005
CLD,77.27,77.26,77.28,50000000.0,50000000.0,0,0,0,0,0,39,2026-02-03 12:56:44.795005
GGD,31.15,31.14,31.16,50000000.0,50000000.0,0,0,0,0,0,39,2026-02-03 12:56:44.795005
PNR,59.49,59.48,59.5,50000000.0,50000000.0,0,0,0,0,0,39,2026-02-03 12:56:44.795005
FSR,30.66,30.65,30.67,50000000.0,50000000.0,0,0,0,0,0,39,2026-02-03 12:56:44.795005
ATB,62.6,62.59,62.61,50000000.0,50000000.0,0,0,0,0,0,39,2026-02-03 12:56:44.795005
SPK,51.8,51.79,51.81,50000000.0,50000000.0,0,0,0,0,0,39,2026-02-03 12:56:44.795005
EEC,46.54,46.53,46.55,50000000.0,50000000.0,0,0,0,0,0,39,2026-02-03 12:56:44.795005
TGX,43.6,43.59,43.61,50000000.0,50000000.0,0,0,0,0,0,40,2026-02-03 12:56:45.838687
PHR,47.33,47.32,47.34,50000000.0,50000000.0,0,0,0,0,0,40,2026-02-03 12:56:45.838687
BYL,42.88,42.87,42.89,50000000.0,50000000.0,0,0,0,0,0,40,2026-02-03 12:56:45.838687
CLD,77.28,77.27,77.29,50000000.0,50000000.0,0,0,0,0,0,40,2026-02-03 12:56:45.838687
GGD,31.2,31.19,31.21,50000000.0,50000000.0,0,0,0,0,0,40,2026-02-03 12:56:45.838687
PNR,59.44,59.43,59.45,50000000.0,50000000.0,0,0,0,0,0,40,2026-02-03 12:56:45.838687
FSR,30.69,30.68,30.7,50000000.0,50000000.0,0,0,0,0,0,40,2026-02-03 12:56:45.838687
ATB,62.55,62.54,62.56,50000000.0,50000000.0,0,0,0,0,0,40,2026-02-03 12:56:45.838687
SPK,51.81,51.8,51.82,50000000.0,50000000.0,0,0,0,0,0,40,2026-02-03 12:56:45.838687
EEC,46.43,46.42,46.44,50000000.0,50000000.0,0,0,0,0,0,40,2026-02-03 12:56:45.838687
TGX,43.56,43.55,43.57,50000000.0,50000000.0,0,0,0,0,0,41,2026-02-03 12:56:46.880496
PHR,47.66,47.65,47.67,50000000.0,50000000.0,0,0,0,0,0,41,2026-02-03 12:56:46.880496
BYL,42.96,42.95,42.97,50000000.0,50000000.0,0,0,0,0,0,41,2026-02-03 12:56:46.880496
CLD,77.5,77.49,77.51,50000000.0,50000000.0,0,0,0,0,0,41,2026-02-03 12:56:46.880496
GGD,31.19,31.18,31.2,50000000.0,50000000.0,0,0,0,0,0,41,2026-02-03 12:56:46.880496
PNR,59.54,59.53,59.55,50000000.0,50000000.0,0,0,0,0,0,41,2026-02-03 12:56:46.880496
FSR,30.68,30.67,30.69,50000000.0,50000000.0,0,0,0,0,0,41,2026-02-03 12:56:46.880496
ATB,62.53,62.52,62.54,50000000.0,50000000.0,0,0,0,0,0,41,2026-02-03 12:56:46.880496
SPK,51.94,51.93,51.95,50000000.0,50000000.0,0,0,0,0,0,41,2026-02-03 12:56:46.880496
EEC,46.67,46.66,46.68,50000000.0,50000000.0,0,0,0,0,0,41,2026-02-03 12:56:46.880496
TGX,43.55,43.54,43.56,50000000.0,50000000.0,0,0,0,0,0,42,2026-02-03 12:56:47.925788
PHR,47.8,47.79,47.81,50000000.0,50000000.0,0,0,0,0,0,42,2026-02-03 12:56:47.925788
BYL,42.94,42.93,42.95,50000000.0,50000000.0,0,0,0,0,0,42,2026-02-03 12:56:47.925788
CLD,77.4,77.39,77.41,50000000.0,50000000.0,0,0,0,0,0,42,2026-02-03 12:56:47.925788
GGD,31.25,31.24,31.26,50000000.0,50000000.0,0,0,0,0,0,42,2026-02-03 12:56:47.925788
PNR,59.56,59.55,59.57,50000000.0,50000000.0,0,0,0,0,0,42,2026-02-03 12:56:47.925788
FSR,30.7,30.69,30.71,50000000.0,50000000.0,0,0,0,0,0,42,2026-02-03 12:56:47.925788
ATB,62.38,62.37,62.39,50000000.0,50000000.0,0,0,0,0,0,42,2026-02-03 12:56:47.925788
SPK,51.83,51.82,51.84,50000000.0,50000000.0,0,0,0,0,0,42,2026-02-03 12:56:47.925788
EEC,46.55,46.54,46.56,50000000.0,50000000.0,0,0,0,0,0,42,2026-02-03 12:56:47.925788
TGX,43.6,43.59,43.61,50000000.0,50000000.0,0,0,0,0,0,43,2026-02-03 12:56:48.958288
PHR,47.75,47.74,47.76,50000000.0,50000000.0,0,0,0,0,0,43,2026-02-03 12:56:48.958288
BYL,42.98,42.97,42.99,50000000.0,50000000.0,0,0,0,0,0,43,2026-02-03 12:56:48.958288
CLD,77.4,77.39,77.41,50000000.0,50000000.0,0,0,0,0,0,43,2026-02-03 12:56:48.958288
GGD,31.15,31.14,31.16,50000000.0,50000000.0,0,0,0,0,0,43,2026-02-03 12:56:48.958288
PNR,59.57,59.56,59.58,50000000.0,50000000.0,0,0,0,0,0,43,2026-02-03 12:56:48.958288
FSR,30.75,30.74,30.76,50000000.0,50000000.0,0,0,0,0,0,43,2026-02-03 12:56:48.958288
ATB,62.2,62.19,62.21,50000000.0,50000000.0,0,0,0,0,0,43,2026-02-03 12:56:48.958288
SPK,52.21,52.2,52.22,50000000.0,50000000.0,0,0,0,0,0,43,2026-02-03 12:56:48.958288
EEC,46.57,46.56,46.58,50000000.0,50000000.0,0,0,0,0,0,43,2026-02-03 12:56:48.958288
TGX,43.61,43.6,43.62,50000000.0,50000000.0,0,0,0,0,0,44,2026-02-03 12:56:49.999891
PHR,47.3,47.29,47.31,50000000.0,50000000.0,0,0,0,0,0,44,2026-02-03 12:56:49.999891
BYL,43.04,43.03,43.05,50000000.0,50000000.0,0,0,0,0,0,44,2026-02-03 12:56:49.999891
CLD,77.57,77.56,77.58,50000000.0,50000000.0,0,0,0,0,0,44,2026-02-03 12:56:49.999891
GGD,31.12,31.11,31.13,50000000.0,50000000.0,0,0,0,0,0,44,2026-02-03 12:56:49.999891
PNR,59.44,59.43,59.45,50000000.0,50000000.0,0,0,0,0,0,44,2026-02-03 12:56:49.999891
FSR,30.76,30.75,30.77,50000000.0,50000000.0,0,0,0,0,0,44,2026-02-03 12:56:49.999891
ATB,62.14,62.13,62.15,50000000.0,50000000.0,0,0,0,0,0,44,2026-02-03 12:56:49.999891
SPK,51.95,51.94,51.96,50000000.0,50000000.0,0,0,0,0,0,44,2026-02-03 12:56:49.999891
EEC,46.14,46.13,46.15,50000000.0,50000000.0,0,0,0,0,0,44,2026-02-03 12:56:49.999891
TGX,43.62,43.61,43.63,50000000.0,50000000.0,0,0,0,0,0,45,2026-02-03 12:56:51.043034
PHR,47.16,47.15,47.17,50000000.0,50000000.0,0,0,0,0,0,45,2026-02-03 12:56:51.043034
BYL,43.04,43.03,43.05,50000000.0,50000000.0,0,0,0,0,0,45,2026-02-03 12:56:51.043034
CLD,77.55,77.54,77.56,50000000.0,50000000.0,0,0,0,0,0,45,2026-02-03 12:56:51.043034
GGD,31.11,31.1,31.12,50000000.0,50000000.0,0,0,0,0,0,45,2026-02-03 12:56:51.043034
PNR,59.45,59.44,59.46,50000000.0,50000000.0,0,0,0,0,0,45,2026-02-03 12:56:51.043034
FSR,30.73,30.72,30.74,50000000.0,50000000.0,0,0,0,0,0,45,2026-02-03 12:56:51.043034
ATB,61.97,61.96,61.98,50000000.0,50000000.0,0,0,0,0,0,45,2026-02-03 12:56:51.043034
SPK,51.88,51.87,51.89,50000000.0,50000000.0,0,0,0,0,0,45,2026-02-03 12:56:51.043034
EEC,46.02,46.01,46.03,50000000.0,50000000.0,0,0,0,0,0,45,2026-02-03 12:56:51.043034
TGX,43.61,43.6,43.62,50000000.0,50000000.0,0,0,0,0,0,46,2026-02-03 12:56:51.599067
PHR,47.16,47.15,47.17,50000000.0,50000000.0,0,0,0,0,0,46,2026-02-03 12:56:51.599067
BYL,43.0,42.99,43.01,50000000.0,50000000.0,0,0,0,0,0,46,2026-02-03 12:56:51.599067
CLD,77.39,77.38,77.4,50000000.0,50000000.0,0,0,0,0,0,46,2026-02-03 12:56:51.599067
GGD,31.13,31.12,31.14,50000000.0,50000000.0,0,0,0,0,0,46,2026-02-03 12:56:51.599067
PNR,59.56,59.55,59.57,50000000.0,50000000.0,0,0,0,0,0,46,2026-02-03 12:56:51.599067
FSR,30.7,30.69,30.71,50000000.0,50000000.0,0,0,0,0,0,46,2026-02-03 12:56:51.599067
ATB,61.73,61.72,61.74,50000000.0,50000000.0,0,0,0,0,0,46,2026-02-03 12:56:51.599067
SPK,51.74,51.73,51.75,50000000.0,50000000.0,0,0,0,0,0,46,2026-02-03 12:56:51.599067
EEC,45.81,45.8,45.82,50000000.0,50000000.0,0,0,0,0,0,46,2026-02-03 12:56:51.599067
TGX,43.63,43.62,43.64,50000000.0,50000000.0,0,0,0,0,0,47,2026-02-03 12:56:52.634614
PHR,47.1,47.09,47.11,50000000.0,50000000.0,0,0,0,0,0,47,2026-02-03 12:56:52.634614
BYL,43.31,43.3,43.32,50000000.0,50000000.0,0,0,0,0,0,47,2026-02-03 12:56:52.634614
CLD,78.04,78.03,78.05,50000000.0,50000000.0,0,0,0,0,0,47,2026-02-03 12:56:52.634614
GGD,31.17,31.16,31.18,50000000.0,50000000.0,0,0,0,0,0,47,2026-02-03 12:56:52.634614
PNR,59.58,59.57,59.59,50000000.0,50000000.0,0,0,0,0,0,47,2026-02-03 12:56:52.634614
FSR,28.5,28.49,28.51,50000000.0,50000000.0,0,0,0,0,0,47,2026-02-03 12:56:52.634614
ATB,61.95,61.94,61.96,50000000.0,50000000.0,0,0,0,0,0,47,2026-02-03 12:56:52.634614
SPK,51.87,51.86,51.88,50000000.0,50000000.0,0,0,0,0,0,47,2026-02-03 12:56:52.634614
EEC,46.02,46.01,46.03,50000000.0,50000000.0,0,0,0,0,0,47,2026-02-03 12:56:52.634614
TGX,43.62,43.61,43.63,50000000.0,50000000.0,0,0,0,0,0,48,2026-02-03 12:56:53.676023
PHR,47.48,47.47,47.49,50000000.0,50000000.0,0,0,0,0,0,48,2026-02-03 12:56:53.676023
BYL,43.35,43.34,43.36,50000000.0,50000000.0,0,0,0,0,0,48,2026-02-03 12:56:53.676023
CLD,78.23,78.22,78.24,50000000.0,50000000.0,0,0,0,0,0,48,2026-02-03 12:56:53.676023
GGD,31.11,31.1,31.12,50000000.0,50000000.0,0,0,0,0,0,48,2026-02-03 12:56:53.676023
PNR,59.43,59.42,59.44,50000000.0,50000000.0,0,0,0,0,0,48,2026-02-03 12:56:53.676023
FSR,28.47,28.46,28.48,50000000.0,50000000.0,0,0,0,0,0,48,2026-02-03 12:56:53.676023
ATB,61.65,61.64,61.66,50000000.0,50000000.0,0,0,0,0,0,48,2026-02-03 12:56:53.676023
SPK,51.73,51.72,51.74,50000000.0,50000000.0,0,0,0,0,0,48,2026-02-03 12:56:53.676023
EEC,45.8,45.79,45.81,50000000.0,50000000.0,0,0,0,0,0,48,2026-02-03 12:56:53.676023
TGX,43.6,43.59,43.61,50000000.0,50000000.0,0,0,0,0,0,49,2026-02-03 12:56:54.728194
PHR,47.43,47.42,47.44,50000000.0,50000000.0,0,0,0,0,0,49,2026-02-03 12:56:54.728194
BYL,43.37,43.36,43.38,50000000.0,50000000.0,0,0,0,0,0,49,2026-02-03 12:56:54.728194
CLD,78.21,78.2,78.22,50000000.0,50000000.0,0,0,0,0,0,49,2026-02-03 12:56:54.728194
GGD,31.12,31.11,31.13,50000000.0,50000000.0,0,0,0,0,0,49,2026-02-03 12:56:54.728194
PNR,59.51,59.5,59.52,50000000.0,50000000.0,0,0,0,0,0,49,2026-02-03 12:56:54.728194
FSR,28.48,28.47,28.49,50000000.0,50000000.0,0,0,0,0,0,49,2026-02-03 12:56:54.728194
ATB,61.96,61.95,61.97,50000000.0,50000000.0,0,0,0,0,0,49,2026-02-03 12:56:54.728194
SPK,51.7,51.69,51.71,50000000.0,50000000.0,0,0,0,0,0,49,2026-02-03 12:56:54.728194
EEC,45.71,45.7,45.72,50000000.0,50000000.0,0,0,0,0,0,49,2026-02-03 12:56:54.728194
TGX,43.58,43.57,43.59,50000000.0,50000000.0,0,0,0,0,0,50,2026-02-03 12:56:55.763840
PHR,47.31,47.3,47.32,50000000.0,50000000.0,0,0,0,0,0,50,2026-02-03 12:56:55.763840
BYL,43.3,43.29,43.31,50000000.0,50000000.0,0,0,0,0,0,50,2026-02-03 12:56:55.763840
CLD,78.09,78.08,78.1,50000000.0,50000000.0,0,0,0,0,0,50,2026-02-03 12:56:55.763840
GGD,31.17,31.16,31.18,50000000.0,50000000.0,0,0,0,0,0,50,2026-02-03 12:56:55.763840
PNR,59.53,59.52,59.54,50000000.0,50000000.0,0,0,0,0,0,50,2026-02-03 12:56:55.763840
FSR,28.55,28.54,28.56,50000000.0,50000000.0,0,0,0,0,0,50,2026-02-03 12:56:55.763840
ATB,61.88,61.87,61.89,50000000.0,50000000.0,0,0,0,0,0,50,2026-02-03 12:56:55.763840
SPK,52.07,52.06,52.08,50000000.0,50000000.0,0,0,0,0,0,50,2026-02-03 12:56:55.763840
EEC,45.82,45.81,45.83,50000000.0,50000000.0,0,0,0,0,0,50,2026-02-03 12:56:55.763840
TGX,43.6,43.59,43.61,50000000.0,50000000.0,0,0,0,0,0,51,2026-02-03 12:56:56.798601
PHR,47.15,47.14,47.16,50000000.0,50000000.0,0,0,0,0,0,51,2026-02-03 12:56:56.798601
BYL,43.44,43.43,43.45,50000000.0,50000000.0,0,0,0,0,0,51,2026-02-03 12:56:56.798601
CLD,78.43,78.42,78.44,50000000.0,50000000.0,0,0,0,0,0,51,2026-02-03 12:56:56.798601
GGD,31.17,31.16,31.18,50000000.0,50000000.0,0,0,0,0,0,51,2026-02-03 12:56:56.798601
PNR,59.36,59.35,59.37,50000000.0,50000000.0,0,0,0,0,0,51,2026-02-03 12:56:56.798601
FSR,28.51,28.5,28.52,50000000.0,50000000.0,0,0,0,0,0,51,2026-02-03 12:56:56.798601
ATB,61.78,61.77,61.79,50000000.0,50000000.0,0,0,0,0,0,51,2026-02-03 12:56:56.798601
SPK,51.89,51.88,51.9,50000000.0,50000000.0,0,0,0,0,0,51,2026-02-03 12:56:56.798601
EEC,45.53,45.52,45.54,50000000.0,50000000.0,0,0,0,0,0,51,2026-02-03 12:56:56.798601
TGX,43.6,43.59,43.61,50000000.0,50000000.0,0,0,0,0,0,52,2026-02-03 12:56:57.834199
PHR,47.29,47.28,47.3,50000000.0,50000000.0,0,0,0,0,0,52,2026-02-03 12:56:57.834199
BYL,43.33,43.32,43.34,50000000.0,50000000.0,0,0,0,0,0,52,2026-02-03 12:56:57.834199
CLD,78.3,78.29,78.31,50000000.0,50000000.0,0,0,0,0,0,52,2026-02-03 12:56:57.834199
GGD,31.12,31.11,31.13,50000000.0,50000000.0,0,0,0,0,0,52,2026-02-03 12:56:57.834199
PNR,59.33,59.32,59.34,50000000.0,50000000.0,0,0,0,0,0,52,2026-02-03 12:56:57.834199
FSR,28.49,28.48,28.5,50000000.0,50000000.0,0,0,0,0,0,52,2026-02-03 12:56:57.834199
ATB,61.66,61.65,61.67,50000000.0,50000000.0,0,0,0,0,0,52,2026-02-03 12:56:57.834199
SPK,52.05,52.04,52.06,50000000.0,50000000.0,0,0,0,0,0,52,2026-02-03 12:56:57.834199
EEC,45.8,45.79,45.81,50000000.0,50000000.0,0,0,0,0,0,52,2026-02-03 12:56:57.834199
TGX,43.62,43.61,43.63,50000000.0,50000000.0,0,0,0,0,0,53,2026-02-03 12:56:58.875676
PHR,47.27,47.26,47.28,50000000.0,50000000.0,0,0,0,0,0,53,2026-02-03 12:56:58.875676
BYL,43.2,43.19,43.21,50000000.0,50000000.0,0,0,0,0,0,53,2026-02-03 12:56:58.875676
CLD,77.95,77.94,77.96,50000000.0,50000000.0,0,0,0,0,0,53,2026-02-03 12:56:58.875676
GGD,31.13,31.12,31.14,50000000.0,50000000.0,0,0,0,0,0,53,2026-02-03 12:56:58.875676
PNR,59.33,59.32,59.34,50000000.0,50000000.0,0,0,0,0,0,53,2026-02-03 12:56:58.875676
FSR,26.26,26.25,26.27,50000000.0,50000000.0,0,0,0,0,0,53,2026-02-03 12:56:58.875676
ATB,61.58,61.57,61.59,50000000.0,50000000.0,0,0,0,0,0,53,2026-02-03 12:56:58.875676
SPK,51.91,51.9,51.92,50000000.0,50000000.0,0,0,0,0,0,53,2026-02-03 12:56:58.875676
EEC,45.63,45.62,45.64,50000000.0,50000000.0,0,0,0,0,0,53,2026-02-03 12:56:58.875676
TGX,43.59,43.58,43.6,50000000.0,50000000.0,0,0,0,0,0,54,2026-02-03 12:56:59.913014
PHR,47.35,47.34,47.36,50000000.0,50000000.0,0,0,0,0,0,54,2026-02-03 12:56:59.913014
BYL,42.95,42.94,42.96,50000000.0,50000000.0,0,0,0,0,0,54,2026-02-03 12:56:59.913014
CLD,77.27,77.26,77.28,50000000.0,50000000.0,0,0,0,0,0,54,2026-02-03 12:56:59.913014
GGD,31.13,31.12,31.14,50000000.0,50000000.0,0,0,0,0,0,54,2026-02-03 12:56:59.913014
PNR,59.24,59.23,59.25,50000000.0,50000000.0,0,0,0,0,0,54,2026-02-03 12:56:59.913014
FSR,26.27,26.26,26.28,50000000.0,50000000.0,0,0,0,0,0,54,2026-02-03 12:56:59.913014
ATB,61.52,61.51,61.53,50000000.0,50000000.0,0,0,0,0,0,54,2026-02-03 12:56:59.913014
SPK,51.72,51.71,51.73,50000000.0,50000000.0,0,0,0,0,0,54,2026-02-03 12:56:59.913014
EEC,45.28,45.27,45.29,50000000.0,50000000.0,0,0,0,0,0,54,2026-02-03 12:56:59.913014
TGX,43.6,43.59,43.61,50000000.0,50000000.0,0,0,0,0,0,55,2026-02-03 12:57:00.944799
PHR,47.15,47.14,47.16,50000000.0,50000000.0,0,0,0,0,0,55,2026-02-03 12:57:00.944799
BYL,42.66,42.65,42.67,50000000.0,50000000.0,0,0,0,0,0,55,2026-02-03 12:57:00.944799
CLD,76.81,76.8,76.82,50000000.0,50000000.0,0,0,0,0,0,55,2026-02-03 12:57:00.944799
GGD,31.12,31.11,31.13,50000000.0,50000000.0,0,0,0,0,0,55,2026-02-03 12:57:00.944799
PNR,59.35,59.34,59.36,50000000.0,50000000.0,0,0,0,0,0,55,2026-02-03 12:57:00.944799
FSR,26.25,26.24,26.26,50000000.0,50000000.0,0,0,0,0,0,55,2026-02-03 12:57:00.944799
ATB,61.25,61.24,61.26,50000000.0,50000000.0,0,0,0,0,0,55,2026-02-03 12:57:00.944799
SPK,51.76,51.75,51.77,50000000.0,50000000.0,0,0,0,0,0,55,2026-02-03 12:57:00.944799
EEC,45.31,45.3,45.32,50000000.0,50000000.0,0,0,0,0,0,55,2026-02-03 12:57:00.944799
TGX,41.27,41.26,41.28,50000000.0,50000000.0,0,0,0,0,0,56,2026-02-03 12:57:01.991960
PHR,47.23,47.22,47.24,50000000.0,50000000.0,0,0,0,0,0,56,2026-02-03 12:57:01.991960
BYL,42.42,42.41,42.43,50000000.0,50000000.0,0,0,0,0,0,56,2026-02-03 12:57:01.991960
CLD,76.32,76.31,76.33,50000000.0,50000000.0,0,0,0,0,0,56,2026-02-03 12:57:01.991960
GGD,31.07,31.06,31.08,50000000.0,50000000.0,0,0,0,0,0,56,2026-02-03 12:57:01.991960
PNR,59.39,59.38,59.4,50000000.0,50000000.0,0,0,0,0,0,56,2026-02-03 12:57:01.991960
FSR,26.27,26.26,26.28,50000000.0,50000000.0,0,0,0,0,0,56,2026-02-03 12:57:01.991960
ATB,61.23,61.22,61.24,50000000.0,50000000.0,0,0,0,0,0,56,2026-02-03 12:57:01.991960
SPK,51.76,51.75,51.77,50000000.0,50000000.0,0,0,0,0,0,56,2026-02-03 12:57:01.991960
EEC,45.22,45.21,45.23,50000000.0,50000000.0,0,0,0,0,0,56,2026-02-03 12:57:01.991960
TGX,41.27,41.26,41.28,50000000.0,50000000.0,0,0,0,0,0,57,2026-02-03 12:57:03.029488
PHR,46.99,46.98,47.0,50000000.0,50000000.0,0,0,0,0,0,57,2026-02-03 12:57:03.029488
BYL,42.37,42.36,42.38,50000000.0,50000000.0,0,0,0,0,0,57,2026-02-03 12:57:03.029488
CLD,76.32,76.31,76.33,50000000.0,50000000.0,0,0,0,0,0,57,2026-02-03 12:57:03.029488
GGD,31.08,31.07,31.09,50000000.0,50000000.0,0,0,0,0,0,57,2026-02-03 12:57:03.029488
PNR,59.57,59.56,59.58,50000000.0,50000000.0,0,0,0,0,0,57,2026-02-03 12:57:03.029488
FSR,26.23,26.22,26.24,50000000.0,50000000.0,0,0,0,0,0,57,2026-02-03 12:57:03.029488
ATB,61.2,61.19,61.21,50000000.0,50000000.0,0,0,0,0,0,57,2026-02-03 12:57:03.029488
SPK,52.01,52.0,52.02,50000000.0,50000000.0,0,0,0,0,0,57,2026-02-03 12:57:03.029488
EEC,45.5,45.49,45.51,50000000.0,50000000.0,0,0,0,0,0,57,2026-02-03 12:57:03.029488
TGX,41.34,41.33,41.35,50000000.0,50000000.0,0,0,0,0,0,58,2026-02-03 12:57:04.067055
PHR,47.08,47.07,47.09,50000000.0,50000000.0,0,0,0,0,0,58,2026-02-03 12:57:04.067055
BYL,42.16,42.15,42.17,50000000.0,50000000.0,0,0,0,0,0,58,2026-02-03 12:57:04.067055
CLD,75.9,75.89,75.91,50000000.0,50000000.0,0,0,0,0,0,58,2026-02-03 12:57:04.067055
GGD,31.1,31.09,31.11,50000000.0,50000000.0,0,0,0,0,0,58,2026-02-03 12:57:04.067055
PNR,59.61,59.6,59.62,50000000.0,50000000.0,0,0,0,0,0,58,2026-02-03 12:57:04.067055
FSR,26.27,26.26,26.28,50000000.0,50000000.0,0,0,0,0,0,58,2026-02-03 12:57:04.067055
ATB,61.21,61.2,61.22,50000000.0,50000000.0,0,0,0,0,0,58,2026-02-03 12:57:04.067055
SPK,51.92,51.91,51.93,50000000.0,50000000.0,0,0,0,0,0,58,2026-02-03 12:57:04.067055
EEC,45.38,45.37,45.39,50000000.0,50000000.0,0,0,0,0,0,58,2026-02-03 12:57:04.067055
TGX,41.33,41.32,41.34,50000000.0,50000000.0,0,0,0,0,0,59,2026-02-03 12:57:04.617492
PHR,47.26,47.25,47.27,50000000.0,50000000.0,0,0,0,0,0,59,2026-02-03 12:57:04.617492
BYL,42.3,42.29,42.31,50000000.0,50000000.0,0,0,0,0,0,59,2026-02-03 12:57:04.617492
CLD,76.21,76.2,76.22,50000000.0,50000000.0,0,0,0,0,0,59,2026-02-03 12:57:04.617492
GGD,31.03,31.02,31.04,50000000.0,50000000.0,0,0,0,0,0,59,2026-02-03 12:57:04.617492
PNR,59.46,59.45,59.47,50000000.0,50000000.0,0,0,0,0,0,59,2026-02-03 12:57:04.617492
FSR,26.23,26.22,26.24,50000000.0,50000000.0,0,0,0,0,0,59,2026-02-03 12:57:04.617492
ATB,61.14,61.13,61.15,50000000.0,50000000.0,0,0,0,0,0,59,2026-02-03 12:57:04.617492
SPK,51.71,51.7,51.72,50000000.0,50000000.0,0,0,0,0,0,59,2026-02-03 12:57:04.617492
EEC,45.03,45.02,45.04,50000000.0,50000000.0,0,0,0,0,0,59,2026-02-03 12:57:04.617492
TGX,41.27,41.26,41.28,50000000.0,50000000.0,0,0,0,0,0,60,2026-02-03 12:57:05.667449
PHR,47.11,47.1,47.12,50000000.0,50000000.0,0,0,0,0,0,60,2026-02-03 12:57:05.667449
BYL,42.2,42.19,42.21,50000000.0,50000000.0,0,0,0,0,0,60,2026-02-03 12:57:05.667449
CLD,75.96,75.95,75.97,50000000.0,50000000.0,0,0,0,0,0,60,2026-02-03 12:57:05.667449
GGD,31.06,31.05,31.07,50000000.0,50000000.0,0,0,0,0,0,60,2026-02-03 12:57:05.667449
PNR,59.76,59.75,59.77,50000000.0,50000000.0,0,0,0,0,0,60,2026-02-03 12:57:05.667449
FSR,26.27,26.26,26.28,50000000.0,50000000.0,0,0,0,0,0,60,2026-02-03 12:57:05.667449
ATB,61.27,61.26,61.28,50000000.0,50000000.0,0,0,0,0,0,60,2026-02-03 12:57:05.667449
SPK,51.66,51.65,51.67,50000000.0,50000000.0,0,0,0,0,0,60,2026-02-03 12:57:05.667449
EEC,44.98,44.97,44.99,50000000.0,50000000.0,0,0,0,0,0,60,2026-02-03 12:57:05.667449
TGX,41.29,41.28,41.3,50000000.0,50000000.0,0,0,0,0,0,61,2026-02-03 12:57:06.703596
PHR,47.15,47.14,47.16,50000000.0,50000000.0,0,0,0,0,0,61,2026-02-03 12:57:06.703596
BYL,42.32,42.31,42.33,50000000.0,50000000.0,0,0,0,0,0,61,2026-02-03 12:57:06.703596
CLD,76.3,76.29,76.31,50000000.0,50000000.0,0,0,0,0,0,61,2026-02-03 12:57:06.703596
GGD,31.14,31.13,31.15,50000000.0,50000000.0,0,0,0,0,0,61,2026-02-03 12:57:06.703596
PNR,59.73,59.72,59.74,50000000.0,50000000.0,0,0,0,0,0,61,2026-02-03 12:57:06.703596
FSR,26.25,26.24,26.26,50000000.0,50000000.0,0,0,0,0,0,61,2026-02-03 12:57:06.703596
ATB,61.3,61.29,61.31,50000000.0,50000000.0,0,0,0,0,0,61,2026-02-03 12:57:06.703596
SPK,51.59,51.58,51.6,50000000.0,50000000.0,0,0,0,0,0,61,2026-02-03 12:57:06.703596
EEC,44.91,44.9,44.92,50000000.0,50000000.0,0,0,0,0,0,61,2026-02-03 12:57:06.703596
TGX,41.3,41.29,41.31,50000000.0,50000000.0,0,0,0,0,0,62,2026-02-03 12:57:07.781636
PHR,47.33,47.32,47.34,50000000.0,50000000.0,0,0,0,0,0,62,2026-02-03 12:57:07.781636
BYL,42.15,42.14,42.16,50000000.0,50000000.0,0,0,0,0,0,62,2026-02-03 12:57:07.781636
CLD,75.94,75.93,75.95,50000000.0,50000000.0,0,0,0,0,0,62,2026-02-03 12:57:07.781636
GGD,31.15,31.14,31.16,50000000.0,50000000.0,0,0,0,0,0,62,2026-02-03 12:57:07.781636
PNR,59.53,59.52,59.54,50000000.0,50000000.0,0,0,0,0,0,62,2026-02-03 12:57:07.781636
FSR,26.18,26.17,26.19,50000000.0,50000000.0,0,0,0,0,0,62,2026-02-03 12:57:07.781636
ATB,60.98,60.97,60.99,50000000.0,50000000.0,0,0,0,0,0,62,2026-02-03 12:57:07.781636
SPK,51.34,51.33,51.35,50000000.0,50000000.0,0,0,0,0,0,62,2026-02-03 12:57:07.781636
EEC,44.49,44.48,44.5,50000000.0,50000000.0,0,0,0,0,0,62,2026-02-03 12:57:07.781636
TGX,41.33,41.32,41.34,50000000.0,50000000.0,0,0,0,0,0,63,2026-02-03 12:57:08.818251
PHR,47.46,47.45,47.47,50000000.0,50000000.0,0,0,0,0,0,63,2026-02-03 12:57:08.818251
BYL,42.06,42.05,42.07,50000000.0,50000000.0,0,0,0,0,0,63,2026-02-03 12:57:08.818251
CLD,75.73,75.72,75.74,50000000.0,50000000.0,0,0,0,0,0,63,2026-02-03 12:57:08.818251
GGD,31.16,31.15,31.17,50000000.0,50000000.0,0,0,0,0,0,63,2026-02-03 12:57:08.818251
PNR,59.78,59.77,59.79,50000000.0,50000000.0,0,0,0,0,0,63,2026-02-03 12:57:08.818251
FSR,26.19,26.18,26.2,50000000.0,50000000.0,0,0,0,0,0,63,2026-02-03 12:57:08.818251
ATB,60.85,60.84,60.86,50000000.0,50000000.0,0,0,0,0,0,63,2026-02-03 12:57:08.818251
SPK,51.34,51.33,51.35,50000000.0,50000000.0,0,0,0,0,0,63,2026-02-03 12:57:08.818251
EEC,44.39,44.38,44.4,50000000.0,50000000.0,0,0,0,0,0,63,2026-02-03 12:57:08.818251
TGX,41.3,41.29,41.31,50000000.0,50000000.0,0,0,0,0,0,64,2026-02-03 12:57:09.863826
PHR,47.53,47.52,47.54,50000000.0,50000000.0,0,0,0,0,0,64,2026-02-03 12:57:09.863826
BYL,42.23,42.22,42.24,50000000.0,50000000.0,0,0,0,0,0,64,2026-02-03 12:57:09.863826
CLD,76.1,76.09,76.11,50000000.0,50000000.0,0,0,0,0,0,64,2026-02-03 12:57:09.863826
GGD,31.17,31.16,31.18,50000000.0,50000000.0,0,0,0,0,0,64,2026-02-03 12:57:09.863826
PNR,59.86,59.85,59.87,50000000.0,50000000.0,0,0,0,0,0,64,2026-02-03 12:57:09.863826
FSR,26.18,26.17,26.19,50000000.0,50000000.0,0,0,0,0,0,64,2026-02-03 12:57:09.863826
ATB,60.86,60.85,60.87,50000000.0,50000000.0,0,0,0,0,0,64,2026-02-03 12:57:09.863826
SPK,51.56,51.55,51.57,50000000.0,50000000.0,0,0,0,0,0,64,2026-02-03 12:57:09.863826
EEC,44.7,44.69,44.71,50000000.0,50000000.0,0,0,0,0,0,64,2026-02-03 12:57:09.863826
TGX,41.31,41.3,41.32,50000000.0,50000000.0,0,0,0,0,0,65,2026-02-03 12:57:10.905519
PHR,47.82,47.81,47.83,50000000.0,50000000.0,0,0,0,0,0,65,2026-02-03 12:57:10.905519
BYL,42.12,42.11,42.13,50000000.0,50000000.0,0,0,0,0,0,65,2026-02-03 12:57:10.905519
CLD,75.77,75.76,75.78,50000000.0,50000000.0,0,0,0,0,0,65,2026-02-03 12:57:10.905519
GGD,31.18,31.17,31.19,50000000.0,50000000.0,0,0,0,0,0,65,2026-02-03 12:57:10.905519
PNR,59.79,59.78,59.8,50000000.0,50000000.0,0,0,0,0,0,65,2026-02-03 12:57:10.905519
FSR,26.12,26.11,26.13,50000000.0,50000000.0,0,0,0,0,0,65,2026-02-03 12:57:10.905519
ATB,61.07,61.06,61.08,50000000.0,50000000.0,0,0,0,0,0,65,2026-02-03 12:57:10.905519
SPK,51.2,51.19,51.21,50000000.0,50000000.0,0,0,0,0,0,65,2026-02-03 12:57:10.905519
EEC,44.22,44.21,44.23,50000000.0,50000000.0,0,0,0,0,0,65,2026-02-03 12:57:10.905519
TGX,41.33,41.32,41.34,50000000.0,50000000.0,0,0,0,0,0,66,2026-02-03 12:57:11.944867
PHR,48.03,48.02,48.04,50000000.0,50000000.0,0,0,0,0,0,66,2026-02-03 12:57:11.944867
BYL,42.14,42.13,42.15,50000000.0,50000000.0,0,0,0,0,0,66,2026-02-03 12:57:11.944867
CLD,75.84,75.83,75.85,50000000.0,50000000.0,0,0,0,0,0,66,2026-02-03 12:57:11.944867
GGD,31.19,31.18,31.2,50000000.0,50000000.0,0,0,0,0,0,66,2026-02-03 12:57:11.944867
PNR,59.84,59.83,59.85,50000000.0,50000000.0,0,0,0,0,0,66,2026-02-03 12:57:11.944867
FSR,26.15,26.14,26.16,50000000.0,50000000.0,0,0,0,0,0,66,2026-02-03 12:57:11.944867
ATB,60.76,60.75,60.77,50000000.0,50000000.0,0,0,0,0,0,66,2026-02-03 12:57:11.944867
SPK,51.17,51.16,51.18,50000000.0,50000000.0,0,0,0,0,0,66,2026-02-03 12:57:11.944867
EEC,44.13,44.12,44.14,50000000.0,50000000.0,0,0,0,0,0,66,2026-02-03 12:57:11.944867
TGX,41.36,41.35,41.37,50000000.0,50000000.0,0,0,0,0,0,67,2026-02-03 12:57:12.982044
PHR,48.08,48.07,48.09,50000000.0,50000000.0,0,0,0,0,0,67,2026-02-03 12:57:12.982044
BYL,41.88,41.87,41.89,50000000.0,50000000.0,0,0,0,0,0,67,2026-02-03 12:57:12.982044
CLD,75.45,75.44,75.46,50000000.0,50000000.0,0,0,0,0,0,67,2026-02-03 12:57:12.982044
GGD,31.21,31.2,31.22,50000000.0,50000000.0,0,0,0,0,0,67,2026-02-03 12:57:12.982044
PNR,59.87,59.86,59.88,50000000.0,50000000.0,0,0,0,0,0,67,2026-02-03 12:57:12.982044
FSR,26.16,26.15,26.17,50000000.0,50000000.0,0,0,0,0,0,67,2026-02-03 12:57:12.982044
ATB,60.72,60.71,60.73,50000000.0,50000000.0,0,0,0,0,0,67,2026-02-03 12:57:12.982044
SPK,51.58,51.57,51.59,50000000.0,50000000.0,0,0,0,0,0,67,2026-02-03 12:57:12.982044
EEC,44.72,44.71,44.73,50000000.0,50000000.0,0,0,0,0,0,67,2026-02-03 12:57:12.982044
TGX,41.33,41.32,41.34,50000000.0,50000000.0,0,0,0,0,0,68,2026-02-03 12:57:14.019271
PHR,48.19,48.18,48.2,50000000.0,50000000.0,0,0,0,0,0,68,2026-02-03 12:57:14.019271
BYL,41.97,41.96,41.98,50000000.0,50000000.0,0,0,0,0,0,68,2026-02-03 12:57:14.019271
CLD,75.65,75.64,75.66,50000000.0,50000000.0,0,0,0,0,0,68,2026-02-03 12:57:14.019271
GGD,31.19,31.18,31.2,50000000.0,50000000.0,0,0,0,0,0,68,2026-02-03 12:57:14.019271
PNR,59.7,59.69,59.71,50000000.0,50000000.0,0,0,0,0,0,68,2026-02-03 12:57:14.019271
FSR,26.15,26.14,26.16,50000000.0,50000000.0,0,0,0,0,0,68,2026-02-03 12:57:14.019271
ATB,60.74,60.73,60.75,50000000.0,50000000.0,0,0,0,0,0,68,2026-02-03 12:57:14.019271
SPK,51.63,51.62,51.64,50000000.0,50000000.0,0,0,0,0,0,68,2026-02-03 12:57:14.019271
EEC,44.74,44.73,44.75,50000000.0,50000000.0,0,0,0,0,0,68,2026-02-03 12:57:14.019271
TGX,41.3,41.29,41.31,50000000.0,50000000.0,0,0,0,0,0,69,2026-02-03 12:57:15.056875
PHR,48.08,48.07,48.09,50000000.0,50000000.0,0,0,0,0,0,69,2026-02-03 12:57:15.056875
BYL,41.98,41.97,41.99,50000000.0,50000000.0,0,0,0,0,0,69,2026-02-03 12:57:15.056875
CLD,75.69,75.68,75.7,50000000.0,50000000.0,0,0,0,0,0,69,2026-02-03 12:57:15.056875
GGD,31.2,31.19,31.21,50000000.0,50000000.0,0,0,0,0,0,69,2026-02-03 12:57:15.056875
PNR,59.78,59.77,59.79,50000000.0,50000000.0,0,0,0,0,0,69,2026-02-03 12:57:15.056875
FSR,26.22,26.21,26.23,50000000.0,50000000.0,0,0,0,0,0,69,2026-02-03 12:57:15.056875
ATB,60.94,60.93,60.95,50000000.0,50000000.0,0,0,0,0,0,69,2026-02-03 12:57:15.056875
SPK,51.83,51.82,51.84,50000000.0,50000000.0,0,0,0,0,0,69,2026-02-03 12:57:15.056875
EEC,45.06,45.05,45.07,50000000.0,50000000.0,0,0,0,0,0,69,2026-02-03 12:57:15.056875
TGX,41.26,41.25,41.27,50000000.0,50000000.0,0,0,0,0,0,70,2026-02-03 12:57:16.094111
PHR,47.95,47.94,47.96,50000000.0,50000000.0,0,0,0,0,0,70,2026-02-03 12:57:16.094111
BYL,41.87,41.86,41.88,50000000.0,50000000.0,0,0,0,0,0,70,2026-02-03 12:57:16.094111
CLD,75.43,75.42,75.44,50000000.0,50000000.0,0,0,0,0,0,70,2026-02-03 12:57:16.094111
GGD,31.25,31.24,31.26,50000000.0,50000000.0,0,0,0,0,0,70,2026-02-03 12:57:16.094111
PNR,60.08,60.07,60.09,50000000.0,50000000.0,0,0,0,0,0,70,2026-02-03 12:57:16.094111
FSR,26.28,26.27,26.29,50000000.0,50000000.0,0,0,0,0,0,70,2026-02-03 12:57:16.094111
ATB,60.67,60.66,60.68,50000000.0,50000000.0,0,0,0,0,0,70,2026-02-03 12:57:16.094111
SPK,51.78,51.77,51.79,50000000.0,50000000.0,0,0,0,0,0,70,2026-02-03 12:57:16.094111
EEC,44.92,44.91,44.93,50000000.0,50000000.0,0,0,0,0,0,70,2026-02-03 12:57:16.094111
TGX,41.3,41.29,41.31,50000000.0,50000000.0,0,0,0,0,0,71,2026-02-03 12:57:17.135696
PHR,47.84,47.83,47.85,50000000.0,50000000.0,0,0,0,0,0,71,2026-02-03 12:57:17.135696
BYL,41.85,41.84,41.86,50000000.0,50000000.0,0,0,0,0,0,71,2026-02-03 12:57:17.135696
CLD,75.29,75.28,75.3,50000000.0,50000000.0,0,0,0,0,0,71,2026-02-03 12:57:17.135696
GGD,31.21,31.2,31.22,50000000.0,50000000.0,0,0,0,0,0,71,2026-02-03 12:57:17.135696
PNR,60.07,60.06,60.08,50000000.0,50000000.0,0,0,0,0,0,71,2026-02-03 12:57:17.135696
FSR,26.25,26.24,26.26,50000000.0,50000000.0,0,0,0,0,0,71,2026-02-03 12:57:17.135696
ATB,60.44,60.43,60.45,50000000.0,50000000.0,0,0,0,0,0,71,2026-02-03 12:57:17.135696
SPK,52.07,52.06,52.08,50000000.0,50000000.0,0,0,0,0,0,71,2026-02-03 12:57:17.135696
EEC,45.29,45.28,45.3,50000000.0,50000000.0,0,0,0,0,0,71,2026-02-03 12:57:17.135696
TGX,41.32,41.31,41.33,50000000.0,50000000.0,0,0,0,0,0,72,2026-02-03 12:57:18.172503
PHR,47.95,47.94,47.96,50000000.0,50000000.0,0,0,0,0,0,72,2026-02-03 12:57:18.172503
BYL,41.84,41.83,41.85,50000000.0,50000000.0,0,0,0,0,0,72,2026-02-03 12:57:18.172503
CLD,75.18,75.17,75.19,50000000.0,50000000.0,0,0,0,0,0,72,2026-02-03 12:57:18.172503
GGD,31.22,31.21,31.23,50000000.0,50000000.0,0,0,0,0,0,72,2026-02-03 12:57:18.172503
PNR,60.14,60.13,60.15,50000000.0,50000000.0,0,0,0,0,0,72,2026-02-03 12:57:18.172503
FSR,26.19,26.18,26.2,50000000.0,50000000.0,0,0,0,0,0,72,2026-02-03 12:57:18.172503
ATB,60.41,60.4,60.42,50000000.0,50000000.0,0,0,0,0,0,72,2026-02-03 12:57:18.172503
SPK,52.24,52.23,52.25,50000000.0,50000000.0,0,0,0,0,0,72,2026-02-03 12:57:18.172503
EEC,45.61,45.6,45.62,50000000.0,50000000.0,0,0,0,0,0,72,2026-02-03 12:57:18.172503
TGX,41.42,41.41,41.43,50000000.0,50000000.0,0,0,0,0,0,73,2026-02-03 12:57:18.748072
PHR,47.95,47.94,47.96,50000000.0,50000000.0,0,0,0,0,0,73,2026-02-03 12:57:18.748072
BYL,41.9,41.89,41.91,50000000.0,50000000.0,0,0,0,0,0,73,2026-02-03 12:57:18.748072
CLD,75.23,75.22,75.24,50000000.0,50000000.0,0,0,0,0,0,73,2026-02-03 12:57:18.748072
GGD,31.23,31.22,31.24,50000000.0,50000000.0,0,0,0,0,0,73,2026-02-03 12:57:18.748072
PNR,60.09,60.08,60.1,50000000.0,50000000.0,0,0,0,0,0,73,2026-02-03 12:57:18.748072
FSR,26.17,26.16,26.18,50000000.0,50000000.0,0,0,0,0,0,73,2026-02-03 12:57:18.748072
ATB,60.3,60.29,60.31,50000000.0,50000000.0,0,0,0,0,0,73,2026-02-03 12:57:18.748072
SPK,52.4,52.39,52.41,50000000.0,50000000.0,0,0,0,0,0,73,2026-02-03 12:57:18.748072
EEC,45.84,45.83,45.85,50000000.0,50000000.0,0,0,0,0,0,73,2026-02-03 12:57:18.748072
TGX,41.38,41.37,41.39,50000000.0,50000000.0,0,0,0,0,0,74,2026-02-03 12:57:19.789281
PHR,48.27,48.26,48.28,50000000.0,50000000.0,0,0,0,0,0,74,2026-02-03 12:57:19.789281
BYL,41.92,41.91,41.93,50000000.0,50000000.0,0,0,0,0,0,74,2026-02-03 12:57:19.789281
CLD,75.29,75.28,75.3,50000000.0,50000000.0,0,0,0,0,0,74,2026-02-03 12:57:19.789281
GGD,31.23,31.22,31.24,50000000.0,50000000.0,0,0,0,0,0,74,2026-02-03 12:57:19.789281
PNR,59.89,59.88,59.9,50000000.0,50000000.0,0,0,0,0,0,74,2026-02-03 12:57:19.789281
FSR,26.2,26.19,26.21,50000000.0,50000000.0,0,0,0,0,0,74,2026-02-03 12:57:19.789281
ATB,60.21,60.2,60.22,50000000.0,50000000.0,0,0,0,0,0,74,2026-02-03 12:57:19.789281
SPK,52.43,52.42,52.44,50000000.0,50000000.0,0,0,0,0,0,74,2026-02-03 12:57:19.789281
EEC,45.85,45.84,45.86,50000000.0,50000000.0,0,0,0,0,0,74,2026-02-03 12:57:19.789281
TGX,41.42,41.41,41.43,50000000.0,50000000.0,0,0,0,0,0,75,2026-02-03 12:57:20.842770,6.0,1.0,74.0,D5-SPK/EEC,Minority Shareholder Litigation,Class action filed alleging inadequate disclosure and conflicts of interest.
PHR,48.28,48.27,48.29,50000000.0,50000000.0,0,0,0,0,0,75,2026-02-03 12:57:20.842770,,,,,,
BYL,41.93,41.92,41.94,50000000.0,50000000.0,0,0,0,0,0,75,2026-02-03 12:57:20.842770,,,,,,
CLD,75.3,75.29,75.31,50000000.0,50000000.0,0,0,0,0,0,75,2026-02-03 12:57:20.842770,,,,,,
GGD,31.29,31.28,31.3,50000000.0,50000000.0,0,0,0,0,0,75,2026-02-03 12:57:20.842770,,,,,,
PNR,59.9,59.89,59.91,50000000.0,50000000.0,0,0,0,0,0,75,2026-02-03 12:57:20.842770,,,,,,
FSR,26.18,26.17,26.19,50000000.0,50000000.0,0,0,0,0,0,75,2026-02-03 12:57:20.842770,,,,,,
ATB,59.94,59.93,59.95,50000000.0,50000000.0,0,0,0,0,0,75,2026-02-03 12:57:20.842770,,,,,,
SPK,52.65,52.64,52.66,50000000.0,50000000.0,0,0,0,0,0,75,2026-02-03 12:57:20.842770,,,,,,
EEC,46.22,46.21,46.23,50000000.0,50000000.0,0,0,0,0,0,75,2026-02-03 12:57:20.842770,,,,,,
TGX,41.36,41.35,41.37,50000000.0,50000000.0,0,0,0,0,0,76,2026-02-03 12:57:21.878968
PHR,48.25,48.24,48.26,50000000.0,50000000.0,0,0,0,0,0,76,2026-02-03 12:57:21.878968
BYL,42.02,42.01,42.03,50000000.0,50000000.0,0,0,0,0,0,76,2026-02-03 12:57:21.878968
CLD,75.47,75.46,75.48,50000000.0,50000000.0,0,0,0,0,0,76,2026-02-03 12:57:21.878968
GGD,31.3,31.29,31.31,50000000.0,50000000.0,0,0,0,0,0,76,2026-02-03 12:57:21.878968
PNR,59.72,59.71,59.73,50000000.0,50000000.0,0,0,0,0,0,76,2026-02-03 12:57:21.878968
FSR,26.13,26.12,26.14,50000000.0,50000000.0,0,0,0,0,0,76,2026-02-03 12:57:21.878968
ATB,59.91,59.9,59.92,50000000.0,50000000.0,0,0,0,0,0,76,2026-02-03 12:57:21.878968
SPK,52.68,52.67,52.69,50000000.0,50000000.0,0,0,0,0,0,76,2026-02-03 12:57:21.878968
EEC,46.16,46.15,46.17,50000000.0,50000000.0,0,0,0,0,0,76,2026-02-03 12:57:21.878968
TGX,41.41,41.4,41.42,50000000.0,50000000.0,0,0,0,0,0,77,2026-02-03 12:57:22.915605,7.0,1.0,76.0,D3-GGD/PNR,Credit Facility Amendment Negotiated,Successfully negotiates amendment to credit agreement providing additional financial flexibility.
PHR,48.04,48.03,48.05,50000000.0,50000000.0,0,0,0,0,0,77,2026-02-03 12:57:22.915605,,,,,,
BYL,41.98,41.97,41.99,50000000.0,50000000.0,0,0,0,0,0,77,2026-02-03 12:57:22.915605,,,,,,
CLD,75.29,75.28,75.3,50000000.0,50000000.0,0,0,0,0,0,77,2026-02-03 12:57:22.915605,,,,,,
GGD,31.27,31.26,31.28,50000000.0,50000000.0,0,0,0,0,0,77,2026-02-03 12:57:22.915605,,,,,,
PNR,59.41,59.4,59.42,50000000.0,50000000.0,0,0,0,0,0,77,2026-02-03 12:57:22.915605,,,,,,
FSR,26.1,26.09,26.11,50000000.0,50000000.0,0,0,0,0,0,77,2026-02-03 12:57:22.915605,,,,,,
ATB,59.81,59.8,59.82,50000000.0,50000000.0,0,0,0,0,0,77,2026-02-03 12:57:22.915605,,,,,,
SPK,52.76,52.75,52.77,50000000.0,50000000.0,0,0,0,0,0,77,2026-02-03 12:57:22.915605,,,,,,
EEC,46.34,46.33,46.35,50000000.0,50000000.0,0,0,0,0,0,77,2026-02-03 12:57:22.915605,,,,,,
TGX,41.43,41.42,41.44,50000000.0,50000000.0,0,0,0,0,0,78,2026-02-03 12:57:23.961197
PHR,47.8,47.79,47.81,50000000.0,50000000.0,0,0,0,0,0,78,2026-02-03 12:57:23.961197
BYL,41.95,41.94,41.96,50000000.0,50000000.0,0,0,0,0,0,78,2026-02-03 12:57:23.961197
CLD,75.31,75.3,75.32,50000000.0,50000000.0,0,0,0,0,0,78,2026-02-03 12:57:23.961197
GGD,31.27,31.26,31.28,50000000.0,50000000.0,0,0,0,0,0,78,2026-02-03 12:57:23.961197
PNR,59.31,59.3,59.32,50000000.0,50000000.0,0,0,0,0,0,78,2026-02-03 12:57:23.961197
FSR,26.09,26.08,26.1,50000000.0,50000000.0,0,0,0,0,0,78,2026-02-03 12:57:23.961197
ATB,59.71,59.7,59.72,50000000.0,50000000.0,0,0,0,0,0,78,2026-02-03 12:57:23.961197
SPK,52.6,52.59,52.61,50000000.0,50000000.0,0,0,0,0,0,78,2026-02-03 12:57:23.961197
EEC,46.18,46.17,46.19,50000000.0,50000000.0,0,0,0,0,0,78,2026-02-03 12:57:23.961197
TGX,41.43,41.42,41.44,50000000.0,50000000.0,0,0,0,0,0,79,2026-02-03 12:57:24.999523
PHR,47.78,47.77,47.79,50000000.0,50000000.0,0,0,0,0,0,79,2026-02-03 12:57:24.999523
BYL,41.91,41.9,41.92,50000000.0,50000000.0,0,0,0,0,0,79,2026-02-03 12:57:24.999523
CLD,75.4,75.39,75.41,50000000.0,50000000.0,0,0,0,0,0,79,2026-02-03 12:57:24.999523
GGD,31.24,31.23,31.25,50000000.0,50000000.0,0,0,0,0,0,79,2026-02-03 12:57:24.999523
PNR,59.15,59.14,59.16,50000000.0,50000000.0,0,0,0,0,0,79,2026-02-03 12:57:24.999523
FSR,26.06,26.05,26.07,50000000.0,50000000.0,0,0,0,0,0,79,2026-02-03 12:57:24.999523
ATB,59.78,59.77,59.79,50000000.0,50000000.0,0,0,0,0,0,79,2026-02-03 12:57:24.999523
SPK,52.69,52.68,52.7,50000000.0,50000000.0,0,0,0,0,0,79,2026-02-03 12:57:24.999523
EEC,46.29,46.28,46.3,50000000.0,50000000.0,0,0,0,0,0,79,2026-02-03 12:57:24.999523
TGX,41.44,41.43,41.45,50000000.0,50000000.0,0,0,0,0,0,80,2026-02-03 12:57:26.037701
PHR,47.53,47.52,47.54,50000000.0,50000000.0,0,0,0,0,0,80,2026-02-03 12:57:26.037701
BYL,41.82,41.81,41.83,50000000.0,50000000.0,0,0,0,0,0,80,2026-02-03 12:57:26.037701
CLD,75.27,75.26,75.28,50000000.0,50000000.0,0,0,0,0,0,80,2026-02-03 12:57:26.037701
GGD,31.25,31.24,31.26,50000000.0,50000000.0,0,0,0,0,0,80,2026-02-03 12:57:26.037701
PNR,59.24,59.23,59.25,50000000.0,50000000.0,0,0,0,0,0,80,2026-02-03 12:57:26.037701
FSR,26.05,26.04,26.06,50000000.0,50000000.0,0,0,0,0,0,80,2026-02-03 12:57:26.037701
ATB,60.05,60.04,60.06,50000000.0,50000000.0,0,0,0,0,0,80,2026-02-03 12:57:26.037701
SPK,52.64,52.63,52.65,50000000.0,50000000.0,0,0,0,0,0,80,2026-02-03 12:57:26.037701
EEC,46.21,46.2,46.22,50000000.0,50000000.0,0,0,0,0,0,80,2026-02-03 12:57:26.037701
TGX,41.49,41.48,41.5,50000000.0,50000000.0,0,0,0,0,0,81,2026-02-03 12:57:27.075862
PHR,47.78,47.77,47.79,50000000.0,50000000.0,0,0,0,0,0,81,2026-02-03 12:57:27.075862
BYL,41.6,41.59,41.61,50000000.0,50000000.0,0,0,0,0,0,81,2026-02-03 12:57:27.075862
CLD,74.8,74.79,74.81,50000000.0,50000000.0,0,0,0,0,0,81,2026-02-03 12:57:27.075862
GGD,31.28,31.27,31.29,50000000.0,50000000.0,0,0,0,0,0,81,2026-02-03 12:57:27.075862
PNR,59.24,59.23,59.25,50000000.0,50000000.0,0,0,0,0,0,81,2026-02-03 12:57:27.075862
FSR,26.04,26.03,26.05,50000000.0,50000000.0,0,0,0,0,0,81,2026-02-03 12:57:27.075862
ATB,59.9,59.89,59.91,50000000.0,50000000.0,0,0,0,0,0,81,2026-02-03 12:57:27.075862
SPK,52.57,52.56,52.58,50000000.0,50000000.0,0,0,0,0,0,81,2026-02-03 12:57:27.075862
EEC,46.07,46.06,46.08,50000000.0,50000000.0,0,0,0,0,0,81,2026-02-03 12:57:27.075862
TGX,41.46,41.45,41.47,50000000.0,50000000.0,0,0,0,0,0,82,2026-02-03 12:57:28.109461
PHR,48.0,47.99,48.01,50000000.0,50000000.0,0,0,0,0,0,82,2026-02-03 12:57:28.109461
BYL,41.77,41.76,41.78,50000000.0,50000000.0,0,0,0,0,0,82,2026-02-03 12:57:28.109461
CLD,75.19,75.18,75.2,50000000.0,50000000.0,0,0,0,0,0,82,2026-02-03 12:57:28.109461
GGD,31.28,31.27,31.29,50000000.0,50000000.0,0,0,0,0,0,82,2026-02-03 12:57:28.109461
PNR,59.15,59.14,59.16,50000000.0,50000000.0,0,0,0,0,0,82,2026-02-03 12:57:28.109461
FSR,25.98,25.97,25.99,50000000.0,50000000.0,0,0,0,0,0,82,2026-02-03 12:57:28.109461
ATB,59.65,59.64,59.66,50000000.0,50000000.0,0,0,0,0,0,82,2026-02-03 12:57:28.109461
SPK,52.42,52.41,52.43,50000000.0,50000000.0,0,0,0,0,0,82,2026-02-03 12:57:28.109461
EEC,45.88,45.87,45.89,50000000.0,50000000.0,0,0,0,0,0,82,2026-02-03 12:57:28.109461
TGX,41.5,41.49,41.51,50000000.0,50000000.0,0,0,0,0,0,83,2026-02-03 12:57:29.148378
PHR,47.9,47.89,47.91,50000000.0,50000000.0,0,0,0,0,0,83,2026-02-03 12:57:29.148378
BYL,41.78,41.77,41.79,50000000.0,50000000.0,0,0,0,0,0,83,2026-02-03 12:57:29.148378
CLD,75.34,75.33,75.35,50000000.0,50000000.0,0,0,0,0,0,83,2026-02-03 12:57:29.148378
GGD,31.25,31.24,31.26,50000000.0,50000000.0,0,0,0,0,0,83,2026-02-03 12:57:29.148378
PNR,59.01,59.0,59.02,50000000.0,50000000.0,0,0,0,0,0,83,2026-02-03 12:57:29.148378
FSR,25.97,25.96,25.98,50000000.0,50000000.0,0,0,0,0,0,83,2026-02-03 12:57:29.148378
ATB,59.68,59.67,59.69,50000000.0,50000000.0,0,0,0,0,0,83,2026-02-03 12:57:29.148378
SPK,52.59,52.58,52.6,50000000.0,50000000.0,0,0,0,0,0,83,2026-02-03 12:57:29.148378
EEC,46.14,46.13,46.15,50000000.0,50000000.0,0,0,0,0,0,83,2026-02-03 12:57:29.148378
TGX,41.48,41.47,41.49,50000000.0,50000000.0,0,0,0,0,0,84,2026-02-03 12:57:30.192501,8.0,1.0,83.0,D1-TGX/PHR,Integration Planning Underway,"Companies announce formation of joint integration management office and steering committees, demonstrating operational progress toward closing."
PHR,47.85,47.84,47.86,50000000.0,50000000.0,0,0,0,0,0,84,2026-02-03 12:57:30.192501,,,,,,
BYL,41.83,41.82,41.84,50000000.0,50000000.0,0,0,0,0,0,84,2026-02-03 12:57:30.192501,,,,,,
CLD,75.46,75.45,75.47,50000000.0,50000000.0,0,0,0,0,0,84,2026-02-03 12:57:30.192501,,,,,,
GGD,31.28,31.27,31.29,50000000.0,50000000.0,0,0,0,0,0,84,2026-02-03 12:57:30.192501,,,,,,
PNR,59.05,59.04,59.06,50000000.0,50000000.0,0,0,0,0,0,84,2026-02-03 12:57:30.192501,,,,,,
FSR,25.96,25.95,25.97,50000000.0,50000000.0,0,0,0,0,0,84,2026-02-03 12:57:30.192501,,,,,,
ATB,59.59,59.58,59.6,50000000.0,50000000.0,0,0,0,0,0,84,2026-02-03 12:57:30.192501,,,,,,
SPK,52.69,52.68,52.7,50000000.0,50000000.0,0,0,0,0,0,84,2026-02-03 12:57:30.192501,,,,,,
EEC,46.23,46.22,46.24,50000000.0,50000000.0,0,0,0,0,0,84,2026-02-03 12:57:30.192501,,,,,,
TGX,41.48,41.47,41.49,50000000.0,50000000.0,0,0,0,0,0,85,2026-02-03 12:57:30.727356,9.0,1.0,84.0,D1-TGX/PHR,HSR Filing Made,"The companies have filed their Hart-Scott-Rodino notification with the FTC and DOJ, commencing the regulatory review timeline."
PHR,48.02,48.01,48.03,50000000.0,50000000.0,0,0,0,0,0,85,2026-02-03 12:57:30.727356,,,,,,
BYL,41.81,41.8,41.82,50000000.0,50000000.0,0,0,0,0,0,85,2026-02-03 12:57:30.727356,,,,,,
CLD,75.53,75.52,75.54,50000000.0,50000000.0,0,0,0,0,0,85,2026-02-03 12:57:30.727356,,,,,,
GGD,31.37,31.36,31.38,50000000.0,50000000.0,0,0,0,0,0,85,2026-02-03 12:57:30.727356,,,,,,
PNR,58.98,58.97,58.99,50000000.0,50000000.0,0,0,0,0,0,85,2026-02-03 12:57:30.727356,,,,,,
FSR,26.02,26.01,26.03,50000000.0,50000000.0,0,0,0,0,0,85,2026-02-03 12:57:30.727356,,,,,,
ATB,59.83,59.82,59.84,50000000.0,50000000.0,0,0,0,0,0,85,2026-02-03 12:57:30.727356,,,,,,
SPK,52.33,52.32,52.34,50000000.0,50000000.0,0,0,0,0,0,85,2026-02-03 12:57:30.727356,,,,,,
EEC,45.66,45.65,45.67,50000000.0,50000000.0,0,0,0,0,0,85,2026-02-03 12:57:30.727356,,,,,,
TGX,41.52,41.51,41.53,50000000.0,50000000.0,0,0,0,0,0,86,2026-02-03 12:57:31.774709
PHR,47.62,47.61,47.63,50000000.0,50000000.0,0,0,0,0,0,86,2026-02-03 12:57:31.774709
BYL,41.54,41.53,41.55,50000000.0,50000000.0,0,0,0,0,0,86,2026-02-03 12:57:31.774709
CLD,74.93,74.92,74.94,50000000.0,50000000.0,0,0,0,0,0,86,2026-02-03 12:57:31.774709
GGD,31.35,31.34,31.36,50000000.0,50000000.0,0,0,0,0,0,86,2026-02-03 12:57:31.774709
PNR,59.02,59.01,59.03,50000000.0,50000000.0,0,0,0,0,0,86,2026-02-03 12:57:31.774709
FSR,26.02,26.01,26.03,50000000.0,50000000.0,0,0,0,0,0,86,2026-02-03 12:57:31.774709
ATB,59.69,59.68,59.7,50000000.0,50000000.0,0,0,0,0,0,86,2026-02-03 12:57:31.774709
SPK,52.47,52.46,52.48,50000000.0,50000000.0,0,0,0,0,0,86,2026-02-03 12:57:31.774709
EEC,45.88,45.87,45.89,50000000.0,50000000.0,0,0,0,0,0,86,2026-02-03 12:57:31.774709
TGX,41.52,41.51,41.53,50000000.0,50000000.0,0,0,0,0,0,87,2026-02-03 12:57:32.811676
PHR,47.11,47.1,47.12,50000000.0,50000000.0,0,0,0,0,0,87,2026-02-03 12:57:32.811676
BYL,41.53,41.52,41.54,50000000.0,50000000.0,0,0,0,0,0,87,2026-02-03 12:57:32.811676
CLD,74.98,74.97,74.99,50000000.0,50000000.0,0,0,0,0,0,87,2026-02-03 12:57:32.811676
GGD,31.27,31.26,31.28,50000000.0,50000000.0,0,0,0,0,0,87,2026-02-03 12:57:32.811676
PNR,58.88,58.87,58.89,50000000.0,50000000.0,0,0,0,0,0,87,2026-02-03 12:57:32.811676
FSR,26.05,26.04,26.06,50000000.0,50000000.0,0,0,0,0,0,87,2026-02-03 12:57:32.811676
ATB,59.95,59.94,59.96,50000000.0,50000000.0,0,0,0,0,0,87,2026-02-03 12:57:32.811676
SPK,52.75,52.74,52.76,50000000.0,50000000.0,0,0,0,0,0,87,2026-02-03 12:57:32.811676
EEC,46.31,46.3,46.32,50000000.0,50000000.0,0,0,0,0,0,87,2026-02-03 12:57:32.811676
TGX,41.58,41.57,41.59,50000000.0,50000000.0,0,0,0,0,0,88,2026-02-03 12:57:33.854974
PHR,47.17,47.16,47.18,50000000.0,50000000.0,0,0,0,0,0,88,2026-02-03 12:57:33.854974
BYL,41.34,41.33,41.35,50000000.0,50000000.0,0,0,0,0,0,88,2026-02-03 12:57:33.854974
CLD,74.44,74.43,74.45,50000000.0,50000000.0,0,0,0,0,0,88,2026-02-03 12:57:33.854974
GGD,31.34,31.33,31.35,50000000.0,50000000.0,0,0,0,0,0,88,2026-02-03 12:57:33.854974
PNR,58.86,58.85,58.87,50000000.0,50000000.0,0,0,0,0,0,88,2026-02-03 12:57:33.854974
FSR,26.01,26.0,26.02,50000000.0,50000000.0,0,0,0,0,0,88,2026-02-03 12:57:33.854974
ATB,59.92,59.91,59.93,50000000.0,50000000.0,0,0,0,0,0,88,2026-02-03 12:57:33.854974
SPK,52.67,52.66,52.68,50000000.0,50000000.0,0,0,0,0,0,88,2026-02-03 12:57:33.854974
EEC,46.19,46.18,46.2,50000000.0,50000000.0,0,0,0,0,0,88,2026-02-03 12:57:33.854974
TGX,41.54,41.53,41.55,50000000.0,50000000.0,0,0,0,0,0,89,2026-02-03 12:57:34.916174
PHR,47.0,46.99,47.01,50000000.0,50000000.0,0,0,0,0,0,89,2026-02-03 12:57:34.916174
BYL,41.41,41.4,41.42,50000000.0,50000000.0,0,0,0,0,0,89,2026-02-03 12:57:34.916174
CLD,74.55,74.54,74.56,50000000.0,50000000.0,0,0,0,0,0,89,2026-02-03 12:57:34.916174
GGD,31.38,31.37,31.39,50000000.0,50000000.0,0,0,0,0,0,89,2026-02-03 12:57:34.916174
PNR,58.89,58.88,58.9,50000000.0,50000000.0,0,0,0,0,0,89,2026-02-03 12:57:34.916174
FSR,25.99,25.98,26.0,50000000.0,50000000.0,0,0,0,0,0,89,2026-02-03 12:57:34.916174
ATB,59.71,59.7,59.72,50000000.0,50000000.0,0,0,0,0,0,89,2026-02-03 12:57:34.916174
SPK,52.63,52.62,52.64,50000000.0,50000000.0,0,0,0,0,0,89,2026-02-03 12:57:34.916174
EEC,46.17,46.16,46.18,50000000.0,50000000.0,0,0,0,0,0,89,2026-02-03 12:57:34.916174
TGX,41.54,41.53,41.55,50000000.0,50000000.0,0,0,0,0,0,90,2026-02-03 12:57:35.968283
PHR,47.09,47.08,47.1,50000000.0,50000000.0,0,0,0,0,0,90,2026-02-03 12:57:35.968283
BYL,41.43,41.42,41.44,50000000.0,50000000.0,0,0,0,0,0,90,2026-02-03 12:57:35.968283
CLD,74.62,74.61,74.63,50000000.0,50000000.0,0,0,0,0,0,90,2026-02-03 12:57:35.968283
GGD,31.38,31.37,31.39,50000000.0,50000000.0,0,0,0,0,0,90,2026-02-03 12:57:35.968283
PNR,58.91,58.9,58.92,50000000.0,50000000.0,0,0,0,0,0,90,2026-02-03 12:57:35.968283
FSR,25.99,25.98,26.0,50000000.0,50000000.0,0,0,0,0,0,90,2026-02-03 12:57:35.968283
ATB,59.66,59.65,59.67,50000000.0,50000000.0,0,0,0,0,0,90,2026-02-03 12:57:35.968283
SPK,52.73,52.72,52.74,50000000.0,50000000.0,0,0,0,0,0,90,2026-02-03 12:57:35.968283
EEC,46.27,46.26,46.28,50000000.0,50000000.0,0,0,0,0,0,90,2026-02-03 12:57:35.968283
TGX,41.52,41.51,41.53,50000000.0,50000000.0,0,0,0,0,0,91,2026-02-03 12:57:37.001091
PHR,46.99,46.98,47.0,50000000.0,50000000.0,0,0,0,0,0,91,2026-02-03 12:57:37.001091
BYL,41.46,41.45,41.47,50000000.0,50000000.0,0,0,0,0,0,91,2026-02-03 12:57:37.001091
CLD,74.78,74.77,74.79,50000000.0,50000000.0,0,0,0,0,0,91,2026-02-03 12:57:37.001091
GGD,31.47,31.46,31.48,50000000.0,50000000.0,0,0,0,0,0,91,2026-02-03 12:57:37.001091
PNR,59.04,59.03,59.05,50000000.0,50000000.0,0,0,0,0,0,91,2026-02-03 12:57:37.001091
FSR,25.99,25.98,26.0,50000000.0,50000000.0,0,0,0,0,0,91,2026-02-03 12:57:37.001091
ATB,59.7,59.69,59.71,50000000.0,50000000.0,0,0,0,0,0,91,2026-02-03 12:57:37.001091
SPK,52.69,52.68,52.7,50000000.0,50000000.0,0,0,0,0,0,91,2026-02-03 12:57:37.001091
EEC,46.3,46.29,46.31,50000000.0,50000000.0,0,0,0,0,0,91,2026-02-03 12:57:37.001091
TGX,41.47,41.46,41.48,50000000.0,50000000.0,0,0,0,0,0,92,2026-02-03 12:57:38.033351
PHR,47.03,47.02,47.04,50000000.0,50000000.0,0,0,0,0,0,92,2026-02-03 12:57:38.033351
BYL,41.61,41.6,41.62,50000000.0,50000000.0,0,0,0,0,0,92,2026-02-03 12:57:38.033351
CLD,75.15,75.14,75.16,50000000.0,50000000.0,0,0,0,0,0,92,2026-02-03 12:57:38.033351
GGD,31.46,31.45,31.47,50000000.0,50000000.0,0,0,0,0,0,92,2026-02-03 12:57:38.033351
PNR,58.97,58.96,58.98,50000000.0,50000000.0,0,0,0,0,0,92,2026-02-03 12:57:38.033351
FSR,25.98,25.97,25.99,50000000.0,50000000.0,0,0,0,0,0,92,2026-02-03 12:57:38.033351
ATB,59.93,59.92,59.94,50000000.0,50000000.0,0,0,0,0,0,92,2026-02-03 12:57:38.033351
SPK,52.65,52.64,52.66,50000000.0,50000000.0,0,0,0,0,0,92,2026-02-03 12:57:38.033351
EEC,46.26,46.25,46.27,50000000.0,50000000.0,0,0,0,0,0,92,2026-02-03 12:57:38.033351
TGX,41.5,41.49,41.51,50000000.0,50000000.0,0,0,0,0,0,93,2026-02-03 12:57:39.075927
PHR,46.74,46.73,46.75,50000000.0,50000000.0,0,0,0,0,0,93,2026-02-03 12:57:39.075927
BYL,41.66,41.65,41.67,50000000.0,50000000.0,0,0,0,0,0,93,2026-02-03 12:57:39.075927
CLD,75.26,75.25,75.27,50000000.0,50000000.0,0,0,0,0,0,93,2026-02-03 12:57:39.075927
GGD,31.5,31.49,31.51,50000000.0,50000000.0,0,0,0,0,0,93,2026-02-03 12:57:39.075927
PNR,59.1,59.09,59.11,50000000.0,50000000.0,0,0,0,0,0,93,2026-02-03 12:57:39.075927
FSR,26.0,25.99,26.01,50000000.0,50000000.0,0,0,0,0,0,93,2026-02-03 12:57:39.075927
ATB,59.83,59.82,59.84,50000000.0,50000000.0,0,0,0,0,0,93,2026-02-03 12:57:39.075927
SPK,52.69,52.68,52.7,50000000.0,50000000.0,0,0,0,0,0,93,2026-02-03 12:57:39.075927
EEC,46.24,46.23,46.25,50000000.0,50000000.0,0,0,0,0,0,93,2026-02-03 12:57:39.075927
TGX,41.5,41.49,41.51,50000000.0,50000000.0,0,0,0,0,0,94,2026-02-03 12:57:40.114102
PHR,46.57,46.56,46.58,50000000.0,50000000.0,0,0,0,0,0,94,2026-02-03 12:57:40.114102
BYL,41.74,41.73,41.75,50000000.0,50000000.0,0,0,0,0,0,94,2026-02-03 12:57:40.114102
CLD,75.31,75.3,75.32,50000000.0,50000000.0,0,0,0,0,0,94,2026-02-03 12:57:40.114102
GGD,31.5,31.49,31.51,50000000.0,50000000.0,0,0,0,0,0,94,2026-02-03 12:57:40.114102
PNR,59.3,59.29,59.31,50000000.0,50000000.0,0,0,0,0,0,94,2026-02-03 12:57:40.114102
FSR,26.0,25.99,26.01,50000000.0,50000000.0,0,0,0,0,0,94,2026-02-03 12:57:40.114102
ATB,59.91,59.9,59.92,50000000.0,50000000.0,0,0,0,0,0,94,2026-02-03 12:57:40.114102
SPK,52.88,52.87,52.89,50000000.0,50000000.0,0,0,0,0,0,94,2026-02-03 12:57:40.114102
EEC,46.52,46.51,46.53,50000000.0,50000000.0,0,0,0,0,0,94,2026-02-03 12:57:40.114102
TGX,41.55,41.54,41.56,50000000.0,50000000.0,0,0,0,0,0,95,2026-02-03 12:57:41.146854
PHR,46.49,46.48,46.5,50000000.0,50000000.0,0,0,0,0,0,95,2026-02-03 12:57:41.146854
BYL,41.9,41.89,41.91,50000000.0,50000000.0,0,0,0,0,0,95,2026-02-03 12:57:41.146854
CLD,75.66,75.65,75.67,50000000.0,50000000.0,0,0,0,0,0,95,2026-02-03 12:57:41.146854
GGD,31.55,31.54,31.56,50000000.0,50000000.0,0,0,0,0,0,95,2026-02-03 12:57:41.146854
PNR,59.52,59.51,59.53,50000000.0,50000000.0,0,0,0,0,0,95,2026-02-03 12:57:41.146854
FSR,26.02,26.01,26.03,50000000.0,50000000.0,0,0,0,0,0,95,2026-02-03 12:57:41.146854
ATB,59.97,59.96,59.98,50000000.0,50000000.0,0,0,0,0,0,95,2026-02-03 12:57:41.146854
SPK,53.18,53.17,53.19,50000000.0,50000000.0,0,0,0,0,0,95,2026-02-03 12:57:41.146854
EEC,46.98,46.97,46.99,50000000.0,50000000.0,0,0,0,0,0,95,2026-02-03 12:57:41.146854
TGX,41.6,41.59,41.61,50000000.0,50000000.0,0,0,0,0,0,96,2026-02-03 12:57:42.185979
PHR,46.25,46.24,46.26,50000000.0,50000000.0,0,0,0,0,0,96,2026-02-03 12:57:42.185979
BYL,41.92,41.91,41.93,50000000.0,50000000.0,0,0,0,0,0,96,2026-02-03 12:57:42.185979
CLD,75.67,75.66,75.68,50000000.0,50000000.0,0,0,0,0,0,96,2026-02-03 12:57:42.185979
GGD,31.5,31.49,31.51,50000000.0,50000000.0,0,0,0,0,0,96,2026-02-03 12:57:42.185979
PNR,59.42,59.41,59.43,50000000.0,50000000.0,0,0,0,0,0,96,2026-02-03 12:57:42.185979
FSR,26.02,26.01,26.03,50000000.0,50000000.0,0,0,0,0,0,96,2026-02-03 12:57:42.185979
ATB,59.96,59.95,59.97,50000000.0,50000000.0,0,0,0,0,0,96,2026-02-03 12:57:42.185979
SPK,53.36,53.35,53.37,50000000.0,50000000.0,0,0,0,0,0,96,2026-02-03 12:57:42.185979
EEC,47.23,47.22,47.24,50000000.0,50000000.0,0,0,0,0,0,96,2026-02-03 12:57:42.185979
TGX,41.63,41.61,41.63,50000000.0,50000000.0,0,0,0,0,0,97,2026-02-03 12:57:43.229550
PHR,46.35,46.35,46.37,50000000.0,50000000.0,0,0,0,0,0,97,2026-02-03 12:57:43.229550
BYL,41.96,41.95,41.97,50000000.0,50000000.0,0,0,0,0,0,97,2026-02-03 12:57:43.229550
CLD,75.81,75.8,75.82,50000000.0,50000000.0,0,0,0,0,0,97,2026-02-03 12:57:43.229550
GGD,31.44,31.43,31.45,50000000.0,50000000.0,0,0,0,0,0,97,2026-02-03 12:57:43.229550
PNR,59.35,59.34,59.36,50000000.0,50000000.0,0,0,0,0,0,97,2026-02-03 12:57:43.229550
FSR,26.02,26.01,26.03,50000000.0,50000000.0,0,0,0,0,0,97,2026-02-03 12:57:43.229550
ATB,59.63,59.62,59.64,50000000.0,50000000.0,0,0,0,0,0,97,2026-02-03 12:57:43.229550
SPK,53.24,53.23,53.25,50000000.0,50000000.0,0,0,0,0,0,97,2026-02-03 12:57:43.229550
EEC,47.02,47.01,47.03,50000000.0,50000000.0,0,0,0,0,0,97,2026-02-03 12:57:43.229550
TGX,41.69,41.67,41.69,50000000.0,50000000.0,0,0,0,0,0,98,2026-02-03 12:57:44.270807
PHR,46.29,46.29,46.31,50000000.0,50000000.0,0,0,0,0,0,98,2026-02-03 12:57:44.270807
BYL,42.02,42.01,42.03,50000000.0,50000000.0,0,0,0,0,0,98,2026-02-03 12:57:44.270807
CLD,76.16,76.15,76.17,50000000.0,50000000.0,0,0,0,0,0,98,2026-02-03 12:57:44.270807
GGD,32.35,32.34,32.36,50000000.0,50000000.0,0,0,0,0,0,98,2026-02-03 12:57:44.270807
PNR,59.37,59.36,59.38,50000000.0,50000000.0,0,0,0,0,0,98,2026-02-03 12:57:44.270807
FSR,26.03,26.02,26.04,50000000.0,50000000.0,0,0,0,0,0,98,2026-02-03 12:57:44.270807
ATB,59.53,59.52,59.54,50000000.0,50000000.0,0,0,0,0,0,98,2026-02-03 12:57:44.270807
SPK,53.06,53.05,53.07,50000000.0,50000000.0,0,0,0,0,0,98,2026-02-03 12:57:44.270807
EEC,47.18,47.17,47.19,50000000.0,50000000.0,0,0,0,0,0,98,2026-02-03 12:57:44.270807
TGX,41.68,41.66,41.68,50000000.0,50000000.0,0,0,0,0,0,99,2026-02-03 12:57:45.307366
PHR,46.05,46.05,46.07,50000000.0,50000000.0,0,0,0,0,0,99,2026-02-03 12:57:45.307366
BYL,41.97,41.96,41.98,50000000.0,50000000.0,0,0,0,0,0,99,2026-02-03 12:57:45.307366
CLD,76.04,76.03,76.05,50000000.0,50000000.0,0,0,0,0,0,99,2026-02-03 12:57:45.307366
GGD,32.39,32.38,32.4,50000000.0,50000000.0,0,0,0,0,0,99,2026-02-03 12:57:45.307366
PNR,59.36,59.35,59.37,50000000.0,50000000.0,0,0,0,0,0,99,2026-02-03 12:57:45.307366
FSR,26.08,26.07,26.09,50000000.0,50000000.0,0,0,0,0,0,99,2026-02-03 12:57:45.307366
ATB,59.79,59.78,59.8,50000000.0,50000000.0,0,0,0,0,0,99,2026-02-03 12:57:45.307366
SPK,53.07,53.06,53.08,50000000.0,50000000.0,0,0,0,0,0,99,2026-02-03 12:57:45.307366
EEC,47.28,47.27,47.29,50000000.0,50000000.0,0,0,0,0,0,99,2026-02-03 12:57:45.307366
TGX,41.62,41.61,41.63,50000000.0,50000000.0,0,0,0,0,0,100,2026-02-03 12:57:45.875782
PHR,46.12,46.11,46.13,50000000.0,50000000.0,0,0,0,0,0,100,2026-02-03 12:57:45.875782
BYL,41.94,41.93,41.95,50000000.0,50000000.0,0,0,0,0,0,100,2026-02-03 12:57:45.875782
CLD,75.93,75.92,75.94,50000000.0,50000000.0,0,0,0,0,0,100,2026-02-03 12:57:45.875782
GGD,32.43,32.42,32.44,50000000.0,50000000.0,0,0,0,0,0,100,2026-02-03 12:57:45.875782
PNR,59.44,59.43,59.45,50000000.0,50000000.0,0,0,0,0,0,100,2026-02-03 12:57:45.875782
FSR,26.09,26.08,26.1,50000000.0,50000000.0,0,0,0,0,0,100,2026-02-03 12:57:45.875782
ATB,59.42,59.41,59.43,50000000.0,50000000.0,0,0,0,0,0,100,2026-02-03 12:57:45.875782
SPK,53.2,53.19,53.21,50000000.0,50000000.0,0,0,0,0,0,100,2026-02-03 12:57:45.875782
EEC,47.5,47.49,47.51,50000000.0,50000000.0,0,0,0,0,0,100,2026-02-03 12:57:45.875782
TGX,41.62,41.61,41.63,50000000.0,50000000.0,0,0,0,0,0,101,2026-02-03 12:57:46.910406
PHR,46.4,46.39,46.41,50000000.0,50000000.0,0,0,0,0,0,101,2026-02-03 12:57:46.910406
BYL,41.84,41.83,41.85,50000000.0,50000000.0,0,0,0,0,0,101,2026-02-03 12:57:46.910406
CLD,75.71,75.7,75.72,50000000.0,50000000.0,0,0,0,0,0,101,2026-02-03 12:57:46.910406
GGD,32.44,32.43,32.45,50000000.0,50000000.0,0,0,0,0,0,101,2026-02-03 12:57:46.910406
PNR,59.42,59.41,59.43,50000000.0,50000000.0,0,0,0,0,0,101,2026-02-03 12:57:46.910406
FSR,26.12,26.11,26.13,50000000.0,50000000.0,0,0,0,0,0,101,2026-02-03 12:57:46.910406
ATB,59.22,59.21,59.23,50000000.0,50000000.0,0,0,0,0,0,101,2026-02-03 12:57:46.910406
SPK,53.29,53.28,53.3,50000000.0,50000000.0,0,0,0,0,0,101,2026-02-03 12:57:46.910406
EEC,47.56,47.55,47.57,50000000.0,50000000.0,0,0,0,0,0,101,2026-02-03 12:57:46.910406
TGX,41.67,41.66,41.68,50000000.0,50000000.0,0,0,0,0,0,102,2026-02-03 12:57:47.955975
PHR,46.76,46.75,46.77,50000000.0,50000000.0,0,0,0,0,0,102,2026-02-03 12:57:47.955975
BYL,41.98,41.97,41.99,50000000.0,50000000.0,0,0,0,0,0,102,2026-02-03 12:57:47.955975
CLD,76.0,75.99,76.01,50000000.0,50000000.0,0,0,0,0,0,102,2026-02-03 12:57:47.955975
GGD,32.47,32.46,32.48,50000000.0,50000000.0,0,0,0,0,0,102,2026-02-03 12:57:47.955975
PNR,59.41,59.4,59.42,50000000.0,50000000.0,0,0,0,0,0,102,2026-02-03 12:57:47.955975
FSR,26.09,26.08,26.1,50000000.0,50000000.0,0,0,0,0,0,102,2026-02-03 12:57:47.955975
ATB,59.09,59.08,59.1,50000000.0,50000000.0,0,0,0,0,0,102,2026-02-03 12:57:47.955975
SPK,53.33,53.32,53.34,50000000.0,50000000.0,0,0,0,0,0,102,2026-02-03 12:57:47.955975
EEC,47.64,47.63,47.65,50000000.0,50000000.0,0,0,0,0,0,102,2026-02-03 12:57:47.955975
TGX,41.71,41.7,41.72,50000000.0,50000000.0,0,0,0,0,0,103,2026-02-03 12:57:48.992621
PHR,46.66,46.65,46.67,50000000.0,50000000.0,0,0,0,0,0,103,2026-02-03 12:57:48.992621
BYL,41.82,41.81,41.83,50000000.0,50000000.0,0,0,0,0,0,103,2026-02-03 12:57:48.992621
CLD,75.83,75.82,75.84,50000000.0,50000000.0,0,0,0,0,0,103,2026-02-03 12:57:48.992621
GGD,32.47,32.46,32.48,50000000.0,50000000.0,0,0,0,0,0,103,2026-02-03 12:57:48.992621
PNR,59.42,59.41,59.43,50000000.0,50000000.0,0,0,0,0,0,103,2026-02-03 12:57:48.992621
FSR,26.02,26.01,26.03,50000000.0,50000000.0,0,0,0,0,0,103,2026-02-03 12:57:48.992621
ATB,59.1,59.09,59.11,50000000.0,50000000.0,0,0,0,0,0,103,2026-02-03 12:57:48.992621
SPK,53.3,53.29,53.31,50000000.0,50000000.0,0,0,0,0,0,103,2026-02-03 12:57:48.992621
EEC,47.5,47.49,47.51,50000000.0,50000000.0,0,0,0,0,0,103,2026-02-03 12:57:48.992621
TGX,41.67,41.66,41.68,50000000.0,50000000.0,0,0,0,0,0,104,2026-02-03 12:57:50.040998
PHR,46.55,46.54,46.56,50000000.0,50000000.0,0,0,0,0,0,104,2026-02-03 12:57:50.040998
BYL,41.79,41.78,41.8,50000000.0,50000000.0,0,0,0,0,0,104,2026-02-03 12:57:50.040998
CLD,75.87,75.86,75.88,50000000.0,50000000.0,0,0,0,0,0,104,2026-02-03 12:57:50.040998
GGD,32.42,32.41,32.43,50000000.0,50000000.0,0,0,0,0,0,104,2026-02-03 12:57:50.040998
PNR,59.5,59.49,59.51,50000000.0,50000000.0,0,0,0,0,0,104,2026-02-03 12:57:50.040998
FSR,26.0,25.99,26.01,50000000.0,50000000.0,0,0,0,0,0,104,2026-02-03 12:57:50.040998
ATB,59.18,59.17,59.19,50000000.0,50000000.0,0,0,0,0,0,104,2026-02-03 12:57:50.040998
SPK,53.29,53.28,53.3,50000000.0,50000000.0,0,0,0,0,0,104,2026-02-03 12:57:50.040998
EEC,47.49,47.48,47.5,50000000.0,50000000.0,0,0,0,0,0,104,2026-02-03 12:57:50.040998
TGX,41.65,41.64,41.66,50000000.0,50000000.0,0,0,0,0,0,105,2026-02-03 12:57:51.085674
PHR,46.57,46.56,46.58,50000000.0,50000000.0,0,0,0,0,0,105,2026-02-03 12:57:51.085674
BYL,41.66,41.65,41.67,50000000.0,50000000.0,0,0,0,0,0,105,2026-02-03 12:57:51.085674
CLD,75.65,75.64,75.66,50000000.0,50000000.0,0,0,0,0,0,105,2026-02-03 12:57:51.085674
GGD,32.37,32.36,32.38,50000000.0,50000000.0,0,0,0,0,0,105,2026-02-03 12:57:51.085674
PNR,59.25,59.24,59.26,50000000.0,50000000.0,0,0,0,0,0,105,2026-02-03 12:57:51.085674
FSR,26.0,25.99,26.01,50000000.0,50000000.0,0,0,0,0,0,105,2026-02-03 12:57:51.085674
ATB,59.3,59.29,59.31,50000000.0,50000000.0,0,0,0,0,0,105,2026-02-03 12:57:51.085674
SPK,53.52,53.51,53.53,50000000.0,50000000.0,0,0,0,0,0,105,2026-02-03 12:57:51.085674
EEC,47.84,47.83,47.85,50000000.0,50000000.0,0,0,0,0,0,105,2026-02-03 12:57:51.085674
TGX,41.66,41.65,41.67,50000000.0,50000000.0,0,0,0,0,0,106,2026-02-03 12:57:52.133516
PHR,46.48,46.47,46.49,50000000.0,50000000.0,0,0,0,0,0,106,2026-02-03 12:57:52.133516
BYL,41.62,41.61,41.63,50000000.0,50000000.0,0,0,0,0,0,106,2026-02-03 12:57:52.133516
CLD,75.58,75.57,75.59,50000000.0,50000000.0,0,0,0,0,0,106,2026-02-03 12:57:52.133516
GGD,32.34,32.33,32.35,50000000.0,50000000.0,0,0,0,0,0,106,2026-02-03 12:57:52.133516
PNR,59.31,59.3,59.32,50000000.0,50000000.0,0,0,0,0,0,106,2026-02-03 12:57:52.133516
FSR,26.0,25.99,26.01,50000000.0,50000000.0,0,0,0,0,0,106,2026-02-03 12:57:52.133516
ATB,59.18,59.17,59.19,50000000.0,50000000.0,0,0,0,0,0,106,2026-02-03 12:57:52.133516
SPK,53.26,53.25,53.27,50000000.0,50000000.0,0,0,0,0,0,106,2026-02-03 12:57:52.133516
EEC,47.47,47.46,47.48,50000000.0,50000000.0,0,0,0,0,0,106,2026-02-03 12:57:52.133516
TGX,41.72,41.71,41.73,50000000.0,50000000.0,0,0,0,0,0,107,2026-02-03 12:57:53.184392
PHR,46.25,46.24,46.26,50000000.0,50000000.0,0,0,0,0,0,107,2026-02-03 12:57:53.184392
BYL,41.72,41.71,41.73,50000000.0,50000000.0,0,0,0,0,0,107,2026-02-03 12:57:53.184392
CLD,75.64,75.63,75.65,50000000.0,50000000.0,0,0,0,0,0,107,2026-02-03 12:57:53.184392
GGD,32.33,32.32,32.34,50000000.0,50000000.0,0,0,0,0,0,107,2026-02-03 12:57:53.184392
PNR,59.32,59.31,59.33,50000000.0,50000000.0,0,0,0,0,0,107,2026-02-03 12:57:53.184392
FSR,25.99,25.98,26.0,50000000.0,50000000.0,0,0,0,0,0,107,2026-02-03 12:57:53.184392
ATB,59.06,59.05,59.07,50000000.0,50000000.0,0,0,0,0,0,107,2026-02-03 12:57:53.184392
SPK,53.3,53.29,53.31,50000000.0,50000000.0,0,0,0,0,0,107,2026-02-03 12:57:53.184392
EEC,47.56,47.55,47.57,50000000.0,50000000.0,0,0,0,0,0,107,2026-02-03 12:57:53.184392
TGX,41.74,41.73,41.75,50000000.0,50000000.0,0,0,0,0,0,108,2026-02-03 12:57:54.217514
PHR,46.1,46.09,46.11,50000000.0,50000000.0,0,0,0,0,0,108,2026-02-03 12:57:54.217514
BYL,41.75,41.74,41.76,50000000.0,50000000.0,0,0,0,0,0,108,2026-02-03 12:57:54.217514
CLD,75.68,75.67,75.69,50000000.0,50000000.0,0,0,0,0,0,108,2026-02-03 12:57:54.217514
GGD,32.38,32.37,32.39,50000000.0,50000000.0,0,0,0,0,0,108,2026-02-03 12:57:54.217514
PNR,59.31,59.3,59.32,50000000.0,50000000.0,0,0,0,0,0,108,2026-02-03 12:57:54.217514
FSR,25.97,25.96,25.98,50000000.0,50000000.0,0,0,0,0,0,108,2026-02-03 12:57:54.217514
ATB,59.16,59.15,59.17,50000000.0,50000000.0,0,0,0,0,0,108,2026-02-03 12:57:54.217514
SPK,53.31,53.3,53.32,50000000.0,50000000.0,0,0,0,0,0,108,2026-02-03 12:57:54.217514
EEC,47.6,47.59,47.61,50000000.0,50000000.0,0,0,0,0,0,108,2026-02-03 12:57:54.217514
TGX,41.7,41.69,41.71,50000000.0,50000000.0,0,0,0,0,0,109,2026-02-03 12:57:55.255414
PHR,46.03,46.02,46.04,50000000.0,50000000.0,0,0,0,0,0,109,2026-02-03 12:57:55.255414
BYL,42.05,42.04,42.06,50000000.0,50000000.0,0,0,0,0,0,109,2026-02-03 12:57:55.255414
CLD,76.23,76.22,76.24,50000000.0,50000000.0,0,0,0,0,0,109,2026-02-03 12:57:55.255414
GGD,32.35,32.34,32.36,50000000.0,50000000.0,0,0,0,0,0,109,2026-02-03 12:57:55.255414
PNR,59.22,59.21,59.23,50000000.0,50000000.0,0,0,0,0,0,109,2026-02-03 12:57:55.255414
FSR,25.92,25.91,25.93,50000000.0,50000000.0,0,0,0,0,0,109,2026-02-03 12:57:55.255414
ATB,59.06,59.05,59.07,50000000.0,50000000.0,0,0,0,0,0,109,2026-02-03 12:57:55.255414
SPK,53.38,53.37,53.39,50000000.0,50000000.0,0,0,0,0,0,109,2026-02-03 12:57:55.255414
EEC,47.74,47.73,47.75,50000000.0,50000000.0,0,0,0,0,0,109,2026-02-03 12:57:55.255414
TGX,42.19,42.18,42.2,50000000.0,50000000.0,0,0,0,0,0,110,2026-02-03 12:57:56.299002
PHR,46.53,46.52,46.54,50000000.0,50000000.0,0,0,0,0,0,110,2026-02-03 12:57:56.299002
BYL,42.12,42.11,42.13,50000000.0,50000000.0,0,0,0,0,0,110,2026-02-03 12:57:56.299002
CLD,76.41,76.4,76.42,50000000.0,50000000.0,0,0,0,0,0,110,2026-02-03 12:57:56.299002
GGD,32.36,32.35,32.37,50000000.0,50000000.0,0,0,0,0,0,110,2026-02-03 12:57:56.299002
PNR,59.28,59.27,59.29,50000000.0,50000000.0,0,0,0,0,0,110,2026-02-03 12:57:56.299002
FSR,25.94,25.93,25.95,50000000.0,50000000.0,0,0,0,0,0,110,2026-02-03 12:57:56.299002
ATB,59.16,59.15,59.17,50000000.0,50000000.0,0,0,0,0,0,110,2026-02-03 12:57:56.299002
SPK,53.66,53.65,53.67,50000000.0,50000000.0,0,0,0,0,0,110,2026-02-03 12:57:56.299002
EEC,48.15,48.14,48.16,50000000.0,50000000.0,0,0,0,0,0,110,2026-02-03 12:57:56.299002
TGX,42.2,42.19,42.21,50000000.0,50000000.0,0,0,0,0,0,111,2026-02-03 12:57:57.332485
PHR,46.38,46.37,46.39,50000000.0,50000000.0,0,0,0,0,0,111,2026-02-03 12:57:57.332485
BYL,42.1,42.09,42.11,50000000.0,50000000.0,0,0,0,0,0,111,2026-02-03 12:57:57.332485
CLD,76.37,76.36,76.38,50000000.0,50000000.0,0,0,0,0,0,111,2026-02-03 12:57:57.332485
GGD,32.41,32.4,32.42,50000000.0,50000000.0,0,0,0,0,0,111,2026-02-03 12:57:57.332485
PNR,59.34,59.33,59.35,50000000.0,50000000.0,0,0,0,0,0,111,2026-02-03 12:57:57.332485
FSR,25.96,25.95,25.97,50000000.0,50000000.0,0,0,0,0,0,111,2026-02-03 12:57:57.332485
ATB,59.08,59.07,59.09,50000000.0,50000000.0,0,0,0,0,0,111,2026-02-03 12:57:57.332485
SPK,53.76,53.75,53.77,50000000.0,50000000.0,0,0,0,0,0,111,2026-02-03 12:57:57.332485
EEC,48.28,48.27,48.29,50000000.0,50000000.0,0,0,0,0,0,111,2026-02-03 12:57:57.332485
TGX,42.24,42.23,42.25,50000000.0,50000000.0,0,0,0,0,0,112,2026-02-03 12:57:58.373050
PHR,46.2,46.19,46.21,50000000.0,50000000.0,0,0,0,0,0,112,2026-02-03 12:57:58.373050
BYL,42.15,42.14,42.16,50000000.0,50000000.0,0,0,0,0,0,112,2026-02-03 12:57:58.373050
CLD,76.36,76.35,76.37,50000000.0,50000000.0,0,0,0,0,0,112,2026-02-03 12:57:58.373050
GGD,32.39,32.38,32.4,50000000.0,50000000.0,0,0,0,0,0,112,2026-02-03 12:57:58.373050
PNR,59.24,59.23,59.25,50000000.0,50000000.0,0,0,0,0,0,112,2026-02-03 12:57:58.373050
FSR,25.93,25.92,25.94,50000000.0,50000000.0,0,0,0,0,0,112,2026-02-03 12:57:58.373050
ATB,59.14,59.13,59.15,50000000.0,50000000.0,0,0,0,0,0,112,2026-02-03 12:57:58.373050
SPK,54.05,54.04,54.06,50000000.0,50000000.0,0,0,0,0,0,112,2026-02-03 12:57:58.373050
EEC,48.73,48.72,48.74,50000000.0,50000000.0,0,0,0,0,0,112,2026-02-03 12:57:58.373050
TGX,42.22,42.21,42.23,50000000.0,50000000.0,0,0,0,0,0,113,2026-02-03 12:57:58.937650
PHR,46.38,46.37,46.39,50000000.0,50000000.0,0,0,0,0,0,113,2026-02-03 12:57:58.937650
BYL,42.27,42.26,42.28,50000000.0,50000000.0,0,0,0,0,0,113,2026-02-03 12:57:58.937650
CLD,76.6,76.59,76.61,50000000.0,50000000.0,0,0,0,0,0,113,2026-02-03 12:57:58.937650
GGD,32.43,32.42,32.44,50000000.0,50000000.0,0,0,0,0,0,113,2026-02-03 12:57:58.937650
PNR,59.3,59.29,59.31,50000000.0,50000000.0,0,0,0,0,0,113,2026-02-03 12:57:58.937650
FSR,25.89,25.88,25.9,50000000.0,50000000.0,0,0,0,0,0,113,2026-02-03 12:57:58.937650
ATB,58.9,58.89,58.91,50000000.0,50000000.0,0,0,0,0,0,113,2026-02-03 12:57:58.937650
SPK,54.3,54.29,54.31,50000000.0,50000000.0,0,0,0,0,0,113,2026-02-03 12:57:58.937650
EEC,49.12,49.11,49.13,50000000.0,50000000.0,0,0,0,0,0,113,2026-02-03 12:57:58.937650
TGX,42.18,42.17,42.19,50000000.0,50000000.0,0,0,0,0,0,114,2026-02-03 12:57:59.982344
PHR,46.55,46.54,46.56,50000000.0,50000000.0,0,0,0,0,0,114,2026-02-03 12:57:59.982344
BYL,42.35,42.34,42.36,50000000.0,50000000.0,0,0,0,0,0,114,2026-02-03 12:57:59.982344
CLD,76.68,76.67,76.69,50000000.0,50000000.0,0,0,0,0,0,114,2026-02-03 12:57:59.982344
GGD,32.43,32.42,32.44,50000000.0,50000000.0,0,0,0,0,0,114,2026-02-03 12:57:59.982344
PNR,59.43,59.42,59.44,50000000.0,50000000.0,0,0,0,0,0,114,2026-02-03 12:57:59.982344
FSR,25.87,25.86,25.88,50000000.0,50000000.0,0,0,0,0,0,114,2026-02-03 12:57:59.982344
ATB,58.85,58.84,58.86,50000000.0,50000000.0,0,0,0,0,0,114,2026-02-03 12:57:59.982344
SPK,54.53,54.52,54.54,50000000.0,50000000.0,0,0,0,0,0,114,2026-02-03 12:57:59.982344
EEC,49.53,49.52,49.54,50000000.0,50000000.0,0,0,0,0,0,114,2026-02-03 12:57:59.982344
TGX,42.16,42.15,42.17,50000000.0,50000000.0,0,0,0,0,0,115,2026-02-03 12:58:01.049050
PHR,46.41,46.4,46.42,50000000.0,50000000.0,0,0,0,0,0,115,2026-02-03 12:58:01.049050
BYL,42.4,42.39,42.41,50000000.0,50000000.0,0,0,0,0,0,115,2026-02-03 12:58:01.049050
CLD,76.77,76.76,76.78,50000000.0,50000000.0,0,0,0,0,0,115,2026-02-03 12:58:01.049050
GGD,32.36,32.35,32.37,50000000.0,50000000.0,0,0,0,0,0,115,2026-02-03 12:58:01.049050
PNR,59.36,59.35,59.37,50000000.0,50000000.0,0,0,0,0,0,115,2026-02-03 12:58:01.049050
FSR,25.85,25.84,25.86,50000000.0,50000000.0,0,0,0,0,0,115,2026-02-03 12:58:01.049050
ATB,58.76,58.75,58.77,50000000.0,50000000.0,0,0,0,0,0,115,2026-02-03 12:58:01.049050
SPK,54.36,54.35,54.37,50000000.0,50000000.0,0,0,0,0,0,115,2026-02-03 12:58:01.049050
EEC,49.3,49.29,49.31,50000000.0,50000000.0,0,0,0,0,0,115,2026-02-03 12:58:01.049050
TGX,42.18,42.17,42.19,50000000.0,50000000.0,0,0,0,0,0,116,2026-02-03 12:58:02.080810
PHR,46.77,46.76,46.78,50000000.0,50000000.0,0,0,0,0,0,116,2026-02-03 12:58:02.080810
BYL,42.38,42.37,42.39,50000000.0,50000000.0,0,0,0,0,0,116,2026-02-03 12:58:02.080810
CLD,76.63,76.62,76.64,50000000.0,50000000.0,0,0,0,0,0,116,2026-02-03 12:58:02.080810
GGD,32.34,32.33,32.35,50000000.0,50000000.0,0,0,0,0,0,116,2026-02-03 12:58:02.080810
PNR,59.28,59.27,59.29,50000000.0,50000000.0,0,0,0,0,0,116,2026-02-03 12:58:02.080810
FSR,25.82,25.81,25.83,50000000.0,50000000.0,0,0,0,0,0,116,2026-02-03 12:58:02.080810
ATB,58.88,58.87,58.89,50000000.0,50000000.0,0,0,0,0,0,116,2026-02-03 12:58:02.080810
SPK,54.44,54.43,54.45,50000000.0,50000000.0,0,0,0,0,0,116,2026-02-03 12:58:02.080810
EEC,49.4,49.39,49.41,50000000.0,50000000.0,0,0,0,0,0,116,2026-02-03 12:58:02.080810
TGX,42.14,42.13,42.15,50000000.0,50000000.0,0,0,0,0,0,117,2026-02-03 12:58:03.120436
PHR,46.81,46.8,46.82,50000000.0,50000000.0,0,0,0,0,0,117,2026-02-03 12:58:03.120436
BYL,42.32,42.31,42.33,50000000.0,50000000.0,0,0,0,0,0,117,2026-02-03 12:58:03.120436
