ticker,last_price,bid_price,ask_price,BUY_ANON,SELL_ANON,BUY_ZUAI-5,BUY_ZUAI-2,SELL_ZUAI-5,SELL_WRSW-6,BUY_WRSW-6,tick,timestamp,news_news_id,news_period,news_tick,news_ticker,news_headline,news_body
TGX,43.61,43.6,43.62,50000000.0,50000000.0,0,0,0,0,0,1,2026-02-03 15:45:55.056379,1.0,1.0,1.0,,Welcome to the RITC 2026 Merger Arbitrage Case - practice server,Good Luck!
PHR,47.5,47.49,47.51,50000000.0,50000000.0,0,0,0,0,0,1,2026-02-03 15:45:55.056379,,,,,,
BYL,43.47,43.46,43.48,50000000.0,50000000.0,0,0,0,0,0,1,2026-02-03 15:45:55.056379,,,,,,
CLD,79.3,79.29,79.31,50000000.0,50000000.0,0,0,0,0,0,1,2026-02-03 15:45:55.056379,,,,,,
GGD,31.49,31.48,31.5,50000000.0,50000000.0,0,0,0,0,0,1,2026-02-03 15:45:55.056379,,,,,,
PNR,59.8,59.79,59.81,50000000.0,50000000.0,0,0,0,0,0,1,2026-02-03 15:45:55.056379,,,,,,
FSR,30.48,30.47,30.49,50000000.0,50000000.0,0,0,0,0,0,1,2026-02-03 15:45:55.056379,,,,,,
ATB,62.2,62.19,62.21,50000000.0,50000000.0,0,0,0,0,0,1,2026-02-03 15:45:55.056379,,,,,,
SPK,52.85,52.84,52.86,50000000.0,50000000.0,0,0,0,0,0,1,2026-02-03 15:45:55.056379,,,,,,
EEC,48.0,47.99,48.01,50000000.0,50000000.0,0,0,0,0,0,1,2026-02-03 15:45:55.056379,,,,,,
TGX,43.63,43.62,43.64,50000000.0,50000000.0,0,0,0,0,0,2,2026-02-03 15:45:55.595761
PHR,47.48,47.47,47.49,50000000.0,50000000.0,0,0,0,0,0,2,2026-02-03 15:45:55.595761
BYL,43.4,43.39,43.41,50000000.0,50000000.0,0,0,0,0,0,2,2026-02-03 15:45:55.595761
CLD,79.34,79.33,79.35,50000000.0,50000000.0,0,0,0,0,0,2,2026-02-03 15:45:55.595761
GGD,31.56,31.55,31.57,50000000.0,50000000.0,0,0,0,0,0,2,2026-02-03 15:45:55.595761
PNR,59.94,59.93,59.95,50000000.0,50000000.0,0,0,0,0,0,2,2026-02-03 15:45:55.595761
FSR,30.47,30.46,30.48,50000000.0,50000000.0,0,0,0,0,0,2,2026-02-03 15:45:55.595761
ATB,61.84,61.83,61.85,50000000.0,50000000.0,0,0,0,0,0,2,2026-02-03 15:45:55.595761
SPK,53.08,53.07,53.09,50000000.0,50000000.0,0,0,0,0,0,2,2026-02-03 15:45:55.595761
EEC,48.29,48.28,48.3,50000000.0,50000000.0,0,0,0,0,0,2,2026-02-03 15:45:55.595761
TGX,43.65,43.64,43.66,50000000.0,50000000.0,0,0,0,0,0,3,2026-02-03 15:45:56.629265
PHR,47.4,47.39,47.41,50000000.0,50000000.0,0,0,0,0,0,3,2026-02-03 15:45:56.629265
BYL,43.23,43.22,43.24,50000000.0,50000000.0,0,0,0,0,0,3,2026-02-03 15:45:56.629265
CLD,78.97,78.96,78.98,50000000.0,50000000.0,0,0,0,0,0,3,2026-02-03 15:45:56.629265
GGD,31.54,31.53,31.55,50000000.0,50000000.0,0,0,0,0,0,3,2026-02-03 15:45:56.629265
PNR,59.82,59.81,59.83,50000000.0,50000000.0,0,0,0,0,0,3,2026-02-03 15:45:56.629265
FSR,30.48,30.47,30.49,50000000.0,50000000.0,0,0,0,0,0,3,2026-02-03 15:45:56.629265
ATB,61.92,61.91,61.93,50000000.0,50000000.0,0,0,0,0,0,3,2026-02-03 15:45:56.629265
SPK,53.04,53.03,53.05,50000000.0,50000000.0,0,0,0,0,0,3,2026-02-03 15:45:56.629265
EEC,48.36,48.35,48.37,50000000.0,50000000.0,0,0,0,0,0,3,2026-02-03 15:45:56.629265
TGX,43.69,43.68,43.7,50000000.0,50000000.0,0,0,0,0,0,4,2026-02-03 15:45:57.670579
PHR,47.56,47.55,47.57,50000000.0,50000000.0,0,0,0,0,0,4,2026-02-03 15:45:57.670579
BYL,43.28,43.27,43.29,50000000.0,50000000.0,0,0,0,0,0,4,2026-02-03 15:45:57.670579
CLD,79.06,79.05,79.07,50000000.0,50000000.0,0,0,0,0,0,4,2026-02-03 15:45:57.670579
GGD,31.48,31.47,31.49,50000000.0,50000000.0,0,0,0,0,0,4,2026-02-03 15:45:57.670579
PNR,59.5,59.49,59.51,50000000.0,50000000.0,0,0,0,0,0,4,2026-02-03 15:45:57.670579
FSR,30.53,30.52,30.54,50000000.0,50000000.0,0,0,0,0,0,4,2026-02-03 15:45:57.670579
ATB,61.83,61.82,61.84,50000000.0,50000000.0,0,0,0,0,0,4,2026-02-03 15:45:57.670579
SPK,52.97,52.96,52.98,50000000.0,50000000.0,0,0,0,0,0,4,2026-02-03 15:45:57.670579
EEC,48.25,48.24,48.26,50000000.0,50000000.0,0,0,0,0,0,4,2026-02-03 15:45:57.670579
TGX,43.8,43.79,43.81,50000000.0,50000000.0,0,0,0,0,0,5,2026-02-03 15:45:58.703631
PHR,47.64,47.63,47.65,50000000.0,50000000.0,0,0,0,0,0,5,2026-02-03 15:45:58.703631
BYL,43.48,43.47,43.49,50000000.0,50000000.0,0,0,0,0,0,5,2026-02-03 15:45:58.703631
CLD,79.27,79.26,79.28,50000000.0,50000000.0,0,0,0,0,0,5,2026-02-03 15:45:58.703631
GGD,31.51,31.5,31.52,50000000.0,50000000.0,0,0,0,0,0,5,2026-02-03 15:45:58.703631
PNR,59.42,59.41,59.43,50000000.0,50000000.0,0,0,0,0,0,5,2026-02-03 15:45:58.703631
FSR,30.5,30.49,30.51,50000000.0,50000000.0,0,0,0,0,0,5,2026-02-03 15:45:58.703631
ATB,62.15,62.14,62.16,50000000.0,50000000.0,0,0,0,0,0,5,2026-02-03 15:45:58.703631
SPK,53.11,53.1,53.12,50000000.0,50000000.0,0,0,0,0,0,5,2026-02-03 15:45:58.703631
EEC,48.41,48.4,48.42,50000000.0,50000000.0,0,0,0,0,0,5,2026-02-03 15:45:58.703631
TGX,43.84,43.83,43.85,50000000.0,50000000.0,0,0,0,0,0,6,2026-02-03 15:45:59.735804
PHR,47.46,47.45,47.47,50000000.0,50000000.0,0,0,0,0,0,6,2026-02-03 15:45:59.735804
BYL,43.59,43.58,43.6,50000000.0,50000000.0,0,0,0,0,0,6,2026-02-03 15:45:59.735804
CLD,79.54,79.53,79.55,50000000.0,50000000.0,0,0,0,0,0,6,2026-02-03 15:45:59.735804
GGD,31.46,31.45,31.47,50000000.0,50000000.0,0,0,0,0,0,6,2026-02-03 15:45:59.735804
PNR,59.33,59.32,59.34,50000000.0,50000000.0,0,0,0,0,0,6,2026-02-03 15:45:59.735804
FSR,30.46,30.45,30.47,50000000.0,50000000.0,0,0,0,0,0,6,2026-02-03 15:45:59.735804
ATB,62.17,62.16,62.18,50000000.0,50000000.0,0,0,0,0,0,6,2026-02-03 15:45:59.735804
SPK,52.94,52.93,52.95,50000000.0,50000000.0,0,0,0,0,0,6,2026-02-03 15:45:59.735804
EEC,48.12,48.11,48.13,50000000.0,50000000.0,0,0,0,0,0,6,2026-02-03 15:45:59.735804
TGX,43.89,43.88,43.9,50000000.0,50000000.0,0,0,0,0,0,7,2026-02-03 15:46:00.274907
PHR,47.56,47.55,47.57,50000000.0,50000000.0,0,0,0,0,0,7,2026-02-03 15:46:00.274907
BYL,43.6,43.59,43.61,50000000.0,50000000.0,0,0,0,0,0,7,2026-02-03 15:46:00.274907
CLD,79.62,79.61,79.63,50000000.0,50000000.0,0,0,0,0,0,7,2026-02-03 15:46:00.274907
GGD,31.37,31.36,31.38,50000000.0,50000000.0,0,0,0,0,0,7,2026-02-03 15:46:00.274907
PNR,59.01,59.0,59.02,50000000.0,50000000.0,0,0,0,0,0,7,2026-02-03 15:46:00.274907
FSR,30.42,30.41,30.43,50000000.0,50000000.0,0,0,0,0,0,7,2026-02-03 15:46:00.274907
ATB,62.18,62.17,62.19,50000000.0,50000000.0,0,0,0,0,0,7,2026-02-03 15:46:00.274907
SPK,53.18,53.17,53.19,50000000.0,50000000.0,0,0,0,0,0,7,2026-02-03 15:46:00.274907
EEC,48.35,48.34,48.36,50000000.0,50000000.0,0,0,0,0,0,7,2026-02-03 15:46:00.274907
TGX,43.8,43.79,43.81,50000000.0,50000000.0,0,0,0,0,0,8,2026-02-03 15:46:01.332570
PHR,47.79,47.78,47.8,50000000.0,50000000.0,0,0,0,0,0,8,2026-02-03 15:46:01.332570
BYL,43.56,43.55,43.57,50000000.0,50000000.0,0,0,0,0,0,8,2026-02-03 15:46:01.332570
CLD,79.52,79.51,79.53,50000000.0,50000000.0,0,0,0,0,0,8,2026-02-03 15:46:01.332570
GGD,31.35,31.34,31.36,50000000.0,50000000.0,0,0,0,0,0,8,2026-02-03 15:46:01.332570
PNR,58.88,58.87,58.89,50000000.0,50000000.0,0,0,0,0,0,8,2026-02-03 15:46:01.332570
FSR,30.43,30.42,30.44,50000000.0,50000000.0,0,0,0,0,0,8,2026-02-03 15:46:01.332570
ATB,62.26,62.25,62.27,50000000.0,50000000.0,0,0,0,0,0,8,2026-02-03 15:46:01.332570
SPK,53.33,53.32,53.34,50000000.0,50000000.0,0,0,0,0,0,8,2026-02-03 15:46:01.332570
EEC,48.57,48.56,48.58,50000000.0,50000000.0,0,0,0,0,0,8,2026-02-03 15:46:01.332570
TGX,43.76,43.75,43.77,50000000.0,50000000.0,0,0,0,0,0,9,2026-02-03 15:46:02.372595
PHR,47.53,47.52,47.54,50000000.0,50000000.0,0,0,0,0,0,9,2026-02-03 15:46:02.372595
BYL,43.54,43.53,43.55,50000000.0,50000000.0,0,0,0,0,0,9,2026-02-03 15:46:02.372595
CLD,79.47,79.46,79.48,50000000.0,50000000.0,0,0,0,0,0,9,2026-02-03 15:46:02.372595
GGD,31.39,31.38,31.4,50000000.0,50000000.0,0,0,0,0,0,9,2026-02-03 15:46:02.372595
PNR,59.15,59.14,59.16,50000000.0,50000000.0,0,0,0,0,0,9,2026-02-03 15:46:02.372595
FSR,30.44,30.43,30.45,50000000.0,50000000.0,0,0,0,0,0,9,2026-02-03 15:46:02.372595
ATB,62.25,62.24,62.26,50000000.0,50000000.0,0,0,0,0,0,9,2026-02-03 15:46:02.372595
SPK,53.4,53.39,53.41,50000000.0,50000000.0,0,0,0,0,0,9,2026-02-03 15:46:02.372595
EEC,48.83,48.82,48.84,50000000.0,50000000.0,0,0,0,0,0,9,2026-02-03 15:46:02.372595
TGX,43.79,43.78,43.8,50000000.0,50000000.0,0,0,0,0,0,10,2026-02-03 15:46:03.414122
PHR,47.58,47.57,47.59,50000000.0,50000000.0,0,0,0,0,0,10,2026-02-03 15:46:03.414122
BYL,43.64,43.63,43.65,50000000.0,50000000.0,0,0,0,0,0,10,2026-02-03 15:46:03.414122
CLD,79.63,79.62,79.64,50000000.0,50000000.0,0,0,0,0,0,10,2026-02-03 15:46:03.414122
GGD,31.36,31.35,31.37,50000000.0,50000000.0,0,0,0,0,0,10,2026-02-03 15:46:03.414122
PNR,58.81,58.8,58.82,50000000.0,50000000.0,0,0,0,0,0,10,2026-02-03 15:46:03.414122
FSR,30.46,30.45,30.47,50000000.0,50000000.0,0,0,0,0,0,10,2026-02-03 15:46:03.414122
ATB,62.67,62.66,62.68,50000000.0,50000000.0,0,0,0,0,0,10,2026-02-03 15:46:03.414122
SPK,53.3,53.29,53.31,50000000.0,50000000.0,0,0,0,0,0,10,2026-02-03 15:46:03.414122
EEC,48.61,48.6,48.62,50000000.0,50000000.0,0,0,0,0,0,10,2026-02-03 15:46:03.414122
TGX,43.78,43.77,43.79,50000000.0,50000000.0,0,0,0,0,0,11,2026-02-03 15:46:04.449153
PHR,47.58,47.57,47.59,50000000.0,50000000.0,0,0,0,0,0,11,2026-02-03 15:46:04.449153
BYL,43.55,43.54,43.56,50000000.0,50000000.0,0,0,0,0,0,11,2026-02-03 15:46:04.449153
CLD,79.57,79.56,79.58,50000000.0,50000000.0,0,0,0,0,0,11,2026-02-03 15:46:04.449153
GGD,31.42,31.41,31.43,50000000.0,50000000.0,0,0,0,0,0,11,2026-02-03 15:46:04.449153
PNR,59.39,59.38,59.4,50000000.0,50000000.0,0,0,0,0,0,11,2026-02-03 15:46:04.449153
FSR,30.48,30.47,30.49,50000000.0,50000000.0,0,0,0,0,0,11,2026-02-03 15:46:04.449153
ATB,62.63,62.62,62.64,50000000.0,50000000.0,0,0,0,0,0,11,2026-02-03 15:46:04.449153
SPK,53.32,53.31,53.33,50000000.0,50000000.0,0,0,0,0,0,11,2026-02-03 15:46:04.449153
EEC,48.67,48.66,48.68,50000000.0,50000000.0,0,0,0,0,0,11,2026-02-03 15:46:04.449153
TGX,43.8,43.79,43.81,50000000.0,50000000.0,0,0,0,0,0,12,2026-02-03 15:46:05.483427
PHR,47.76,47.75,47.77,50000000.0,50000000.0,0,0,0,0,0,12,2026-02-03 15:46:05.483427
BYL,43.6,43.59,43.61,50000000.0,50000000.0,0,0,0,0,0,12,2026-02-03 15:46:05.483427
CLD,79.85,79.84,79.86,50000000.0,50000000.0,0,0,0,0,0,12,2026-02-03 15:46:05.483427
GGD,31.38,31.37,31.39,50000000.0,50000000.0,0,0,0,0,0,12,2026-02-03 15:46:05.483427
PNR,59.3,59.29,59.31,50000000.0,50000000.0,0,0,0,0,0,12,2026-02-03 15:46:05.483427
FSR,30.42,30.41,30.43,50000000.0,50000000.0,0,0,0,0,0,12,2026-02-03 15:46:05.483427
ATB,62.46,62.45,62.47,50000000.0,50000000.0,0,0,0,0,0,12,2026-02-03 15:46:05.483427
SPK,53.46,53.45,53.47,50000000.0,50000000.0,0,0,0,0,0,12,2026-02-03 15:46:05.483427
EEC,49.05,49.04,49.06,50000000.0,50000000.0,0,0,0,0,0,12,2026-02-03 15:46:05.483427
TGX,43.77,43.76,43.78,50000000.0,50000000.0,0,0,0,0,0,13,2026-02-03 15:46:06.513024
PHR,47.73,47.72,47.74,50000000.0,50000000.0,0,0,0,0,0,13,2026-02-03 15:46:06.513024
BYL,43.51,43.5,43.52,50000000.0,50000000.0,0,0,0,0,0,13,2026-02-03 15:46:06.513024
CLD,79.73,79.72,79.74,50000000.0,50000000.0,0,0,0,0,0,13,2026-02-03 15:46:06.513024
GGD,31.36,31.35,31.37,50000000.0,50000000.0,0,0,0,0,0,13,2026-02-03 15:46:06.513024
PNR,58.98,58.97,58.99,50000000.0,50000000.0,0,0,0,0,0,13,2026-02-03 15:46:06.513024
FSR,30.46,30.45,30.47,50000000.0,50000000.0,0,0,0,0,0,13,2026-02-03 15:46:06.513024
ATB,61.64,61.63,61.65,50000000.0,50000000.0,0,0,0,0,0,13,2026-02-03 15:46:06.513024
SPK,53.22,53.21,53.23,50000000.0,50000000.0,0,0,0,0,0,13,2026-02-03 15:46:06.513024
EEC,48.6,48.59,48.61,50000000.0,50000000.0,0,0,0,0,0,13,2026-02-03 15:46:06.513024
TGX,43.69,43.68,43.7,50000000.0,50000000.0,0,0,0,0,0,14,2026-02-03 15:46:07.547296
PHR,47.73,47.72,47.74,50000000.0,50000000.0,0,0,0,0,0,14,2026-02-03 15:46:07.547296
BYL,43.41,43.4,43.42,50000000.0,50000000.0,0,0,0,0,0,14,2026-02-03 15:46:07.547296
CLD,79.32,79.31,79.33,50000000.0,50000000.0,0,0,0,0,0,14,2026-02-03 15:46:07.547296
GGD,31.38,31.37,31.39,50000000.0,50000000.0,0,0,0,0,0,14,2026-02-03 15:46:07.547296
PNR,58.82,58.81,58.83,50000000.0,50000000.0,0,0,0,0,0,14,2026-02-03 15:46:07.547296
FSR,30.44,30.43,30.45,50000000.0,50000000.0,0,0,0,0,0,14,2026-02-03 15:46:07.547296
ATB,62.38,62.37,62.39,50000000.0,50000000.0,0,0,0,0,0,14,2026-02-03 15:46:07.547296
SPK,53.32,53.31,53.33,50000000.0,50000000.0,0,0,0,0,0,14,2026-02-03 15:46:07.547296
EEC,48.7,48.69,48.71,50000000.0,50000000.0,0,0,0,0,0,14,2026-02-03 15:46:07.547296
TGX,43.67,43.66,43.68,50000000.0,50000000.0,0,0,0,0,0,15,2026-02-03 15:46:08.578381
PHR,47.36,47.35,47.37,50000000.0,50000000.0,0,0,0,0,0,15,2026-02-03 15:46:08.578381
BYL,43.45,43.44,43.46,50000000.0,50000000.0,0,0,0,0,0,15,2026-02-03 15:46:08.578381
CLD,79.29,79.28,79.3,50000000.0,50000000.0,0,0,0,0,0,15,2026-02-03 15:46:08.578381
GGD,31.37,31.36,31.38,50000000.0,50000000.0,0,0,0,0,0,15,2026-02-03 15:46:08.578381
PNR,58.62,58.61,58.63,50000000.0,50000000.0,0,0,0,0,0,15,2026-02-03 15:46:08.578381
FSR,30.39,30.38,30.4,50000000.0,50000000.0,0,0,0,0,0,15,2026-02-03 15:46:08.578381
ATB,62.67,62.66,62.68,50000000.0,50000000.0,0,0,0,0,0,15,2026-02-03 15:46:08.578381
SPK,53.39,53.38,53.4,50000000.0,50000000.0,0,0,0,0,0,15,2026-02-03 15:46:08.578381
EEC,48.67,48.66,48.68,50000000.0,50000000.0,0,0,0,0,0,15,2026-02-03 15:46:08.578381
TGX,43.62,43.61,43.63,50000000.0,50000000.0,0,0,0,0,0,16,2026-02-03 15:46:09.611993
PHR,47.43,47.42,47.44,50000000.0,50000000.0,0,0,0,0,0,16,2026-02-03 15:46:09.611993
BYL,43.55,43.54,43.56,50000000.0,50000000.0,0,0,0,0,0,16,2026-02-03 15:46:09.611993
CLD,79.5,79.49,79.51,50000000.0,50000000.0,0,0,0,0,0,16,2026-02-03 15:46:09.611993
GGD,31.36,31.35,31.37,50000000.0,50000000.0,0,0,0,0,0,16,2026-02-03 15:46:09.611993
PNR,58.93,58.92,58.94,50000000.0,50000000.0,0,0,0,0,0,16,2026-02-03 15:46:09.611993
FSR,30.39,30.38,30.4,50000000.0,50000000.0,0,0,0,0,0,16,2026-02-03 15:46:09.611993
ATB,62.47,62.46,62.48,50000000.0,50000000.0,0,0,0,0,0,16,2026-02-03 15:46:09.611993
SPK,53.55,53.54,53.56,50000000.0,50000000.0,0,0,0,0,0,16,2026-02-03 15:46:09.611993
EEC,48.97,48.96,48.98,50000000.0,50000000.0,0,0,0,0,0,16,2026-02-03 15:46:09.611993
TGX,43.7,43.69,43.71,50000000.0,50000000.0,0,0,0,0,0,17,2026-02-03 15:46:10.644421
PHR,47.35,47.34,47.36,50000000.0,50000000.0,0,0,0,0,0,17,2026-02-03 15:46:10.644421
BYL,43.55,43.54,43.56,50000000.0,50000000.0,0,0,0,0,0,17,2026-02-03 15:46:10.644421
CLD,79.51,79.5,79.52,50000000.0,50000000.0,0,0,0,0,0,17,2026-02-03 15:46:10.644421
GGD,31.38,31.37,31.39,50000000.0,50000000.0,0,0,0,0,0,17,2026-02-03 15:46:10.644421
PNR,59.35,59.34,59.36,50000000.0,50000000.0,0,0,0,0,0,17,2026-02-03 15:46:10.644421
FSR,30.3,30.29,30.31,50000000.0,50000000.0,0,0,0,0,0,17,2026-02-03 15:46:10.644421
ATB,62.04,62.03,62.05,50000000.0,50000000.0,0,0,0,0,0,17,2026-02-03 15:46:10.644421
SPK,53.7,53.69,53.71,50000000.0,50000000.0,0,0,0,0,0,17,2026-02-03 15:46:10.644421
EEC,49.33,49.32,49.34,50000000.0,50000000.0,0,0,0,0,0,17,2026-02-03 15:46:10.644421
TGX,43.71,43.7,43.72,50000000.0,50000000.0,0,0,0,0,0,18,2026-02-03 15:46:11.677124
PHR,47.19,47.18,47.2,50000000.0,50000000.0,0,0,0,0,0,18,2026-02-03 15:46:11.677124
BYL,43.58,43.57,43.59,50000000.0,50000000.0,0,0,0,0,0,18,2026-02-03 15:46:11.677124
CLD,79.35,79.34,79.36,50000000.0,50000000.0,0,0,0,0,0,18,2026-02-03 15:46:11.677124
GGD,31.38,31.37,31.39,50000000.0,50000000.0,0,0,0,0,0,18,2026-02-03 15:46:11.677124
PNR,59.2,59.19,59.21,50000000.0,50000000.0,0,0,0,0,0,18,2026-02-03 15:46:11.677124
FSR,30.39,30.38,30.4,50000000.0,50000000.0,0,0,0,0,0,18,2026-02-03 15:46:11.677124
ATB,61.64,61.63,61.65,50000000.0,50000000.0,0,0,0,0,0,18,2026-02-03 15:46:11.677124
SPK,53.7,53.69,53.71,50000000.0,50000000.0,0,0,0,0,0,18,2026-02-03 15:46:11.677124
EEC,49.32,49.31,49.33,50000000.0,50000000.0,0,0,0,0,0,18,2026-02-03 15:46:11.677124
TGX,43.67,43.66,43.68,50000000.0,50000000.0,0,0,0,0,0,19,2026-02-03 15:46:12.714867
PHR,47.31,47.3,47.32,50000000.0,50000000.0,0,0,0,0,0,19,2026-02-03 15:46:12.714867
BYL,43.53,43.52,43.54,50000000.0,50000000.0,0,0,0,0,0,19,2026-02-03 15:46:12.714867
CLD,79.1,79.09,79.11,50000000.0,50000000.0,0,0,0,0,0,19,2026-02-03 15:46:12.714867
GGD,31.31,31.3,31.32,50000000.0,50000000.0,0,0,0,0,0,19,2026-02-03 15:46:12.714867
PNR,58.93,58.92,58.94,50000000.0,50000000.0,0,0,0,0,0,19,2026-02-03 15:46:12.714867
FSR,30.38,30.37,30.39,50000000.0,50000000.0,0,0,0,0,0,19,2026-02-03 15:46:12.714867
ATB,61.83,61.82,61.84,50000000.0,50000000.0,0,0,0,0,0,19,2026-02-03 15:46:12.714867
SPK,53.75,53.74,53.76,50000000.0,50000000.0,0,0,0,0,0,19,2026-02-03 15:46:12.714867
EEC,49.11,49.1,49.12,50000000.0,50000000.0,0,0,0,0,0,19,2026-02-03 15:46:12.714867
TGX,43.73,43.72,43.74,50000000.0,50000000.0,0,0,0,0,0,20,2026-02-03 15:46:13.749454
PHR,47.41,47.4,47.42,50000000.0,50000000.0,0,0,0,0,0,20,2026-02-03 15:46:13.749454
BYL,43.52,43.51,43.53,50000000.0,50000000.0,0,0,0,0,0,20,2026-02-03 15:46:13.749454
CLD,79.08,79.07,79.09,50000000.0,50000000.0,0,0,0,0,0,20,2026-02-03 15:46:13.749454
GGD,31.29,31.28,31.3,50000000.0,50000000.0,0,0,0,0,0,20,2026-02-03 15:46:13.749454
PNR,58.64,58.63,58.65,50000000.0,50000000.0,0,0,0,0,0,20,2026-02-03 15:46:13.749454
FSR,30.3,30.29,30.31,50000000.0,50000000.0,0,0,0,0,0,20,2026-02-03 15:46:13.749454
ATB,62.4,62.39,62.41,50000000.0,50000000.0,0,0,0,0,0,20,2026-02-03 15:46:13.749454
SPK,53.75,53.74,53.76,50000000.0,50000000.0,0,0,0,0,0,20,2026-02-03 15:46:13.749454
EEC,49.28,49.27,49.29,50000000.0,50000000.0,0,0,0,0,0,20,2026-02-03 15:46:13.749454
TGX,43.61,43.6,43.62,50000000.0,50000000.0,0,0,0,0,0,21,2026-02-03 15:46:14.787057
PHR,47.36,47.35,47.37,50000000.0,50000000.0,0,0,0,0,0,21,2026-02-03 15:46:14.787057
BYL,43.5,43.49,43.51,50000000.0,50000000.0,0,0,0,0,0,21,2026-02-03 15:46:14.787057
CLD,79.02,79.01,79.03,50000000.0,50000000.0,0,0,0,0,0,21,2026-02-03 15:46:14.787057
GGD,31.23,31.22,31.24,50000000.0,50000000.0,0,0,0,0,0,21,2026-02-03 15:46:14.787057
PNR,58.25,58.24,58.26,50000000.0,50000000.0,0,0,0,0,0,21,2026-02-03 15:46:14.787057
FSR,30.33,30.32,30.34,50000000.0,50000000.0,0,0,0,0,0,21,2026-02-03 15:46:14.787057
ATB,61.89,61.88,61.9,50000000.0,50000000.0,0,0,0,0,0,21,2026-02-03 15:46:14.787057
SPK,53.69,53.68,53.7,50000000.0,50000000.0,0,0,0,0,0,21,2026-02-03 15:46:14.787057
EEC,49.25,49.24,49.26,50000000.0,50000000.0,0,0,0,0,0,21,2026-02-03 15:46:14.787057
TGX,43.56,43.55,43.57,50000000.0,50000000.0,0,0,0,0,0,22,2026-02-03 15:46:15.826545
PHR,47.43,47.42,47.44,50000000.0,50000000.0,0,0,0,0,0,22,2026-02-03 15:46:15.826545
BYL,43.5,43.49,43.51,50000000.0,50000000.0,0,0,0,0,0,22,2026-02-03 15:46:15.826545
CLD,78.87,78.86,78.88,50000000.0,50000000.0,0,0,0,0,0,22,2026-02-03 15:46:15.826545
GGD,31.27,31.26,31.28,50000000.0,50000000.0,0,0,0,0,0,22,2026-02-03 15:46:15.826545
PNR,58.64,58.63,58.65,50000000.0,50000000.0,0,0,0,0,0,22,2026-02-03 15:46:15.826545
FSR,30.3,30.29,30.31,50000000.0,50000000.0,0,0,0,0,0,22,2026-02-03 15:46:15.826545
ATB,62.0,61.99,62.01,50000000.0,50000000.0,0,0,0,0,0,22,2026-02-03 15:46:15.826545
SPK,53.44,53.43,53.45,50000000.0,50000000.0,0,0,0,0,0,22,2026-02-03 15:46:15.826545
EEC,48.75,48.74,48.76,50000000.0,50000000.0,0,0,0,0,0,22,2026-02-03 15:46:15.826545
TGX,43.58,43.57,43.59,50000000.0,50000000.0,0,0,0,0,0,23,2026-02-03 15:46:16.359671
PHR,47.66,47.65,47.67,50000000.0,50000000.0,0,0,0,0,0,23,2026-02-03 15:46:16.359671
BYL,43.45,43.44,43.46,50000000.0,50000000.0,0,0,0,0,0,23,2026-02-03 15:46:16.359671
CLD,78.77,78.76,78.78,50000000.0,50000000.0,0,0,0,0,0,23,2026-02-03 15:46:16.359671
GGD,31.29,31.28,31.3,50000000.0,50000000.0,0,0,0,0,0,23,2026-02-03 15:46:16.359671
PNR,58.66,58.65,58.67,50000000.0,50000000.0,0,0,0,0,0,23,2026-02-03 15:46:16.359671
FSR,30.26,30.25,30.27,50000000.0,50000000.0,0,0,0,0,0,23,2026-02-03 15:46:16.359671
ATB,61.89,61.88,61.9,50000000.0,50000000.0,0,0,0,0,0,23,2026-02-03 15:46:16.359671
SPK,53.54,53.53,53.55,50000000.0,50000000.0,0,0,0,0,0,23,2026-02-03 15:46:16.359671
EEC,48.83,48.82,48.84,50000000.0,50000000.0,0,0,0,0,0,23,2026-02-03 15:46:16.359671
TGX,43.6,43.59,43.61,50000000.0,50000000.0,0,0,0,0,0,24,2026-02-03 15:46:17.454456
PHR,47.86,47.85,47.87,50000000.0,50000000.0,0,0,0,0,0,24,2026-02-03 15:46:17.454456
BYL,43.48,43.47,43.49,50000000.0,50000000.0,0,0,0,0,0,24,2026-02-03 15:46:17.454456
CLD,78.79,78.78,78.8,50000000.0,50000000.0,0,0,0,0,0,24,2026-02-03 15:46:17.454456
GGD,31.33,31.32,31.34,50000000.0,50000000.0,0,0,0,0,0,24,2026-02-03 15:46:17.454456
PNR,58.8,58.79,58.81,50000000.0,50000000.0,0,0,0,0,0,24,2026-02-03 15:46:17.454456
FSR,30.27,30.26,30.28,50000000.0,50000000.0,0,0,0,0,0,24,2026-02-03 15:46:17.454456
ATB,61.57,61.56,61.58,50000000.0,50000000.0,0,0,0,0,0,24,2026-02-03 15:46:17.454456
SPK,53.37,53.36,53.38,50000000.0,50000000.0,0,0,0,0,0,24,2026-02-03 15:46:17.454456
EEC,48.59,48.58,48.6,50000000.0,50000000.0,0,0,0,0,0,24,2026-02-03 15:46:17.454456
TGX,43.68,43.67,43.69,50000000.0,50000000.0,0,0,0,0,0,25,2026-02-03 15:46:18.511040
PHR,47.58,47.57,47.59,50000000.0,50000000.0,0,0,0,0,0,25,2026-02-03 15:46:18.511040
BYL,43.54,43.53,43.55,50000000.0,50000000.0,0,0,0,0,0,25,2026-02-03 15:46:18.511040
CLD,78.89,78.88,78.9,50000000.0,50000000.0,0,0,0,0,0,25,2026-02-03 15:46:18.511040
GGD,31.31,31.3,31.32,50000000.0,50000000.0,0,0,0,0,0,25,2026-02-03 15:46:18.511040
PNR,58.92,58.91,58.93,50000000.0,50000000.0,0,0,0,0,0,25,2026-02-03 15:46:18.511040
FSR,30.26,30.25,30.27,50000000.0,50000000.0,0,0,0,0,0,25,2026-02-03 15:46:18.511040
ATB,61.2,61.19,61.21,50000000.0,50000000.0,0,0,0,0,0,25,2026-02-03 15:46:18.511040
SPK,53.38,53.37,53.39,50000000.0,50000000.0,0,0,0,0,0,25,2026-02-03 15:46:18.511040
EEC,48.71,48.7,48.72,50000000.0,50000000.0,0,0,0,0,0,25,2026-02-03 15:46:18.511040
TGX,43.67,43.66,43.68,50000000.0,50000000.0,0,0,0,0,0,26,2026-02-03 15:46:19.547471,2.0,1.0,25.0,D1-TGX/PHR,Regulatory Timeline Slippage,Companies update investors that regulatory approvals are now expected in Q3 rather than Q2 due to extended international reviews.
PHR,47.57,47.56,47.58,50000000.0,50000000.0,0,0,0,0,0,26,2026-02-03 15:46:19.547471,,,,,,
BYL,43.51,43.5,43.52,50000000.0,50000000.0,0,0,0,0,0,26,2026-02-03 15:46:19.547471,,,,,,
CLD,78.95,78.94,78.96,50000000.0,50000000.0,0,0,0,0,0,26,2026-02-03 15:46:19.547471,,,,,,
GGD,31.3,31.29,31.31,50000000.0,50000000.0,0,0,0,0,0,26,2026-02-03 15:46:19.547471,,,,,,
PNR,58.86,58.85,58.87,50000000.0,50000000.0,0,0,0,0,0,26,2026-02-03 15:46:19.547471,,,,,,
FSR,30.22,30.21,30.23,50000000.0,50000000.0,0,0,0,0,0,26,2026-02-03 15:46:19.547471,,,,,,
ATB,60.98,60.97,60.99,50000000.0,50000000.0,0,0,0,0,0,26,2026-02-03 15:46:19.547471,,,,,,
SPK,53.38,53.37,53.39,50000000.0,50000000.0,0,0,0,0,0,26,2026-02-03 15:46:19.547471,,,,,,
EEC,48.59,48.58,48.6,50000000.0,50000000.0,0,0,0,0,0,26,2026-02-03 15:46:19.547471,,,,,,
TGX,43.67,43.66,43.68,50000000.0,50000000.0,0,0,0,0,0,27,2026-02-03 15:46:20.583574
PHR,47.57,47.56,47.58,50000000.0,50000000.0,0,0,0,0,0,27,2026-02-03 15:46:20.583574
BYL,43.51,43.5,43.52,50000000.0,50000000.0,0,0,0,0,0,27,2026-02-03 15:46:20.583574
CLD,78.99,78.98,79.0,50000000.0,50000000.0,0,0,0,0,0,27,2026-02-03 15:46:20.583574
GGD,31.32,31.31,31.33,50000000.0,50000000.0,0,0,0,0,0,27,2026-02-03 15:46:20.583574
PNR,59.16,59.15,59.17,50000000.0,50000000.0,0,0,0,0,0,27,2026-02-03 15:46:20.583574
FSR,30.17,30.16,30.18,50000000.0,50000000.0,0,0,0,0,0,27,2026-02-03 15:46:20.583574
ATB,60.52,60.51,60.53,50000000.0,50000000.0,0,0,0,0,0,27,2026-02-03 15:46:20.583574
SPK,53.38,53.37,53.39,50000000.0,50000000.0,0,0,0,0,0,27,2026-02-03 15:46:20.583574
EEC,48.74,48.73,48.75,50000000.0,50000000.0,0,0,0,0,0,27,2026-02-03 15:46:20.583574
TGX,43.68,43.67,43.69,50000000.0,50000000.0,0,0,0,0,0,28,2026-02-03 15:46:21.627625,3.0,1.0,27.0,D3-GGD/PNR,Integration Planning Progresses,"Joint integration office established focusing on operations, systems, and organizational design."
PHR,47.79,47.78,47.8,50000000.0,50000000.0,0,0,0,0,0,28,2026-02-03 15:46:21.627625,,,,,,
BYL,43.47,43.46,43.48,50000000.0,50000000.0,0,0,0,0,0,28,2026-02-03 15:46:21.627625,,,,,,
CLD,78.97,78.96,78.98,50000000.0,50000000.0,0,0,0,0,0,28,2026-02-03 15:46:21.627625,,,,,,
GGD,31.28,31.27,31.29,50000000.0,50000000.0,0,0,0,0,0,28,2026-02-03 15:46:21.627625,,,,,,
PNR,58.91,58.9,58.92,50000000.0,50000000.0,0,0,0,0,0,28,2026-02-03 15:46:21.627625,,,,,,
FSR,30.18,30.17,30.19,50000000.0,50000000.0,0,0,0,0,0,28,2026-02-03 15:46:21.627625,,,,,,
ATB,60.8,60.79,60.81,50000000.0,50000000.0,0,0,0,0,0,28,2026-02-03 15:46:21.627625,,,,,,
SPK,53.39,53.38,53.4,50000000.0,50000000.0,0,0,0,0,0,28,2026-02-03 15:46:21.627625,,,,,,
EEC,48.56,48.55,48.57,50000000.0,50000000.0,0,0,0,0,0,28,2026-02-03 15:46:21.627625,,,,,,
TGX,43.69,43.68,43.7,50000000.0,50000000.0,0,0,0,0,0,29,2026-02-03 15:46:22.667111
PHR,48.05,48.04,48.06,50000000.0,50000000.0,0,0,0,0,0,29,2026-02-03 15:46:22.667111
BYL,43.37,43.36,43.38,50000000.0,50000000.0,0,0,0,0,0,29,2026-02-03 15:46:22.667111
CLD,78.71,78.7,78.72,50000000.0,50000000.0,0,0,0,0,0,29,2026-02-03 15:46:22.667111
GGD,31.31,31.3,31.32,50000000.0,50000000.0,0,0,0,0,0,29,2026-02-03 15:46:22.667111
PNR,58.79,58.78,58.8,50000000.0,50000000.0,0,0,0,0,0,29,2026-02-03 15:46:22.667111
FSR,30.18,30.17,30.19,50000000.0,50000000.0,0,0,0,0,0,29,2026-02-03 15:46:22.667111
ATB,61.02,61.01,61.03,50000000.0,50000000.0,0,0,0,0,0,29,2026-02-03 15:46:22.667111
SPK,53.36,53.35,53.37,50000000.0,50000000.0,0,0,0,0,0,29,2026-02-03 15:46:22.667111
EEC,48.58,48.57,48.59,50000000.0,50000000.0,0,0,0,0,0,29,2026-02-03 15:46:22.667111
TGX,43.68,43.67,43.69,50000000.0,50000000.0,0,0,0,0,0,30,2026-02-03 15:46:23.709648
PHR,48.18,48.17,48.19,50000000.0,50000000.0,0,0,0,0,0,30,2026-02-03 15:46:23.709648
BYL,43.31,43.3,43.32,50000000.0,50000000.0,0,0,0,0,0,30,2026-02-03 15:46:23.709648
CLD,78.47,78.46,78.48,50000000.0,50000000.0,0,0,0,0,0,30,2026-02-03 15:46:23.709648
GGD,31.32,31.31,31.33,50000000.0,50000000.0,0,0,0,0,0,30,2026-02-03 15:46:23.709648
PNR,58.91,58.9,58.92,50000000.0,50000000.0,0,0,0,0,0,30,2026-02-03 15:46:23.709648
FSR,30.22,30.21,30.23,50000000.0,50000000.0,0,0,0,0,0,30,2026-02-03 15:46:23.709648
ATB,61.49,61.48,61.5,50000000.0,50000000.0,0,0,0,0,0,30,2026-02-03 15:46:23.709648
SPK,53.11,53.1,53.12,50000000.0,50000000.0,0,0,0,0,0,30,2026-02-03 15:46:23.709648
EEC,48.28,48.27,48.29,50000000.0,50000000.0,0,0,0,0,0,30,2026-02-03 15:46:23.709648
TGX,43.69,43.68,43.7,50000000.0,50000000.0,0,0,0,0,0,31,2026-02-03 15:46:24.748123,4.0,1.0,30.0,D1-TGX/PHR,Successful Bond Offering,"Pharmaco successfully prices $6 billion in investment-grade bonds with strong investor demand, achieving pricing at the tight end of expectations."
PHR,48.15,48.14,48.16,50000000.0,50000000.0,0,0,0,0,0,31,2026-02-03 15:46:24.748123,,,,,,
BYL,43.43,43.42,43.44,50000000.0,50000000.0,0,0,0,0,0,31,2026-02-03 15:46:24.748123,,,,,,
CLD,78.47,78.46,78.48,50000000.0,50000000.0,0,0,0,0,0,31,2026-02-03 15:46:24.748123,,,,,,
GGD,31.33,31.32,31.34,50000000.0,50000000.0,0,0,0,0,0,31,2026-02-03 15:46:24.748123,,,,,,
PNR,59.11,59.1,59.12,50000000.0,50000000.0,0,0,0,0,0,31,2026-02-03 15:46:24.748123,,,,,,
FSR,30.16,30.15,30.17,50000000.0,50000000.0,0,0,0,0,0,31,2026-02-03 15:46:24.748123,,,,,,
ATB,61.45,61.44,61.46,50000000.0,50000000.0,0,0,0,0,0,31,2026-02-03 15:46:24.748123,,,,,,
SPK,53.18,53.17,53.19,50000000.0,50000000.0,0,0,0,0,0,31,2026-02-03 15:46:24.748123,,,,,,
EEC,48.45,48.44,48.46,50000000.0,50000000.0,0,0,0,0,0,31,2026-02-03 15:46:24.748123,,,,,,
TGX,43.71,43.7,43.72,50000000.0,50000000.0,0,0,0,0,0,32,2026-02-03 15:46:25.787682
PHR,48.1,48.09,48.11,50000000.0,50000000.0,0,0,0,0,0,32,2026-02-03 15:46:25.787682
BYL,43.31,43.3,43.32,50000000.0,50000000.0,0,0,0,0,0,32,2026-02-03 15:46:25.787682
CLD,78.22,78.21,78.23,50000000.0,50000000.0,0,0,0,0,0,32,2026-02-03 15:46:25.787682
GGD,31.41,31.4,31.42,50000000.0,50000000.0,0,0,0,0,0,32,2026-02-03 15:46:25.787682
PNR,59.27,59.26,59.28,50000000.0,50000000.0,0,0,0,0,0,32,2026-02-03 15:46:25.787682
FSR,30.14,30.13,30.15,50000000.0,50000000.0,0,0,0,0,0,32,2026-02-03 15:46:25.787682
ATB,61.2,61.19,61.21,50000000.0,50000000.0,0,0,0,0,0,32,2026-02-03 15:46:25.787682
SPK,53.27,53.26,53.28,50000000.0,50000000.0,0,0,0,0,0,32,2026-02-03 15:46:25.787682
EEC,48.6,48.59,48.61,50000000.0,50000000.0,0,0,0,0,0,32,2026-02-03 15:46:25.787682
TGX,43.72,43.71,43.73,50000000.0,50000000.0,0,0,0,0,0,33,2026-02-03 15:46:26.822594
PHR,48.23,48.22,48.24,50000000.0,50000000.0,0,0,0,0,0,33,2026-02-03 15:46:26.822594
BYL,43.38,43.37,43.39,50000000.0,50000000.0,0,0,0,0,0,33,2026-02-03 15:46:26.822594
CLD,78.4,78.39,78.41,50000000.0,50000000.0,0,0,0,0,0,33,2026-02-03 15:46:26.822594
GGD,31.38,31.37,31.39,50000000.0,50000000.0,0,0,0,0,0,33,2026-02-03 15:46:26.822594
PNR,59.22,59.21,59.23,50000000.0,50000000.0,0,0,0,0,0,33,2026-02-03 15:46:26.822594
FSR,30.09,30.08,30.1,50000000.0,50000000.0,0,0,0,0,0,33,2026-02-03 15:46:26.822594
ATB,61.08,61.07,61.09,50000000.0,50000000.0,0,0,0,0,0,33,2026-02-03 15:46:26.822594
SPK,53.2,53.19,53.21,50000000.0,50000000.0,0,0,0,0,0,33,2026-02-03 15:46:26.822594
EEC,48.51,48.5,48.52,50000000.0,50000000.0,0,0,0,0,0,33,2026-02-03 15:46:26.822594
TGX,43.64,43.63,43.65,50000000.0,50000000.0,0,0,0,0,0,34,2026-02-03 15:46:27.858965
PHR,48.13,48.12,48.14,50000000.0,50000000.0,0,0,0,0,0,34,2026-02-03 15:46:27.858965
BYL,43.38,43.37,43.39,50000000.0,50000000.0,0,0,0,0,0,34,2026-02-03 15:46:27.858965
CLD,78.4,78.39,78.41,50000000.0,50000000.0,0,0,0,0,0,34,2026-02-03 15:46:27.858965
GGD,31.45,31.44,31.46,50000000.0,50000000.0,0,0,0,0,0,34,2026-02-03 15:46:27.858965
PNR,59.6,59.59,59.61,50000000.0,50000000.0,0,0,0,0,0,34,2026-02-03 15:46:27.858965
FSR,30.17,30.16,30.18,50000000.0,50000000.0,0,0,0,0,0,34,2026-02-03 15:46:27.858965
ATB,61.49,61.48,61.5,50000000.0,50000000.0,0,0,0,0,0,34,2026-02-03 15:46:27.858965
SPK,53.28,53.27,53.29,50000000.0,50000000.0,0,0,0,0,0,34,2026-02-03 15:46:27.858965
EEC,48.62,48.61,48.63,50000000.0,50000000.0,0,0,0,0,0,34,2026-02-03 15:46:27.858965
TGX,43.64,43.63,43.65,50000000.0,50000000.0,0,0,0,0,0,35,2026-02-03 15:46:28.892576
PHR,48.02,48.01,48.03,50000000.0,50000000.0,0,0,0,0,0,35,2026-02-03 15:46:28.892576
BYL,43.39,43.38,43.4,50000000.0,50000000.0,0,0,0,0,0,35,2026-02-03 15:46:28.892576
CLD,78.36,78.35,78.37,50000000.0,50000000.0,0,0,0,0,0,35,2026-02-03 15:46:28.892576
GGD,31.46,31.45,31.47,50000000.0,50000000.0,0,0,0,0,0,35,2026-02-03 15:46:28.892576
PNR,59.63,59.62,59.64,50000000.0,50000000.0,0,0,0,0,0,35,2026-02-03 15:46:28.892576
FSR,30.2,30.19,30.21,50000000.0,50000000.0,0,0,0,0,0,35,2026-02-03 15:46:28.892576
ATB,62.28,62.27,62.29,50000000.0,50000000.0,0,0,0,0,0,35,2026-02-03 15:46:28.892576
SPK,53.25,53.24,53.26,50000000.0,50000000.0,0,0,0,0,0,35,2026-02-03 15:46:28.892576
EEC,48.6,48.59,48.61,50000000.0,50000000.0,0,0,0,0,0,35,2026-02-03 15:46:28.892576
TGX,43.6,43.59,43.61,50000000.0,50000000.0,0,0,0,0,0,36,2026-02-03 15:46:29.435559
PHR,47.88,47.87,47.89,50000000.0,50000000.0,0,0,0,0,0,36,2026-02-03 15:46:29.435559
BYL,43.4,43.39,43.41,50000000.0,50000000.0,0,0,0,0,0,36,2026-02-03 15:46:29.435559
CLD,78.5,78.49,78.51,50000000.0,50000000.0,0,0,0,0,0,36,2026-02-03 15:46:29.435559
GGD,31.52,31.51,31.53,50000000.0,50000000.0,0,0,0,0,0,36,2026-02-03 15:46:29.435559
PNR,60.26,60.25,60.27,50000000.0,50000000.0,0,0,0,0,0,36,2026-02-03 15:46:29.435559
FSR,30.22,30.21,30.23,50000000.0,50000000.0,0,0,0,0,0,36,2026-02-03 15:46:29.435559
ATB,62.17,62.16,62.18,50000000.0,50000000.0,0,0,0,0,0,36,2026-02-03 15:46:29.435559
SPK,53.3,53.29,53.31,50000000.0,50000000.0,0,0,0,0,0,36,2026-02-03 15:46:29.435559
EEC,48.68,48.67,48.69,50000000.0,50000000.0,0,0,0,0,0,36,2026-02-03 15:46:29.435559
TGX,43.68,43.67,43.69,50000000.0,50000000.0,0,0,0,0,0,37,2026-02-03 15:46:30.504561
PHR,48.04,48.03,48.05,50000000.0,50000000.0,0,0,0,0,0,37,2026-02-03 15:46:30.504561
BYL,43.36,43.35,43.37,50000000.0,50000000.0,0,0,0,0,0,37,2026-02-03 15:46:30.504561
CLD,78.46,78.45,78.47,50000000.0,50000000.0,0,0,0,0,0,37,2026-02-03 15:46:30.504561
GGD,31.58,31.57,31.59,50000000.0,50000000.0,0,0,0,0,0,37,2026-02-03 15:46:30.504561
PNR,60.55,60.54,60.56,50000000.0,50000000.0,0,0,0,0,0,37,2026-02-03 15:46:30.504561
FSR,30.26,30.25,30.27,50000000.0,50000000.0,0,0,0,0,0,37,2026-02-03 15:46:30.504561
ATB,62.11,62.1,62.12,50000000.0,50000000.0,0,0,0,0,0,37,2026-02-03 15:46:30.504561
SPK,53.18,53.17,53.19,50000000.0,50000000.0,0,0,0,0,0,37,2026-02-03 15:46:30.504561
EEC,48.68,48.67,48.69,50000000.0,50000000.0,0,0,0,0,0,37,2026-02-03 15:46:30.504561
TGX,43.67,43.66,43.68,50000000.0,50000000.0,0,0,0,0,0,38,2026-02-03 15:46:31.541611
PHR,47.98,47.97,47.99,50000000.0,50000000.0,0,0,0,0,0,38,2026-02-03 15:46:31.541611
BYL,43.38,43.37,43.39,50000000.0,50000000.0,0,0,0,0,0,38,2026-02-03 15:46:31.541611
CLD,78.57,78.56,78.58,50000000.0,50000000.0,0,0,0,0,0,38,2026-02-03 15:46:31.541611
GGD,31.67,31.66,31.68,50000000.0,50000000.0,0,0,0,0,0,38,2026-02-03 15:46:31.541611
PNR,61.18,61.17,61.19,50000000.0,50000000.0,0,0,0,0,0,38,2026-02-03 15:46:31.541611
FSR,30.27,30.26,30.28,50000000.0,50000000.0,0,0,0,0,0,38,2026-02-03 15:46:31.541611
ATB,61.94,61.93,61.95,50000000.0,50000000.0,0,0,0,0,0,38,2026-02-03 15:46:31.541611
SPK,53.14,53.13,53.15,50000000.0,50000000.0,0,0,0,0,0,38,2026-02-03 15:46:31.541611
EEC,48.62,48.61,48.63,50000000.0,50000000.0,0,0,0,0,0,38,2026-02-03 15:46:31.541611
TGX,43.7,43.69,43.71,50000000.0,50000000.0,0,0,0,0,0,39,2026-02-03 15:46:32.582211
PHR,47.84,47.83,47.85,50000000.0,50000000.0,0,0,0,0,0,39,2026-02-03 15:46:32.582211
BYL,43.49,43.48,43.5,50000000.0,50000000.0,0,0,0,0,0,39,2026-02-03 15:46:32.582211
CLD,78.6,78.59,78.61,50000000.0,50000000.0,0,0,0,0,0,39,2026-02-03 15:46:32.582211
GGD,31.67,31.66,31.68,50000000.0,50000000.0,0,0,0,0,0,39,2026-02-03 15:46:32.582211
PNR,60.98,60.97,60.99,50000000.0,50000000.0,0,0,0,0,0,39,2026-02-03 15:46:32.582211
FSR,30.37,30.36,30.38,50000000.0,50000000.0,0,0,0,0,0,39,2026-02-03 15:46:32.582211
ATB,61.15,61.14,61.16,50000000.0,50000000.0,0,0,0,0,0,39,2026-02-03 15:46:32.582211
SPK,53.17,53.16,53.18,50000000.0,50000000.0,0,0,0,0,0,39,2026-02-03 15:46:32.582211
EEC,48.52,48.51,48.53,50000000.0,50000000.0,0,0,0,0,0,39,2026-02-03 15:46:32.582211
TGX,43.69,43.68,43.7,50000000.0,50000000.0,0,0,0,0,0,40,2026-02-03 15:46:33.620537
PHR,47.77,47.76,47.78,50000000.0,50000000.0,0,0,0,0,0,40,2026-02-03 15:46:33.620537
BYL,43.52,43.51,43.53,50000000.0,50000000.0,0,0,0,0,0,40,2026-02-03 15:46:33.620537
CLD,78.65,78.64,78.66,50000000.0,50000000.0,0,0,0,0,0,40,2026-02-03 15:46:33.620537
GGD,31.69,31.68,31.7,50000000.0,50000000.0,0,0,0,0,0,40,2026-02-03 15:46:33.620537
PNR,61.36,61.35,61.37,50000000.0,50000000.0,0,0,0,0,0,40,2026-02-03 15:46:33.620537
FSR,30.3,30.29,30.31,50000000.0,50000000.0,0,0,0,0,0,40,2026-02-03 15:46:33.620537
ATB,60.97,60.96,60.98,50000000.0,50000000.0,0,0,0,0,0,40,2026-02-03 15:46:33.620537
SPK,53.18,53.17,53.19,50000000.0,50000000.0,0,0,0,0,0,40,2026-02-03 15:46:33.620537
EEC,48.51,48.5,48.52,50000000.0,50000000.0,0,0,0,0,0,40,2026-02-03 15:46:33.620537
TGX,43.69,43.68,43.7,50000000.0,50000000.0,0,0,0,0,0,41,2026-02-03 15:46:34.670636
PHR,48.03,48.02,48.04,50000000.0,50000000.0,0,0,0,0,0,41,2026-02-03 15:46:34.670636
BYL,43.59,43.58,43.6,50000000.0,50000000.0,0,0,0,0,0,41,2026-02-03 15:46:34.670636
CLD,78.73,78.72,78.74,50000000.0,50000000.0,0,0,0,0,0,41,2026-02-03 15:46:34.670636
GGD,31.72,31.71,31.73,50000000.0,50000000.0,0,0,0,0,0,41,2026-02-03 15:46:34.670636
PNR,60.96,60.95,60.97,50000000.0,50000000.0,0,0,0,0,0,41,2026-02-03 15:46:34.670636
FSR,30.34,30.33,30.35,50000000.0,50000000.0,0,0,0,0,0,41,2026-02-03 15:46:34.670636
ATB,61.42,61.41,61.43,50000000.0,50000000.0,0,0,0,0,0,41,2026-02-03 15:46:34.670636
SPK,53.34,53.33,53.35,50000000.0,50000000.0,0,0,0,0,0,41,2026-02-03 15:46:34.670636
EEC,48.84,48.83,48.85,50000000.0,50000000.0,0,0,0,0,0,41,2026-02-03 15:46:34.670636
TGX,42.56,42.55,42.57,50000000.0,50000000.0,0,0,0,0,0,42,2026-02-03 15:46:35.707949
PHR,48.13,48.12,48.14,50000000.0,50000000.0,0,0,0,0,0,42,2026-02-03 15:46:35.707949
BYL,43.63,43.62,43.64,50000000.0,50000000.0,0,0,0,0,0,42,2026-02-03 15:46:35.707949
CLD,78.97,78.96,78.98,50000000.0,50000000.0,0,0,0,0,0,42,2026-02-03 15:46:35.707949
GGD,31.76,31.75,31.77,50000000.0,50000000.0,0,0,0,0,0,42,2026-02-03 15:46:35.707949
PNR,61.67,61.66,61.68,50000000.0,50000000.0,0,0,0,0,0,42,2026-02-03 15:46:35.707949
FSR,30.44,30.43,30.45,50000000.0,50000000.0,0,0,0,0,0,42,2026-02-03 15:46:35.707949
ATB,61.2,61.19,61.21,50000000.0,50000000.0,0,0,0,0,0,42,2026-02-03 15:46:35.707949
SPK,53.2,53.19,53.21,50000000.0,50000000.0,0,0,0,0,0,42,2026-02-03 15:46:35.707949
EEC,48.63,48.62,48.64,50000000.0,50000000.0,0,0,0,0,0,42,2026-02-03 15:46:35.707949
TGX,42.55,42.54,42.56,50000000.0,50000000.0,0,0,0,0,0,43,2026-02-03 15:46:36.747045
PHR,48.21,48.2,48.22,50000000.0,50000000.0,0,0,0,0,0,43,2026-02-03 15:46:36.747045
BYL,43.72,43.71,43.73,50000000.0,50000000.0,0,0,0,0,0,43,2026-02-03 15:46:36.747045
CLD,79.25,79.24,79.26,50000000.0,50000000.0,0,0,0,0,0,43,2026-02-03 15:46:36.747045
GGD,31.8,31.79,31.81,50000000.0,50000000.0,0,0,0,0,0,43,2026-02-03 15:46:36.747045
PNR,62.02,62.01,62.03,50000000.0,50000000.0,0,0,0,0,0,43,2026-02-03 15:46:36.747045
FSR,30.36,30.35,30.37,50000000.0,50000000.0,0,0,0,0,0,43,2026-02-03 15:46:36.747045
ATB,61.3,61.29,61.31,50000000.0,50000000.0,0,0,0,0,0,43,2026-02-03 15:46:36.747045
SPK,53.35,53.34,53.36,50000000.0,50000000.0,0,0,0,0,0,43,2026-02-03 15:46:36.747045
EEC,48.87,48.86,48.88,50000000.0,50000000.0,0,0,0,0,0,43,2026-02-03 15:46:36.747045
TGX,42.56,42.55,42.57,50000000.0,50000000.0,0,0,0,0,0,44,2026-02-03 15:46:37.777613
PHR,48.06,48.05,48.07,50000000.0,50000000.0,0,0,0,0,0,44,2026-02-03 15:46:37.777613
BYL,43.76,43.75,43.77,50000000.0,50000000.0,0,0,0,0,0,44,2026-02-03 15:46:37.777613
CLD,79.38,79.37,79.39,50000000.0,50000000.0,0,0,0,0,0,44,2026-02-03 15:46:37.777613
GGD,31.83,31.82,31.84,50000000.0,50000000.0,0,0,0,0,0,44,2026-02-03 15:46:37.777613
PNR,62.27,62.26,62.28,50000000.0,50000000.0,0,0,0,0,0,44,2026-02-03 15:46:37.777613
FSR,30.28,30.27,30.29,50000000.0,50000000.0,0,0,0,0,0,44,2026-02-03 15:46:37.777613
ATB,61.19,61.18,61.2,50000000.0,50000000.0,0,0,0,0,0,44,2026-02-03 15:46:37.777613
SPK,53.42,53.41,53.43,50000000.0,50000000.0,0,0,0,0,0,44,2026-02-03 15:46:37.777613
EEC,49.07,49.06,49.08,50000000.0,50000000.0,0,0,0,0,0,44,2026-02-03 15:46:37.777613
TGX,42.57,42.56,42.58,50000000.0,50000000.0,0,0,0,0,0,45,2026-02-03 15:46:38.808356
PHR,48.16,48.15,48.17,50000000.0,50000000.0,0,0,0,0,0,45,2026-02-03 15:46:38.808356
BYL,43.73,43.72,43.74,50000000.0,50000000.0,0,0,0,0,0,45,2026-02-03 15:46:38.808356
CLD,79.35,79.34,79.36,50000000.0,50000000.0,0,0,0,0,0,45,2026-02-03 15:46:38.808356
GGD,31.77,31.76,31.78,50000000.0,50000000.0,0,0,0,0,0,45,2026-02-03 15:46:38.808356
PNR,61.99,61.98,62.0,50000000.0,50000000.0,0,0,0,0,0,45,2026-02-03 15:46:38.808356
FSR,30.37,30.36,30.38,50000000.0,50000000.0,0,0,0,0,0,45,2026-02-03 15:46:38.808356
ATB,61.49,61.48,61.5,50000000.0,50000000.0,0,0,0,0,0,45,2026-02-03 15:46:38.808356
SPK,53.58,53.57,53.59,50000000.0,50000000.0,0,0,0,0,0,45,2026-02-03 15:46:38.808356
EEC,49.4,49.39,49.41,50000000.0,50000000.0,0,0,0,0,0,45,2026-02-03 15:46:38.808356
TGX,42.59,42.58,42.6,50000000.0,50000000.0,0,0,0,0,0,46,2026-02-03 15:46:39.845609
PHR,48.25,48.24,48.26,50000000.0,50000000.0,0,0,0,0,0,46,2026-02-03 15:46:39.845609
BYL,43.74,43.73,43.75,50000000.0,50000000.0,0,0,0,0,0,46,2026-02-03 15:46:39.845609
CLD,79.34,79.33,79.35,50000000.0,50000000.0,0,0,0,0,0,46,2026-02-03 15:46:39.845609
GGD,31.78,31.77,31.79,50000000.0,50000000.0,0,0,0,0,0,46,2026-02-03 15:46:39.845609
PNR,61.8,61.79,61.81,50000000.0,50000000.0,0,0,0,0,0,46,2026-02-03 15:46:39.845609
FSR,30.43,30.42,30.44,50000000.0,50000000.0,0,0,0,0,0,46,2026-02-03 15:46:39.845609
ATB,61.07,61.06,61.08,50000000.0,50000000.0,0,0,0,0,0,46,2026-02-03 15:46:39.845609
SPK,53.45,53.44,53.46,50000000.0,50000000.0,0,0,0,0,0,46,2026-02-03 15:46:39.845609
EEC,49.21,49.2,49.22,50000000.0,50000000.0,0,0,0,0,0,46,2026-02-03 15:46:39.845609
TGX,42.56,42.55,42.57,50000000.0,50000000.0,0,0,0,0,0,47,2026-02-03 15:46:40.880465
PHR,48.12,48.11,48.13,50000000.0,50000000.0,0,0,0,0,0,47,2026-02-03 15:46:40.880465
BYL,43.86,43.85,43.87,50000000.0,50000000.0,0,0,0,0,0,47,2026-02-03 15:46:40.880465
CLD,79.51,79.5,79.52,50000000.0,50000000.0,0,0,0,0,0,47,2026-02-03 15:46:40.880465
GGD,31.72,31.71,31.73,50000000.0,50000000.0,0,0,0,0,0,47,2026-02-03 15:46:40.880465
PNR,61.72,61.71,61.73,50000000.0,50000000.0,0,0,0,0,0,47,2026-02-03 15:46:40.880465
FSR,30.33,30.32,30.34,50000000.0,50000000.0,0,0,0,0,0,47,2026-02-03 15:46:40.880465
ATB,60.46,60.45,60.47,50000000.0,50000000.0,0,0,0,0,0,47,2026-02-03 15:46:40.880465
SPK,53.16,53.15,53.17,50000000.0,50000000.0,0,0,0,0,0,47,2026-02-03 15:46:40.880465
EEC,48.86,48.85,48.87,50000000.0,50000000.0,0,0,0,0,0,47,2026-02-03 15:46:40.880465
TGX,42.67,42.66,42.68,50000000.0,50000000.0,0,0,0,0,0,48,2026-02-03 15:46:41.920082
PHR,48.14,48.13,48.15,50000000.0,50000000.0,0,0,0,0,0,48,2026-02-03 15:46:41.920082
BYL,43.84,43.83,43.85,50000000.0,50000000.0,0,0,0,0,0,48,2026-02-03 15:46:41.920082
CLD,79.54,79.53,79.55,50000000.0,50000000.0,0,0,0,0,0,48,2026-02-03 15:46:41.920082
GGD,31.78,31.77,31.79,50000000.0,50000000.0,0,0,0,0,0,48,2026-02-03 15:46:41.920082
PNR,62.23,62.22,62.24,50000000.0,50000000.0,0,0,0,0,0,48,2026-02-03 15:46:41.920082
FSR,30.3,30.29,30.31,50000000.0,50000000.0,0,0,0,0,0,48,2026-02-03 15:46:41.920082
ATB,60.56,60.55,60.57,50000000.0,50000000.0,0,0,0,0,0,48,2026-02-03 15:46:41.920082
SPK,53.23,53.22,53.24,50000000.0,50000000.0,0,0,0,0,0,48,2026-02-03 15:46:41.920082
EEC,48.92,48.91,48.93,50000000.0,50000000.0,0,0,0,0,0,48,2026-02-03 15:46:41.920082
TGX,42.72,42.71,42.73,50000000.0,50000000.0,0,0,0,0,0,49,2026-02-03 15:46:42.958333
PHR,48.13,48.12,48.14,50000000.0,50000000.0,0,0,0,0,0,49,2026-02-03 15:46:42.958333
BYL,43.83,43.82,43.84,50000000.0,50000000.0,0,0,0,0,0,49,2026-02-03 15:46:42.958333
CLD,79.51,79.5,79.52,50000000.0,50000000.0,0,0,0,0,0,49,2026-02-03 15:46:42.958333
GGD,31.75,31.74,31.76,50000000.0,50000000.0,0,0,0,0,0,49,2026-02-03 15:46:42.958333
PNR,62.22,62.21,62.23,50000000.0,50000000.0,0,0,0,0,0,49,2026-02-03 15:46:42.958333
FSR,30.3,30.29,30.31,50000000.0,50000000.0,0,0,0,0,0,49,2026-02-03 15:46:42.958333
ATB,60.52,60.51,60.53,50000000.0,50000000.0,0,0,0,0,0,49,2026-02-03 15:46:42.958333
SPK,53.34,53.33,53.35,50000000.0,50000000.0,0,0,0,0,0,49,2026-02-03 15:46:42.958333
EEC,49.07,49.06,49.08,50000000.0,50000000.0,0,0,0,0,0,49,2026-02-03 15:46:42.958333
TGX,42.72,42.71,42.73,50000000.0,50000000.0,0,0,0,0,0,50,2026-02-03 15:46:43.494710
PHR,48.2,48.19,48.21,50000000.0,50000000.0,0,0,0,0,0,50,2026-02-03 15:46:43.494710
BYL,43.89,43.88,43.9,50000000.0,50000000.0,0,0,0,0,0,50,2026-02-03 15:46:43.494710
CLD,79.47,79.46,79.48,50000000.0,50000000.0,0,0,0,0,0,50,2026-02-03 15:46:43.494710
GGD,31.71,31.7,31.72,50000000.0,50000000.0,0,0,0,0,0,50,2026-02-03 15:46:43.494710
PNR,62.14,62.13,62.15,50000000.0,50000000.0,0,0,0,0,0,50,2026-02-03 15:46:43.494710
FSR,30.28,30.27,30.29,50000000.0,50000000.0,0,0,0,0,0,50,2026-02-03 15:46:43.494710
ATB,60.67,60.66,60.68,50000000.0,50000000.0,0,0,0,0,0,50,2026-02-03 15:46:43.494710
SPK,53.27,53.26,53.28,50000000.0,50000000.0,0,0,0,0,0,50,2026-02-03 15:46:43.494710
EEC,49.17,49.16,49.18,50000000.0,50000000.0,0,0,0,0,0,50,2026-02-03 15:46:43.494710
TGX,44.15,44.14,44.16,50000000.0,50000000.0,0,0,0,0,0,51,2026-02-03 15:46:44.558461
PHR,48.0,47.99,48.01,50000000.0,50000000.0,0,0,0,0,0,51,2026-02-03 15:46:44.558461
BYL,43.84,43.83,43.85,50000000.0,50000000.0,0,0,0,0,0,51,2026-02-03 15:46:44.558461
CLD,79.23,79.22,79.24,50000000.0,50000000.0,0,0,0,0,0,51,2026-02-03 15:46:44.558461
GGD,32.4,32.39,32.41,50000000.0,50000000.0,0,0,0,0,0,51,2026-02-03 15:46:44.558461
PNR,62.3,62.29,62.31,50000000.0,50000000.0,0,0,0,0,0,51,2026-02-03 15:46:44.558461
FSR,30.35,30.34,30.36,50000000.0,50000000.0,0,0,0,0,0,51,2026-02-03 15:46:44.558461
ATB,60.83,60.82,60.84,50000000.0,50000000.0,0,0,0,0,0,51,2026-02-03 15:46:44.558461
SPK,53.33,53.32,53.34,50000000.0,50000000.0,0,0,0,0,0,51,2026-02-03 15:46:44.558461
EEC,49.28,49.27,49.29,50000000.0,50000000.0,0,0,0,0,0,51,2026-02-03 15:46:44.558461
TGX,44.18,44.17,44.19,50000000.0,50000000.0,0,0,0,0,0,52,2026-02-03 15:46:45.608571
PHR,47.94,47.93,47.95,50000000.0,50000000.0,0,0,0,0,0,52,2026-02-03 15:46:45.608571
BYL,43.93,43.92,43.94,50000000.0,50000000.0,0,0,0,0,0,52,2026-02-03 15:46:45.608571
CLD,79.4,79.39,79.41,50000000.0,50000000.0,0,0,0,0,0,52,2026-02-03 15:46:45.608571
GGD,32.37,32.36,32.38,50000000.0,50000000.0,0,0,0,0,0,52,2026-02-03 15:46:45.608571
PNR,61.85,61.84,61.86,50000000.0,50000000.0,0,0,0,0,0,52,2026-02-03 15:46:45.608571
FSR,30.36,30.35,30.37,50000000.0,50000000.0,0,0,0,0,0,52,2026-02-03 15:46:45.608571
ATB,60.7,60.69,60.71,50000000.0,50000000.0,0,0,0,0,0,52,2026-02-03 15:46:45.608571
SPK,53.31,53.3,53.32,50000000.0,50000000.0,0,0,0,0,0,52,2026-02-03 15:46:45.608571
EEC,49.22,49.21,49.23,50000000.0,50000000.0,0,0,0,0,0,52,2026-02-03 15:46:45.608571
TGX,44.16,44.15,44.17,50000000.0,50000000.0,0,0,0,0,0,53,2026-02-03 15:46:46.641622
PHR,47.87,47.86,47.88,50000000.0,50000000.0,0,0,0,0,0,53,2026-02-03 15:46:46.641622
BYL,43.86,43.85,43.87,50000000.0,50000000.0,0,0,0,0,0,53,2026-02-03 15:46:46.641622
CLD,79.19,79.18,79.2,50000000.0,50000000.0,0,0,0,0,0,53,2026-02-03 15:46:46.641622
GGD,32.39,32.38,32.4,50000000.0,50000000.0,0,0,0,0,0,53,2026-02-03 15:46:46.641622
PNR,61.81,61.8,61.82,50000000.0,50000000.0,0,0,0,0,0,53,2026-02-03 15:46:46.641622
FSR,30.33,30.32,30.34,50000000.0,50000000.0,0,0,0,0,0,53,2026-02-03 15:46:46.641622
ATB,61.16,61.15,61.17,50000000.0,50000000.0,0,0,0,0,0,53,2026-02-03 15:46:46.641622
SPK,53.31,53.3,53.32,50000000.0,50000000.0,0,0,0,0,0,53,2026-02-03 15:46:46.641622
EEC,49.14,49.13,49.15,50000000.0,50000000.0,0,0,0,0,0,53,2026-02-03 15:46:46.641622
TGX,44.21,44.2,44.22,50000000.0,50000000.0,0,0,0,0,0,54,2026-02-03 15:46:47.679173
PHR,47.95,47.94,47.96,50000000.0,50000000.0,0,0,0,0,0,54,2026-02-03 15:46:47.679173
BYL,43.83,43.82,43.84,50000000.0,50000000.0,0,0,0,0,0,54,2026-02-03 15:46:47.679173
CLD,79.18,79.17,79.19,50000000.0,50000000.0,0,0,0,0,0,54,2026-02-03 15:46:47.679173
GGD,32.38,32.37,32.39,50000000.0,50000000.0,0,0,0,0,0,54,2026-02-03 15:46:47.679173
PNR,61.7,61.69,61.71,50000000.0,50000000.0,0,0,0,0,0,54,2026-02-03 15:46:47.679173
FSR,30.37,30.36,30.38,50000000.0,50000000.0,0,0,0,0,0,54,2026-02-03 15:46:47.679173
ATB,61.28,61.27,61.29,50000000.0,50000000.0,0,0,0,0,0,54,2026-02-03 15:46:47.679173
SPK,53.19,53.18,53.2,50000000.0,50000000.0,0,0,0,0,0,54,2026-02-03 15:46:47.679173
EEC,48.92,48.91,48.93,50000000.0,50000000.0,0,0,0,0,0,54,2026-02-03 15:46:47.679173
TGX,44.18,44.16,44.18,50000000.0,50000000.0,0,0,0,0,0,55,2026-02-03 15:46:48.712613
PHR,47.88,47.87,47.89,50000000.0,50000000.0,0,0,0,0,0,55,2026-02-03 15:46:48.712613
BYL,43.75,43.74,43.76,50000000.0,50000000.0,0,0,0,0,0,55,2026-02-03 15:46:48.712613
CLD,79.08,79.07,79.09,50000000.0,50000000.0,0,0,0,0,0,55,2026-02-03 15:46:48.712613
GGD,32.38,32.37,32.39,50000000.0,50000000.0,0,0,0,0,0,55,2026-02-03 15:46:48.712613
PNR,61.56,61.55,61.57,50000000.0,50000000.0,0,0,0,0,0,55,2026-02-03 15:46:48.712613
FSR,30.48,30.47,30.49,50000000.0,50000000.0,0,0,0,0,0,55,2026-02-03 15:46:48.712613
ATB,61.27,61.26,61.28,50000000.0,50000000.0,0,0,0,0,0,55,2026-02-03 15:46:48.712613
SPK,53.29,53.28,53.3,50000000.0,50000000.0,0,0,0,0,0,55,2026-02-03 15:46:48.712613
EEC,48.88,48.87,48.89,50000000.0,50000000.0,0,0,0,0,0,55,2026-02-03 15:46:48.712613
TGX,44.12,44.11,44.13,50000000.0,50000000.0,0,0,0,0,0,56,2026-02-03 15:46:49.742301
PHR,48.06,48.05,48.07,50000000.0,50000000.0,0,0,0,0,0,56,2026-02-03 15:46:49.742301
BYL,43.82,43.81,43.83,50000000.0,50000000.0,0,0,0,0,0,56,2026-02-03 15:46:49.742301
CLD,79.19,79.18,79.2,50000000.0,50000000.0,0,0,0,0,0,56,2026-02-03 15:46:49.742301
GGD,32.3,32.29,32.31,50000000.0,50000000.0,0,0,0,0,0,56,2026-02-03 15:46:49.742301
PNR,60.86,60.85,60.87,50000000.0,50000000.0,0,0,0,0,0,56,2026-02-03 15:46:49.742301
FSR,30.47,30.46,30.48,50000000.0,50000000.0,0,0,0,0,0,56,2026-02-03 15:46:49.742301
ATB,61.45,61.44,61.46,50000000.0,50000000.0,0,0,0,0,0,56,2026-02-03 15:46:49.742301
SPK,53.21,53.2,53.22,50000000.0,50000000.0,0,0,0,0,0,56,2026-02-03 15:46:49.742301
EEC,48.84,48.83,48.85,50000000.0,50000000.0,0,0,0,0,0,56,2026-02-03 15:46:49.742301
TGX,44.13,44.12,44.14,50000000.0,50000000.0,0,0,0,0,0,57,2026-02-03 15:46:50.777202
PHR,48.32,48.31,48.33,50000000.0,50000000.0,0,0,0,0,0,57,2026-02-03 15:46:50.777202
BYL,43.93,43.92,43.94,50000000.0,50000000.0,0,0,0,0,0,57,2026-02-03 15:46:50.777202
CLD,79.61,79.6,79.62,50000000.0,50000000.0,0,0,0,0,0,57,2026-02-03 15:46:50.777202
GGD,32.31,32.3,32.32,50000000.0,50000000.0,0,0,0,0,0,57,2026-02-03 15:46:50.777202
PNR,60.94,60.93,60.95,50000000.0,50000000.0,0,0,0,0,0,57,2026-02-03 15:46:50.777202
FSR,30.45,30.44,30.46,50000000.0,50000000.0,0,0,0,0,0,57,2026-02-03 15:46:50.777202
ATB,61.37,61.36,61.38,50000000.0,50000000.0,0,0,0,0,0,57,2026-02-03 15:46:50.777202
SPK,53.38,53.37,53.39,50000000.0,50000000.0,0,0,0,0,0,57,2026-02-03 15:46:50.777202
EEC,49.1,49.09,49.11,50000000.0,50000000.0,0,0,0,0,0,57,2026-02-03 15:46:50.777202
TGX,44.17,44.16,44.18,50000000.0,50000000.0,0,0,0,0,0,58,2026-02-03 15:46:51.813854
PHR,48.29,48.28,48.3,50000000.0,50000000.0,0,0,0,0,0,58,2026-02-03 15:46:51.813854
BYL,43.77,43.76,43.78,50000000.0,50000000.0,0,0,0,0,0,58,2026-02-03 15:46:51.813854
CLD,79.44,79.43,79.45,50000000.0,50000000.0,0,0,0,0,0,58,2026-02-03 15:46:51.813854
GGD,32.22,32.21,32.23,50000000.0,50000000.0,0,0,0,0,0,58,2026-02-03 15:46:51.813854
PNR,60.11,60.1,60.12,50000000.0,50000000.0,0,0,0,0,0,58,2026-02-03 15:46:51.813854
FSR,30.51,30.5,30.52,50000000.0,50000000.0,0,0,0,0,0,58,2026-02-03 15:46:51.813854
ATB,61.61,61.6,61.62,50000000.0,50000000.0,0,0,0,0,0,58,2026-02-03 15:46:51.813854
SPK,53.42,53.41,53.43,50000000.0,50000000.0,0,0,0,0,0,58,2026-02-03 15:46:51.813854
EEC,49.18,49.17,49.19,50000000.0,50000000.0,0,0,0,0,0,58,2026-02-03 15:46:51.813854
TGX,44.15,44.14,44.16,50000000.0,50000000.0,0,0,0,0,0,59,2026-02-03 15:46:52.853376
PHR,48.06,48.05,48.07,50000000.0,50000000.0,0,0,0,0,0,59,2026-02-03 15:46:52.853376
BYL,43.75,43.74,43.76,50000000.0,50000000.0,0,0,0,0,0,59,2026-02-03 15:46:52.853376
CLD,79.5,79.49,79.51,50000000.0,50000000.0,0,0,0,0,0,59,2026-02-03 15:46:52.853376
GGD,32.21,32.2,32.22,50000000.0,50000000.0,0,0,0,0,0,59,2026-02-03 15:46:52.853376
PNR,60.0,59.99,60.01,50000000.0,50000000.0,0,0,0,0,0,59,2026-02-03 15:46:52.853376
FSR,30.5,30.49,30.51,50000000.0,50000000.0,0,0,0,0,0,59,2026-02-03 15:46:52.853376
ATB,61.43,61.42,61.44,50000000.0,50000000.0,0,0,0,0,0,59,2026-02-03 15:46:52.853376
SPK,53.46,53.45,53.47,50000000.0,50000000.0,0,0,0,0,0,59,2026-02-03 15:46:52.853376
EEC,49.36,49.35,49.37,50000000.0,50000000.0,0,0,0,0,0,59,2026-02-03 15:46:52.853376
TGX,44.13,44.12,44.14,50000000.0,50000000.0,0,0,0,0,0,60,2026-02-03 15:46:53.891635
PHR,48.26,48.25,48.27,50000000.0,50000000.0,0,0,0,0,0,60,2026-02-03 15:46:53.891635
BYL,43.87,43.86,43.88,50000000.0,50000000.0,0,0,0,0,0,60,2026-02-03 15:46:53.891635
CLD,79.85,79.84,79.86,50000000.0,50000000.0,0,0,0,0,0,60,2026-02-03 15:46:53.891635
GGD,32.21,32.2,32.22,50000000.0,50000000.0,0,0,0,0,0,60,2026-02-03 15:46:53.891635
PNR,60.04,60.03,60.05,50000000.0,50000000.0,0,0,0,0,0,60,2026-02-03 15:46:53.891635
FSR,30.53,30.52,30.54,50000000.0,50000000.0,0,0,0,0,0,60,2026-02-03 15:46:53.891635
ATB,61.77,61.76,61.78,50000000.0,50000000.0,0,0,0,0,0,60,2026-02-03 15:46:53.891635
SPK,53.47,53.46,53.48,50000000.0,50000000.0,0,0,0,0,0,60,2026-02-03 15:46:53.891635
EEC,49.52,49.51,49.53,50000000.0,50000000.0,0,0,0,0,0,60,2026-02-03 15:46:53.891635
TGX,44.19,44.18,44.2,50000000.0,50000000.0,0,0,0,0,0,61,2026-02-03 15:46:54.923022
PHR,48.23,48.22,48.24,50000000.0,50000000.0,0,0,0,0,0,61,2026-02-03 15:46:54.923022
BYL,43.91,43.9,43.92,50000000.0,50000000.0,0,0,0,0,0,61,2026-02-03 15:46:54.923022
CLD,79.71,79.7,79.72,50000000.0,50000000.0,0,0,0,0,0,61,2026-02-03 15:46:54.923022
GGD,32.16,32.15,32.17,50000000.0,50000000.0,0,0,0,0,0,61,2026-02-03 15:46:54.923022
PNR,59.89,59.88,59.9,50000000.0,50000000.0,0,0,0,0,0,61,2026-02-03 15:46:54.923022
FSR,30.53,30.52,30.54,50000000.0,50000000.0,0,0,0,0,0,61,2026-02-03 15:46:54.923022
ATB,61.43,61.42,61.44,50000000.0,50000000.0,0,0,0,0,0,61,2026-02-03 15:46:54.923022
SPK,53.55,53.54,53.56,50000000.0,50000000.0,0,0,0,0,0,61,2026-02-03 15:46:54.923022
EEC,49.7,49.69,49.71,50000000.0,50000000.0,0,0,0,0,0,61,2026-02-03 15:46:54.923022
TGX,44.19,44.18,44.2,50000000.0,50000000.0,0,0,0,0,0,62,2026-02-03 15:46:55.959466
PHR,48.49,48.48,48.5,50000000.0,50000000.0,0,0,0,0,0,62,2026-02-03 15:46:55.959466
BYL,43.99,43.98,44.0,50000000.0,50000000.0,0,0,0,0,0,62,2026-02-03 15:46:55.959466
CLD,79.96,79.95,79.97,50000000.0,50000000.0,0,0,0,0,0,62,2026-02-03 15:46:55.959466
GGD,32.16,32.15,32.17,50000000.0,50000000.0,0,0,0,0,0,62,2026-02-03 15:46:55.959466
PNR,60.18,60.17,60.19,50000000.0,50000000.0,0,0,0,0,0,62,2026-02-03 15:46:55.959466
FSR,30.53,30.52,30.54,50000000.0,50000000.0,0,0,0,0,0,62,2026-02-03 15:46:55.959466
ATB,61.24,61.23,61.25,50000000.0,50000000.0,0,0,0,0,0,62,2026-02-03 15:46:55.959466
SPK,53.78,53.77,53.79,50000000.0,50000000.0,0,0,0,0,0,62,2026-02-03 15:46:55.959466
EEC,50.06,50.05,50.07,50000000.0,50000000.0,0,0,0,0,0,62,2026-02-03 15:46:55.959466
TGX,44.2,44.19,44.21,50000000.0,50000000.0,0,0,0,0,0,63,2026-02-03 15:46:56.991944
PHR,48.51,48.5,48.52,50000000.0,50000000.0,0,0,0,0,0,63,2026-02-03 15:46:56.991944
BYL,43.92,43.91,43.93,50000000.0,50000000.0,0,0,0,0,0,63,2026-02-03 15:46:56.991944
CLD,79.94,79.93,79.95,50000000.0,50000000.0,0,0,0,0,0,63,2026-02-03 15:46:56.991944
GGD,32.21,32.2,32.22,50000000.0,50000000.0,0,0,0,0,0,63,2026-02-03 15:46:56.991944
PNR,60.42,60.41,60.43,50000000.0,50000000.0,0,0,0,0,0,63,2026-02-03 15:46:56.991944
FSR,30.5,30.49,30.51,50000000.0,50000000.0,0,0,0,0,0,63,2026-02-03 15:46:56.991944
ATB,61.22,61.21,61.23,50000000.0,50000000.0,0,0,0,0,0,63,2026-02-03 15:46:56.991944
SPK,53.83,53.82,53.84,50000000.0,50000000.0,0,0,0,0,0,63,2026-02-03 15:46:56.991944
EEC,50.21,50.2,50.22,50000000.0,50000000.0,0,0,0,0,0,63,2026-02-03 15:46:56.991944
TGX,44.2,44.19,44.21,50000000.0,50000000.0,0,0,0,0,0,64,2026-02-03 15:46:58.028963
PHR,48.42,48.41,48.43,50000000.0,50000000.0,0,0,0,0,0,64,2026-02-03 15:46:58.028963
BYL,43.86,43.85,43.87,50000000.0,50000000.0,0,0,0,0,0,64,2026-02-03 15:46:58.028963
CLD,79.88,79.87,79.89,50000000.0,50000000.0,0,0,0,0,0,64,2026-02-03 15:46:58.028963
GGD,32.16,32.15,32.17,50000000.0,50000000.0,0,0,0,0,0,64,2026-02-03 15:46:58.028963
PNR,60.35,60.34,60.36,50000000.0,50000000.0,0,0,0,0,0,64,2026-02-03 15:46:58.028963
FSR,30.53,30.52,30.54,50000000.0,50000000.0,0,0,0,0,0,64,2026-02-03 15:46:58.028963
ATB,61.37,61.36,61.38,50000000.0,50000000.0,0,0,0,0,0,64,2026-02-03 15:46:58.028963
SPK,53.71,53.7,53.72,50000000.0,50000000.0,0,0,0,0,0,64,2026-02-03 15:46:58.028963
EEC,50.03,50.02,50.04,50000000.0,50000000.0,0,0,0,0,0,64,2026-02-03 15:46:58.028963
TGX,44.23,44.22,44.24,50000000.0,50000000.0,0,0,0,0,0,65,2026-02-03 15:46:59.067001
PHR,48.44,48.43,48.45,50000000.0,50000000.0,0,0,0,0,0,65,2026-02-03 15:46:59.067001
BYL,43.77,43.76,43.78,50000000.0,50000000.0,0,0,0,0,0,65,2026-02-03 15:46:59.067001
CLD,79.87,79.86,79.88,50000000.0,50000000.0,0,0,0,0,0,65,2026-02-03 15:46:59.067001
GGD,32.11,32.1,32.12,50000000.0,50000000.0,0,0,0,0,0,65,2026-02-03 15:46:59.067001
PNR,59.84,59.83,59.85,50000000.0,50000000.0,0,0,0,0,0,65,2026-02-03 15:46:59.067001
FSR,30.55,30.54,30.56,50000000.0,50000000.0,0,0,0,0,0,65,2026-02-03 15:46:59.067001
ATB,61.22,61.21,61.23,50000000.0,50000000.0,0,0,0,0,0,65,2026-02-03 15:46:59.067001
SPK,53.67,53.66,53.68,50000000.0,50000000.0,0,0,0,0,0,65,2026-02-03 15:46:59.067001
EEC,49.92,49.91,49.93,50000000.0,50000000.0,0,0,0,0,0,65,2026-02-03 15:46:59.067001
TGX,44.18,44.17,44.19,50000000.0,50000000.0,0,0,0,0,0,66,2026-02-03 15:47:00.101192
PHR,48.35,48.34,48.36,50000000.0,50000000.0,0,0,0,0,0,66,2026-02-03 15:47:00.101192
BYL,43.8,43.79,43.81,50000000.0,50000000.0,0,0,0,0,0,66,2026-02-03 15:47:00.101192
CLD,79.86,79.85,79.87,50000000.0,50000000.0,0,0,0,0,0,66,2026-02-03 15:47:00.101192
GGD,32.1,32.09,32.11,50000000.0,50000000.0,0,0,0,0,0,66,2026-02-03 15:47:00.101192
PNR,60.0,59.99,60.01,50000000.0,50000000.0,0,0,0,0,0,66,2026-02-03 15:47:00.101192
FSR,30.51,30.5,30.52,50000000.0,50000000.0,0,0,0,0,0,66,2026-02-03 15:47:00.101192
ATB,61.46,61.45,61.47,50000000.0,50000000.0,0,0,0,0,0,66,2026-02-03 15:47:00.101192
SPK,53.54,53.53,53.55,50000000.0,50000000.0,0,0,0,0,0,66,2026-02-03 15:47:00.101192
EEC,49.73,49.72,49.74,50000000.0,50000000.0,0,0,0,0,0,66,2026-02-03 15:47:00.101192
TGX,44.17,44.16,44.18,50000000.0,50000000.0,0,0,0,0,0,67,2026-02-03 15:47:00.637686
PHR,48.21,48.2,48.22,50000000.0,50000000.0,0,0,0,0,0,67,2026-02-03 15:47:00.637686
BYL,43.7,43.69,43.71,50000000.0,50000000.0,0,0,0,0,0,67,2026-02-03 15:47:00.637686
CLD,79.61,79.6,79.62,50000000.0,50000000.0,0,0,0,0,0,67,2026-02-03 15:47:00.637686
GGD,32.07,32.06,32.08,50000000.0,50000000.0,0,0,0,0,0,67,2026-02-03 15:47:00.637686
PNR,59.96,59.95,59.97,50000000.0,50000000.0,0,0,0,0,0,67,2026-02-03 15:47:00.637686
FSR,30.54,30.53,30.55,50000000.0,50000000.0,0,0,0,0,0,67,2026-02-03 15:47:00.637686
ATB,61.71,61.7,61.72,50000000.0,50000000.0,0,0,0,0,0,67,2026-02-03 15:47:00.637686
SPK,53.56,53.55,53.57,50000000.0,50000000.0,0,0,0,0,0,67,2026-02-03 15:47:00.637686
EEC,49.84,49.83,49.85,50000000.0,50000000.0,0,0,0,0,0,67,2026-02-03 15:47:00.637686
TGX,44.16,44.15,44.17,50000000.0,50000000.0,0,0,0,0,0,68,2026-02-03 15:47:01.676293
PHR,48.27,48.26,48.28,50000000.0,50000000.0,0,0,0,0,0,68,2026-02-03 15:47:01.676293
BYL,43.65,43.64,43.66,50000000.0,50000000.0,0,0,0,0,0,68,2026-02-03 15:47:01.676293
CLD,79.52,79.51,79.53,50000000.0,50000000.0,0,0,0,0,0,68,2026-02-03 15:47:01.676293
GGD,32.05,32.04,32.06,50000000.0,50000000.0,0,0,0,0,0,68,2026-02-03 15:47:01.676293
PNR,60.04,60.03,60.05,50000000.0,50000000.0,0,0,0,0,0,68,2026-02-03 15:47:01.676293
FSR,30.58,30.57,30.59,50000000.0,50000000.0,0,0,0,0,0,68,2026-02-03 15:47:01.676293
ATB,61.98,61.97,61.99,50000000.0,50000000.0,0,0,0,0,0,68,2026-02-03 15:47:01.676293
SPK,53.72,53.71,53.73,50000000.0,50000000.0,0,0,0,0,0,68,2026-02-03 15:47:01.676293
EEC,50.18,50.17,50.19,50000000.0,50000000.0,0,0,0,0,0,68,2026-02-03 15:47:01.676293
TGX,44.08,44.07,44.09,50000000.0,50000000.0,0,0,0,0,0,69,2026-02-03 15:47:02.711191
PHR,48.3,48.3,48.32,50000000.0,50000000.0,0,0,0,0,0,69,2026-02-03 15:47:02.711191
BYL,43.68,43.67,43.69,50000000.0,50000000.0,0,0,0,0,0,69,2026-02-03 15:47:02.711191
CLD,79.43,79.42,79.44,50000000.0,50000000.0,0,0,0,0,0,69,2026-02-03 15:47:02.711191
GGD,32.03,32.02,32.04,50000000.0,50000000.0,0,0,0,0,0,69,2026-02-03 15:47:02.711191
PNR,59.48,59.47,59.49,50000000.0,50000000.0,0,0,0,0,0,69,2026-02-03 15:47:02.711191
FSR,30.55,30.54,30.56,50000000.0,50000000.0,0,0,0,0,0,69,2026-02-03 15:47:02.711191
ATB,61.79,61.78,61.8,50000000.0,50000000.0,0,0,0,0,0,69,2026-02-03 15:47:02.711191
SPK,53.76,53.75,53.77,50000000.0,50000000.0,0,0,0,0,0,69,2026-02-03 15:47:02.711191
EEC,50.11,50.1,50.12,50000000.0,50000000.0,0,0,0,0,0,69,2026-02-03 15:47:02.711191
TGX,44.09,44.08,44.1,50000000.0,50000000.0,0,0,0,0,0,70,2026-02-03 15:47:03.767700
PHR,48.28,48.27,48.29,50000000.0,50000000.0,0,0,0,0,0,70,2026-02-03 15:47:03.767700
BYL,43.61,43.6,43.62,50000000.0,50000000.0,0,0,0,0,0,70,2026-02-03 15:47:03.767700
CLD,79.44,79.43,79.45,50000000.0,50000000.0,0,0,0,0,0,70,2026-02-03 15:47:03.767700
GGD,32.04,32.03,32.05,50000000.0,50000000.0,0,0,0,0,0,70,2026-02-03 15:47:03.767700
PNR,59.47,59.46,59.48,50000000.0,50000000.0,0,0,0,0,0,70,2026-02-03 15:47:03.767700
FSR,30.53,30.52,30.54,50000000.0,50000000.0,0,0,0,0,0,70,2026-02-03 15:47:03.767700
ATB,61.56,61.55,61.57,50000000.0,50000000.0,0,0,0,0,0,70,2026-02-03 15:47:03.767700
SPK,53.92,53.91,53.93,50000000.0,50000000.0,0,0,0,0,0,70,2026-02-03 15:47:03.767700
EEC,50.46,50.45,50.47,50000000.0,50000000.0,0,0,0,0,0,70,2026-02-03 15:47:03.767700
TGX,44.14,44.12,44.14,50000000.0,50000000.0,0,0,0,0,0,71,2026-02-03 15:47:04.812440
PHR,48.39,48.38,48.4,50000000.0,50000000.0,0,0,0,0,0,71,2026-02-03 15:47:04.812440
BYL,43.5,43.49,43.51,50000000.0,50000000.0,0,0,0,0,0,71,2026-02-03 15:47:04.812440
CLD,79.34,79.33,79.35,50000000.0,50000000.0,0,0,0,0,0,71,2026-02-03 15:47:04.812440
GGD,31.97,31.96,31.98,50000000.0,50000000.0,0,0,0,0,0,71,2026-02-03 15:47:04.812440
PNR,59.18,59.17,59.19,50000000.0,50000000.0,0,0,0,0,0,71,2026-02-03 15:47:04.812440
FSR,30.57,30.56,30.58,50000000.0,50000000.0,0,0,0,0,0,71,2026-02-03 15:47:04.812440
ATB,61.52,61.51,61.53,50000000.0,50000000.0,0,0,0,0,0,71,2026-02-03 15:47:04.812440
SPK,53.79,53.78,53.8,50000000.0,50000000.0,0,0,0,0,0,71,2026-02-03 15:47:04.812440
EEC,50.21,50.2,50.22,50000000.0,50000000.0,0,0,0,0,0,71,2026-02-03 15:47:04.812440
TGX,44.17,44.16,44.18,50000000.0,50000000.0,0,0,0,0,0,72,2026-02-03 15:47:05.850100
PHR,48.18,48.17,48.19,50000000.0,50000000.0,0,0,0,0,0,72,2026-02-03 15:47:05.850100
BYL,43.56,43.55,43.57,50000000.0,50000000.0,0,0,0,0,0,72,2026-02-03 15:47:05.850100
CLD,79.45,79.44,79.46,50000000.0,50000000.0,0,0,0,0,0,72,2026-02-03 15:47:05.850100
GGD,31.9,31.89,31.91,50000000.0,50000000.0,0,0,0,0,0,72,2026-02-03 15:47:05.850100
PNR,58.57,58.56,58.58,50000000.0,50000000.0,0,0,0,0,0,72,2026-02-03 15:47:05.850100
FSR,30.6,30.59,30.61,50000000.0,50000000.0,0,0,0,0,0,72,2026-02-03 15:47:05.850100
ATB,61.49,61.48,61.5,50000000.0,50000000.0,0,0,0,0,0,72,2026-02-03 15:47:05.850100
SPK,53.86,53.85,53.87,50000000.0,50000000.0,0,0,0,0,0,72,2026-02-03 15:47:05.850100
EEC,50.36,50.35,50.37,50000000.0,50000000.0,0,0,0,0,0,72,2026-02-03 15:47:05.850100
TGX,44.21,44.2,44.22,50000000.0,50000000.0,0,0,0,0,0,73,2026-02-03 15:47:06.886297,5.0,1.0,72.0,ALL,Mixed Economic Data Creates Cross-Currents for Deal Markets,"A batch of economic releases has produced conflicting signals about the trajectory of the business cycle, with employment figures exceeding expectations while manufacturing and consumer sentiment data disappointed. The mixed picture complicates the outlook for deal financing, regulatory posture, and strategic rationale across pending transactions. Equity market reaction has been muted as investors weigh competing implications, and deal spread movements have been modest and directionless. Economists note that the data supports multiple competing narratives about the economic outlook."
PHR,48.24,48.23,48.25,50000000.0,50000000.0,0,0,0,0,0,73,2026-02-03 15:47:06.886297,,,,,,
BYL,43.3,43.29,43.31,50000000.0,50000000.0,0,0,0,0,0,73,2026-02-03 15:47:06.886297,,,,,,
CLD,78.82,78.81,78.83,50000000.0,50000000.0,0,0,0,0,0,73,2026-02-03 15:47:06.886297,,,,,,
GGD,31.88,31.87,31.89,50000000.0,50000000.0,0,0,0,0,0,73,2026-02-03 15:47:06.886297,,,,,,
PNR,58.57,58.56,58.58,50000000.0,50000000.0,0,0,0,0,0,73,2026-02-03 15:47:06.886297,,,,,,
FSR,30.58,30.57,30.59,50000000.0,50000000.0,0,0,0,0,0,73,2026-02-03 15:47:06.886297,,,,,,
ATB,61.42,61.41,61.43,50000000.0,50000000.0,0,0,0,0,0,73,2026-02-03 15:47:06.886297,,,,,,
SPK,53.85,53.84,53.86,50000000.0,50000000.0,0,0,0,0,0,73,2026-02-03 15:47:06.886297,,,,,,
EEC,50.22,50.21,50.23,50000000.0,50000000.0,0,0,0,0,0,73,2026-02-03 15:47:06.886297,,,,,,
TGX,44.23,44.22,44.24,50000000.0,50000000.0,0,0,0,0,0,74,2026-02-03 15:47:07.924209
PHR,48.46,48.45,48.47,50000000.0,50000000.0,0,0,0,0,0,74,2026-02-03 15:47:07.924209
BYL,43.32,43.31,43.33,50000000.0,50000000.0,0,0,0,0,0,74,2026-02-03 15:47:07.924209
CLD,78.8,78.79,78.81,50000000.0,50000000.0,0,0,0,0,0,74,2026-02-03 15:47:07.924209
GGD,31.91,31.9,31.92,50000000.0,50000000.0,0,0,0,0,0,74,2026-02-03 15:47:07.924209
PNR,59.03,59.02,59.04,50000000.0,50000000.0,0,0,0,0,0,74,2026-02-03 15:47:07.924209
FSR,30.51,30.5,30.52,50000000.0,50000000.0,0,0,0,0,0,74,2026-02-03 15:47:07.924209
ATB,61.44,61.43,61.45,50000000.0,50000000.0,0,0,0,0,0,74,2026-02-03 15:47:07.924209
SPK,53.92,53.91,53.93,50000000.0,50000000.0,0,0,0,0,0,74,2026-02-03 15:47:07.924209
EEC,50.45,50.44,50.46,50000000.0,50000000.0,0,0,0,0,0,74,2026-02-03 15:47:07.924209
TGX,44.24,44.23,44.25,50000000.0,50000000.0,0,0,0,0,0,75,2026-02-03 15:47:08.962407
PHR,48.56,48.55,48.57,50000000.0,50000000.0,0,0,0,0,0,75,2026-02-03 15:47:08.962407
BYL,43.3,43.29,43.31,50000000.0,50000000.0,0,0,0,0,0,75,2026-02-03 15:47:08.962407
CLD,78.76,78.75,78.77,50000000.0,50000000.0,0,0,0,0,0,75,2026-02-03 15:47:08.962407
GGD,31.86,31.85,31.87,50000000.0,50000000.0,0,0,0,0,0,75,2026-02-03 15:47:08.962407
PNR,59.16,59.15,59.17,50000000.0,50000000.0,0,0,0,0,0,75,2026-02-03 15:47:08.962407
FSR,30.53,30.52,30.54,50000000.0,50000000.0,0,0,0,0,0,75,2026-02-03 15:47:08.962407
ATB,61.52,61.51,61.53,50000000.0,50000000.0,0,0,0,0,0,75,2026-02-03 15:47:08.962407
SPK,53.89,53.88,53.9,50000000.0,50000000.0,0,0,0,0,0,75,2026-02-03 15:47:08.962407
EEC,50.2,50.19,50.21,50000000.0,50000000.0,0,0,0,0,0,75,2026-02-03 15:47:08.962407
TGX,44.3,44.29,44.31,50000000.0,50000000.0,0,0,0,0,0,76,2026-02-03 15:47:10.009054
PHR,48.47,48.46,48.48,50000000.0,50000000.0,0,0,0,0,0,76,2026-02-03 15:47:10.009054
BYL,43.25,43.24,43.26,50000000.0,50000000.0,0,0,0,0,0,76,2026-02-03 15:47:10.009054
CLD,78.73,78.72,78.74,50000000.0,50000000.0,0,0,0,0,0,76,2026-02-03 15:47:10.009054
GGD,31.87,31.86,31.88,50000000.0,50000000.0,0,0,0,0,0,76,2026-02-03 15:47:10.009054
PNR,58.75,58.74,58.76,50000000.0,50000000.0,0,0,0,0,0,76,2026-02-03 15:47:10.009054
FSR,30.47,30.46,30.48,50000000.0,50000000.0,0,0,0,0,0,76,2026-02-03 15:47:10.009054
ATB,61.49,61.48,61.5,50000000.0,50000000.0,0,0,0,0,0,76,2026-02-03 15:47:10.009054
SPK,53.94,53.93,53.95,50000000.0,50000000.0,0,0,0,0,0,76,2026-02-03 15:47:10.009054
EEC,50.21,50.2,50.22,50000000.0,50000000.0,0,0,0,0,0,76,2026-02-03 15:47:10.009054
TGX,44.26,44.25,44.27,50000000.0,50000000.0,0,0,0,0,0,77,2026-02-03 15:47:11.049737
PHR,48.5,48.49,48.51,50000000.0,50000000.0,0,0,0,0,0,77,2026-02-03 15:47:11.049737
BYL,43.24,43.23,43.25,50000000.0,50000000.0,0,0,0,0,0,77,2026-02-03 15:47:11.049737
CLD,78.73,78.72,78.74,50000000.0,50000000.0,0,0,0,0,0,77,2026-02-03 15:47:11.049737
GGD,31.85,31.84,31.86,50000000.0,50000000.0,0,0,0,0,0,77,2026-02-03 15:47:11.049737
PNR,58.59,58.58,58.6,50000000.0,50000000.0,0,0,0,0,0,77,2026-02-03 15:47:11.049737
FSR,30.4,30.39,30.41,50000000.0,50000000.0,0,0,0,0,0,77,2026-02-03 15:47:11.049737
ATB,61.31,61.3,61.32,50000000.0,50000000.0,0,0,0,0,0,77,2026-02-03 15:47:11.049737
SPK,53.99,53.98,54.0,50000000.0,50000000.0,0,0,0,0,0,77,2026-02-03 15:47:11.049737
EEC,50.43,50.42,50.44,50000000.0,50000000.0,0,0,0,0,0,77,2026-02-03 15:47:11.049737
TGX,44.19,44.18,44.2,50000000.0,50000000.0,0,0,0,0,0,78,2026-02-03 15:47:12.092932
PHR,48.37,48.36,48.38,50000000.0,50000000.0,0,0,0,0,0,78,2026-02-03 15:47:12.092932
BYL,43.31,43.3,43.32,50000000.0,50000000.0,0,0,0,0,0,78,2026-02-03 15:47:12.092932
CLD,78.8,78.79,78.81,50000000.0,50000000.0,0,0,0,0,0,78,2026-02-03 15:47:12.092932
GGD,31.77,31.76,31.78,50000000.0,50000000.0,0,0,0,0,0,78,2026-02-03 15:47:12.092932
PNR,58.19,58.18,58.2,50000000.0,50000000.0,0,0,0,0,0,78,2026-02-03 15:47:12.092932
FSR,30.45,30.44,30.46,50000000.0,50000000.0,0,0,0,0,0,78,2026-02-03 15:47:12.092932
ATB,61.5,61.49,61.51,50000000.0,50000000.0,0,0,0,0,0,78,2026-02-03 15:47:12.092932
SPK,53.96,53.95,53.97,50000000.0,50000000.0,0,0,0,0,0,78,2026-02-03 15:47:12.092932
EEC,50.34,50.33,50.35,50000000.0,50000000.0,0,0,0,0,0,78,2026-02-03 15:47:12.092932
TGX,44.16,44.15,44.17,50000000.0,50000000.0,0,0,0,0,0,79,2026-02-03 15:47:13.141935
PHR,48.64,48.63,48.65,50000000.0,50000000.0,0,0,0,0,0,79,2026-02-03 15:47:13.141935
BYL,43.41,43.4,43.42,50000000.0,50000000.0,0,0,0,0,0,79,2026-02-03 15:47:13.141935
CLD,78.95,78.94,78.96,50000000.0,50000000.0,0,0,0,0,0,79,2026-02-03 15:47:13.141935
GGD,31.8,31.79,31.81,50000000.0,50000000.0,0,0,0,0,0,79,2026-02-03 15:47:13.141935
PNR,58.32,58.31,58.33,50000000.0,50000000.0,0,0,0,0,0,79,2026-02-03 15:47:13.141935
FSR,30.47,30.46,30.48,50000000.0,50000000.0,0,0,0,0,0,79,2026-02-03 15:47:13.141935
ATB,61.34,61.33,61.35,50000000.0,50000000.0,0,0,0,0,0,79,2026-02-03 15:47:13.141935
SPK,54.07,54.06,54.08,50000000.0,50000000.0,0,0,0,0,0,79,2026-02-03 15:47:13.141935
EEC,50.57,50.56,50.58,50000000.0,50000000.0,0,0,0,0,0,79,2026-02-03 15:47:13.141935
TGX,44.2,44.19,44.21,50000000.0,50000000.0,0,0,0,0,0,80,2026-02-03 15:47:13.695439,6.0,1.0,79.0,D3-GGD/PNR,PetroNorth Investor Relations Concerns,Some PNR shareholders question strategic fit and express concern about integration execution.
PHR,48.76,48.75,48.77,50000000.0,50000000.0,0,0,0,0,0,80,2026-02-03 15:47:13.695439,,,,,,
BYL,43.43,43.42,43.44,50000000.0,50000000.0,0,0,0,0,0,80,2026-02-03 15:47:13.695439,,,,,,
CLD,79.01,79.0,79.02,50000000.0,50000000.0,0,0,0,0,0,80,2026-02-03 15:47:13.695439,,,,,,
GGD,31.81,31.8,31.82,50000000.0,50000000.0,0,0,0,0,0,80,2026-02-03 15:47:13.695439,,,,,,
PNR,58.42,58.41,58.43,50000000.0,50000000.0,0,0,0,0,0,80,2026-02-03 15:47:13.695439,,,,,,
FSR,30.51,30.5,30.52,50000000.0,50000000.0,0,0,0,0,0,80,2026-02-03 15:47:13.695439,,,,,,
ATB,61.1,61.09,61.11,50000000.0,50000000.0,0,0,0,0,0,80,2026-02-03 15:47:13.695439,,,,,,
SPK,54.22,54.21,54.23,50000000.0,50000000.0,0,0,0,0,0,80,2026-02-03 15:47:13.695439,,,,,,
EEC,50.95,50.94,50.96,50000000.0,50000000.0,0,0,0,0,0,80,2026-02-03 15:47:13.695439,,,,,,
TGX,44.23,44.22,44.24,50000000.0,50000000.0,0,0,0,0,0,81,2026-02-03 15:47:14.752373
PHR,48.75,48.74,48.76,50000000.0,50000000.0,0,0,0,0,0,81,2026-02-03 15:47:14.752373
BYL,43.55,43.54,43.56,50000000.0,50000000.0,0,0,0,0,0,81,2026-02-03 15:47:14.752373
CLD,79.27,79.26,79.28,50000000.0,50000000.0,0,0,0,0,0,81,2026-02-03 15:47:14.752373
GGD,31.84,31.83,31.85,50000000.0,50000000.0,0,0,0,0,0,81,2026-02-03 15:47:14.752373
PNR,58.47,58.46,58.48,50000000.0,50000000.0,0,0,0,0,0,81,2026-02-03 15:47:14.752373
FSR,30.52,30.51,30.53,50000000.0,50000000.0,0,0,0,0,0,81,2026-02-03 15:47:14.752373
ATB,61.0,60.99,61.01,50000000.0,50000000.0,0,0,0,0,0,81,2026-02-03 15:47:14.752373
SPK,54.32,54.31,54.33,50000000.0,50000000.0,0,0,0,0,0,81,2026-02-03 15:47:14.752373
EEC,51.09,51.08,51.1,50000000.0,50000000.0,0,0,0,0,0,81,2026-02-03 15:47:14.752373
TGX,44.28,44.27,44.29,50000000.0,50000000.0,0,0,0,0,0,82,2026-02-03 15:47:15.798634
PHR,48.85,48.84,48.86,50000000.0,50000000.0,0,0,0,0,0,82,2026-02-03 15:47:15.798634
BYL,43.57,43.56,43.58,50000000.0,50000000.0,0,0,0,0,0,82,2026-02-03 15:47:15.798634
CLD,79.3,79.29,79.31,50000000.0,50000000.0,0,0,0,0,0,82,2026-02-03 15:47:15.798634
GGD,31.82,31.81,31.83,50000000.0,50000000.0,0,0,0,0,0,82,2026-02-03 15:47:15.798634
PNR,58.17,58.16,58.18,50000000.0,50000000.0,0,0,0,0,0,82,2026-02-03 15:47:15.798634
FSR,30.52,30.51,30.53,50000000.0,50000000.0,0,0,0,0,0,82,2026-02-03 15:47:15.798634
ATB,61.03,61.02,61.04,50000000.0,50000000.0,0,0,0,0,0,82,2026-02-03 15:47:15.798634
SPK,54.27,54.26,54.28,50000000.0,50000000.0,0,0,0,0,0,82,2026-02-03 15:47:15.798634
EEC,50.83,50.82,50.84,50000000.0,50000000.0,0,0,0,0,0,82,2026-02-03 15:47:15.798634
TGX,44.21,44.2,44.22,50000000.0,50000000.0,0,0,0,0,0,83,2026-02-03 15:47:16.840671,7.0,1.0,82.0,D5-SPK/EEC,Integration Teams Formed,"Joint integration committee established focusing on operations, development, and culture."
PHR,48.97,48.96,48.98,50000000.0,50000000.0,0,0,0,0,0,83,2026-02-03 15:47:16.840671,,,,,,
BYL,43.64,43.63,43.65,50000000.0,50000000.0,0,0,0,0,0,83,2026-02-03 15:47:16.840671,,,,,,
CLD,79.4,79.39,79.41,50000000.0,50000000.0,0,0,0,0,0,83,2026-02-03 15:47:16.840671,,,,,,
GGD,31.8,31.79,31.81,50000000.0,50000000.0,0,0,0,0,0,83,2026-02-03 15:47:16.840671,,,,,,
PNR,57.57,57.56,57.58,50000000.0,50000000.0,0,0,0,0,0,83,2026-02-03 15:47:16.840671,,,,,,
FSR,30.51,30.5,30.52,50000000.0,50000000.0,0,0,0,0,0,83,2026-02-03 15:47:16.840671,,,,,,
ATB,60.87,60.86,60.88,50000000.0,50000000.0,0,0,0,0,0,83,2026-02-03 15:47:16.840671,,,,,,
SPK,54.42,54.41,54.43,50000000.0,50000000.0,0,0,0,0,0,83,2026-02-03 15:47:16.840671,,,,,,
EEC,51.18,51.17,51.19,50000000.0,50000000.0,0,0,0,0,0,83,2026-02-03 15:47:16.840671,,,,,,
TGX,44.22,44.21,44.23,50000000.0,50000000.0,0,0,0,0,0,84,2026-02-03 15:47:17.880566,9.0,1.0,83.0,D4-FSR/ATB,Atlas Bank Management Provides Updated Market Outlook,"Atlas Bank management has updated its forward guidance in a routine investor communication, revising certain operating assumptions while maintaining its overall strategic outlook. The revised projections reflect mixed conditions in the banking sector, with some metrics trending above prior expectations and others showing softness. Market participants are debating whether the update strengthens or weakens the economic rationale for the proposed combination with FinSure."
PHR,49.0,48.99,49.01,50000000.0,50000000.0,0,0,0,0,0,84,2026-02-03 15:47:17.880566,8.0,1.0,83.0,D2-BYL/CLD,Index Rebalancing Implications,"Analysts note combined entity will qualify for S&P 500 inclusion, providing technical buying support."
BYL,43.63,43.62,43.64,50000000.0,50000000.0,0,0,0,0,0,84,2026-02-03 15:47:17.880566,,,,,,
CLD,79.44,79.43,79.45,50000000.0,50000000.0,0,0,0,0,0,84,2026-02-03 15:47:17.880566,,,,,,
GGD,31.84,31.83,31.85,50000000.0,50000000.0,0,0,0,0,0,84,2026-02-03 15:47:17.880566,,,,,,
PNR,57.88,57.87,57.89,50000000.0,50000000.0,0,0,0,0,0,84,2026-02-03 15:47:17.880566,,,,,,
FSR,30.52,30.51,30.53,50000000.0,50000000.0,0,0,0,0,0,84,2026-02-03 15:47:17.880566,,,,,,
ATB,60.2,60.19,60.21,50000000.0,50000000.0,0,0,0,0,0,84,2026-02-03 15:47:17.880566,,,,,,
SPK,54.3,54.29,54.31,50000000.0,50000000.0,0,0,0,0,0,84,2026-02-03 15:47:17.880566,,,,,,
EEC,51.13,51.12,51.14,50000000.0,50000000.0,0,0,0,0,0,84,2026-02-03 15:47:17.880566,,,,,,
TGX,44.27,44.26,44.28,50000000.0,50000000.0,0,0,0,0,0,85,2026-02-03 15:47:18.929178,10.0,1.0,84.0,D1-TGX/PHR,Independent Fairness Review Generates Board Discussion,"An independent financial advisor retained by the Targenix board has presented a supplemental fairness analysis that reaches nuanced conclusions regarding the adequacy of the $50 per share offer. While the analysis does not formally contradict the original fairness opinion, it highlights sensitivity to key assumptions around standalone growth rates and comparable transaction multiples. Board members are reportedly weighing whether additional disclosure to shareholders is warranted."
PHR,48.85,48.84,48.86,50000000.0,50000000.0,0,0,0,0,0,85,2026-02-03 15:47:18.929178,,,,,,
BYL,43.98,43.97,43.99,50000000.0,50000000.0,0,0,0,0,0,85,2026-02-03 15:47:18.929178,,,,,,
CLD,79.83,79.82,79.84,50000000.0,50000000.0,0,0,0,0,0,85,2026-02-03 15:47:18.929178,,,,,,
GGD,31.82,31.81,31.83,50000000.0,50000000.0,0,0,0,0,0,85,2026-02-03 15:47:18.929178,,,,,,
PNR,57.62,57.61,57.63,50000000.0,50000000.0,0,0,0,0,0,85,2026-02-03 15:47:18.929178,,,,,,
FSR,30.53,30.52,30.54,50000000.0,50000000.0,0,0,0,0,0,85,2026-02-03 15:47:18.929178,,,,,,
ATB,60.23,60.22,60.24,50000000.0,50000000.0,0,0,0,0,0,85,2026-02-03 15:47:18.929178,,,,,,
SPK,54.5,54.49,54.51,50000000.0,50000000.0,0,0,0,0,0,85,2026-02-03 15:47:18.929178,,,,,,
EEC,51.34,51.33,51.35,50000000.0,50000000.0,0,0,0,0,0,85,2026-02-03 15:47:18.929178,,,,,,
TGX,44.3,44.29,44.31,50000000.0,50000000.0,0,0,0,0,0,86,2026-02-03 15:47:19.971561
PHR,48.84,48.83,48.85,50000000.0,50000000.0,0,0,0,0,0,86,2026-02-03 15:47:19.971561
BYL,43.93,43.92,43.94,50000000.0,50000000.0,0,0,0,0,0,86,2026-02-03 15:47:19.971561
CLD,79.76,79.75,79.77,50000000.0,50000000.0,0,0,0,0,0,86,2026-02-03 15:47:19.971561
GGD,31.87,31.86,31.88,50000000.0,50000000.0,0,0,0,0,0,86,2026-02-03 15:47:19.971561
PNR,57.7,57.69,57.71,50000000.0,50000000.0,0,0,0,0,0,86,2026-02-03 15:47:19.971561
FSR,30.55,30.54,30.56,50000000.0,50000000.0,0,0,0,0,0,86,2026-02-03 15:47:19.971561
ATB,60.3,60.29,60.31,50000000.0,50000000.0,0,0,0,0,0,86,2026-02-03 15:47:19.971561
SPK,54.48,54.47,54.49,50000000.0,50000000.0,0,0,0,0,0,86,2026-02-03 15:47:19.971561
EEC,51.34,51.33,51.35,50000000.0,50000000.0,0,0,0,0,0,86,2026-02-03 15:47:19.971561
TGX,44.29,44.28,44.3,50000000.0,50000000.0,0,0,0,0,0,87,2026-02-03 15:47:21.009817
PHR,48.89,48.88,48.9,50000000.0,50000000.0,0,0,0,0,0,87,2026-02-03 15:47:21.009817
BYL,43.89,43.88,43.9,50000000.0,50000000.0,0,0,0,0,0,87,2026-02-03 15:47:21.009817
CLD,79.65,79.64,79.66,50000000.0,50000000.0,0,0,0,0,0,87,2026-02-03 15:47:21.009817
GGD,31.83,31.82,31.84,50000000.0,50000000.0,0,0,0,0,0,87,2026-02-03 15:47:21.009817
PNR,57.45,57.44,57.46,50000000.0,50000000.0,0,0,0,0,0,87,2026-02-03 15:47:21.009817
FSR,30.59,30.58,30.6,50000000.0,50000000.0,0,0,0,0,0,87,2026-02-03 15:47:21.009817
ATB,59.89,59.88,59.9,50000000.0,50000000.0,0,0,0,0,0,87,2026-02-03 15:47:21.009817
SPK,54.3,54.29,54.31,50000000.0,50000000.0,0,0,0,0,0,87,2026-02-03 15:47:21.009817
EEC,51.02,51.01,51.03,50000000.0,50000000.0,0,0,0,0,0,87,2026-02-03 15:47:21.009817
TGX,44.28,44.27,44.29,50000000.0,50000000.0,0,0,0,0,0,88,2026-02-03 15:47:22.055860
PHR,48.79,48.78,48.8,50000000.0,50000000.0,0,0,0,0,0,88,2026-02-03 15:47:22.055860
BYL,43.92,43.91,43.93,50000000.0,50000000.0,0,0,0,0,0,88,2026-02-03 15:47:22.055860
CLD,79.63,79.62,79.64,50000000.0,50000000.0,0,0,0,0,0,88,2026-02-03 15:47:22.055860
GGD,31.86,31.85,31.87,50000000.0,50000000.0,0,0,0,0,0,88,2026-02-03 15:47:22.055860
PNR,57.69,57.68,57.7,50000000.0,50000000.0,0,0,0,0,0,88,2026-02-03 15:47:22.055860
FSR,30.63,30.62,30.64,50000000.0,50000000.0,0,0,0,0,0,88,2026-02-03 15:47:22.055860
ATB,59.99,59.98,60.0,50000000.0,50000000.0,0,0,0,0,0,88,2026-02-03 15:47:22.055860
SPK,54.38,54.37,54.39,50000000.0,50000000.0,0,0,0,0,0,88,2026-02-03 15:47:22.055860
EEC,51.21,51.2,51.22,50000000.0,50000000.0,0,0,0,0,0,88,2026-02-03 15:47:22.055860
TGX,44.26,44.25,44.27,50000000.0,50000000.0,0,0,0,0,0,89,2026-02-03 15:47:23.094617,11.0,1.0,88.0,D4-FSR/ATB,FinSure Engages Advisors for Strategic Review,"FinSure has reportedly retained a second financial advisor to conduct a parallel strategic review, a step that could indicate either a strengthening of the company's negotiating position within the existing deal or exploratory outreach to alternative parties. The engagement was not publicly announced and was identified through regulatory filing amendments. Market interpretation is divided, with some viewing this as standard deal-process diligence and others reading it as a signal of board-level dissatisfaction with current terms."
PHR,48.6,48.59,48.61,50000000.0,50000000.0,0,0,0,0,0,89,2026-02-03 15:47:23.094617,,,,,,
BYL,43.18,43.17,43.19,50000000.0,50000000.0,0,0,0,0,0,89,2026-02-03 15:47:23.094617,,,,,,
CLD,79.62,79.61,79.63,50000000.0,50000000.0,0,0,0,0,0,89,2026-02-03 15:47:23.094617,,,,,,
GGD,32.0,31.99,32.01,50000000.0,50000000.0,0,0,0,0,0,89,2026-02-03 15:47:23.094617,,,,,,
PNR,58.56,58.55,58.57,50000000.0,50000000.0,0,0,0,0,0,89,2026-02-03 15:47:23.094617,,,,,,
FSR,30.57,30.56,30.58,50000000.0,50000000.0,0,0,0,0,0,89,2026-02-03 15:47:23.094617,,,,,,
ATB,59.58,59.57,59.59,50000000.0,50000000.0,0,0,0,0,0,89,2026-02-03 15:47:23.094617,,,,,,
SPK,54.55,54.54,54.56,50000000.0,50000000.0,0,0,0,0,0,89,2026-02-03 15:47:23.094617,,,,,,
EEC,51.59,51.58,51.6,50000000.0,50000000.0,0,0,0,0,0,89,2026-02-03 15:47:23.094617,,,,,,
TGX,44.3,44.29,44.31,50000000.0,50000000.0,0,0,0,0,0,90,2026-02-03 15:47:24.171161
PHR,48.65,48.64,48.66,50000000.0,50000000.0,0,0,0,0,0,90,2026-02-03 15:47:24.171161
BYL,43.25,43.24,43.26,50000000.0,50000000.0,0,0,0,0,0,90,2026-02-03 15:47:24.171161
CLD,79.72,79.71,79.73,50000000.0,50000000.0,0,0,0,0,0,90,2026-02-03 15:47:24.171161
GGD,32.01,32.0,32.02,50000000.0,50000000.0,0,0,0,0,0,90,2026-02-03 15:47:24.171161
PNR,58.61,58.6,58.62,50000000.0,50000000.0,0,0,0,0,0,90,2026-02-03 15:47:24.171161
FSR,30.54,30.53,30.55,50000000.0,50000000.0,0,0,0,0,0,90,2026-02-03 15:47:24.171161
ATB,59.41,59.4,59.42,50000000.0,50000000.0,0,0,0,0,0,90,2026-02-03 15:47:24.171161
SPK,54.43,54.42,54.44,50000000.0,50000000.0,0,0,0,0,0,90,2026-02-03 15:47:24.171161
EEC,51.39,51.38,51.4,50000000.0,50000000.0,0,0,0,0,0,90,2026-02-03 15:47:24.171161
TGX,44.5,44.49,44.51,50000000.0,50000000.0,0,0,0,0,0,91,2026-02-03 15:47:24.739780
PHR,48.72,48.71,48.73,50000000.0,50000000.0,0,0,0,0,0,91,2026-02-03 15:47:24.739780
BYL,43.09,43.08,43.1,50000000.0,50000000.0,0,0,0,0,0,91,2026-02-03 15:47:24.739780
CLD,79.61,79.6,79.62,50000000.0,50000000.0,0,0,0,0,0,91,2026-02-03 15:47:24.739780
GGD,32.03,32.02,32.04,50000000.0,50000000.0,0,0,0,0,0,91,2026-02-03 15:47:24.739780
PNR,58.49,58.48,58.5,50000000.0,50000000.0,0,0,0,0,0,91,2026-02-03 15:47:24.739780
FSR,30.65,30.64,30.66,50000000.0,50000000.0,0,0,0,0,0,91,2026-02-03 15:47:24.739780
ATB,59.43,59.42,59.44,50000000.0,50000000.0,0,0,0,0,0,91,2026-02-03 15:47:24.739780
SPK,54.29,54.28,54.3,50000000.0,50000000.0,0,0,0,0,0,91,2026-02-03 15:47:24.739780
EEC,51.4,51.39,51.41,50000000.0,50000000.0,0,0,0,0,0,91,2026-02-03 15:47:24.739780
TGX,44.49,44.48,44.5,50000000.0,50000000.0,0,0,0,0,0,92,2026-02-03 15:47:25.779430
PHR,48.82,48.81,48.83,50000000.0,50000000.0,0,0,0,0,0,92,2026-02-03 15:47:25.779430
BYL,42.29,42.28,42.3,50000000.0,50000000.0,0,0,0,0,0,92,2026-02-03 15:47:25.779430
CLD,79.42,79.41,79.43,50000000.0,50000000.0,0,0,0,0,0,92,2026-02-03 15:47:25.779430
GGD,31.92,31.91,31.93,50000000.0,50000000.0,0,0,0,0,0,92,2026-02-03 15:47:25.779430
PNR,58.22,58.21,58.23,50000000.0,50000000.0,0,0,0,0,0,92,2026-02-03 15:47:25.779430
FSR,30.9,30.89,30.91,50000000.0,50000000.0,0,0,0,0,0,92,2026-02-03 15:47:25.779430
ATB,59.87,59.86,59.88,50000000.0,50000000.0,0,0,0,0,0,92,2026-02-03 15:47:25.779430
SPK,54.51,54.5,54.52,50000000.0,50000000.0,0,0,0,0,0,92,2026-02-03 15:47:25.779430
EEC,51.8,51.79,51.81,50000000.0,50000000.0,0,0,0,0,0,92,2026-02-03 15:47:25.779430
TGX,44.47,44.46,44.48,50000000.0,50000000.0,0,0,0,0,0,93,2026-02-03 15:47:26.817251
PHR,48.58,48.57,48.59,50000000.0,50000000.0,0,0,0,0,0,93,2026-02-03 15:47:26.817251
BYL,42.29,42.28,42.3,50000000.0,50000000.0,0,0,0,0,0,93,2026-02-03 15:47:26.817251
CLD,79.49,79.48,79.5,50000000.0,50000000.0,0,0,0,0,0,93,2026-02-03 15:47:26.817251
GGD,31.95,31.94,31.96,50000000.0,50000000.0,0,0,0,0,0,93,2026-02-03 15:47:26.817251
PNR,58.35,58.34,58.36,50000000.0,50000000.0,0,0,0,0,0,93,2026-02-03 15:47:26.817251
FSR,31.18,31.17,31.19,50000000.0,50000000.0,0,0,0,0,0,93,2026-02-03 15:47:26.817251
ATB,59.66,59.65,59.67,50000000.0,50000000.0,0,0,0,0,0,93,2026-02-03 15:47:26.817251
SPK,54.17,54.16,54.18,50000000.0,50000000.0,0,0,0,0,0,93,2026-02-03 15:47:26.817251
EEC,51.17,51.16,51.18,50000000.0,50000000.0,0,0,0,0,0,93,2026-02-03 15:47:26.817251
TGX,44.48,44.47,44.49,50000000.0,50000000.0,0,0,0,0,0,94,2026-02-03 15:47:27.875863
PHR,48.54,48.53,48.55,50000000.0,50000000.0,0,0,0,0,0,94,2026-02-03 15:47:27.875863
BYL,42.29,42.28,42.3,50000000.0,50000000.0,0,0,0,0,0,94,2026-02-03 15:47:27.875863
CLD,79.52,79.51,79.53,50000000.0,50000000.0,0,0,0,0,0,94,2026-02-03 15:47:27.875863
GGD,31.94,31.93,31.95,50000000.0,50000000.0,0,0,0,0,0,94,2026-02-03 15:47:27.875863
PNR,58.61,58.6,58.62,50000000.0,50000000.0,0,0,0,0,0,94,2026-02-03 15:47:27.875863
FSR,31.11,31.1,31.12,50000000.0,50000000.0,0,0,0,0,0,94,2026-02-03 15:47:27.875863
ATB,59.46,59.45,59.47,50000000.0,50000000.0,0,0,0,0,0,94,2026-02-03 15:47:27.875863
SPK,54.13,54.12,54.14,50000000.0,50000000.0,0,0,0,0,0,94,2026-02-03 15:47:27.875863
EEC,51.01,51.0,51.02,50000000.0,50000000.0,0,0,0,0,0,94,2026-02-03 15:47:27.875863
TGX,44.48,44.47,44.49,50000000.0,50000000.0,0,0,0,0,0,95,2026-02-03 15:47:28.954161,12.0,1.0,94.0,D1-TGX/PHR,Financing Condition Satisfied,"Pharmaco formally announces that all financing conditions precedent have been satisfied, removing financing risk from the transaction."
PHR,48.46,48.45,48.47,50000000.0,50000000.0,0,0,0,0,0,95,2026-02-03 15:47:28.954161,,,,,,
BYL,42.32,42.31,42.33,50000000.0,50000000.0,0,0,0,0,0,95,2026-02-03 15:47:28.954161,,,,,,
CLD,79.71,79.7,79.72,50000000.0,50000000.0,0,0,0,0,0,95,2026-02-03 15:47:28.954161,,,,,,
GGD,30.93,30.92,30.94,50000000.0,50000000.0,0,0,0,0,0,95,2026-02-03 15:47:28.954161,,,,,,
PNR,58.73,58.72,58.74,50000000.0,50000000.0,0,0,0,0,0,95,2026-02-03 15:47:28.954161,,,,,,
FSR,31.13,31.12,31.14,50000000.0,50000000.0,0,0,0,0,0,95,2026-02-03 15:47:28.954161,,,,,,
ATB,59.6,59.59,59.61,50000000.0,50000000.0,0,0,0,0,0,95,2026-02-03 15:47:28.954161,,,,,,
SPK,54.33,54.32,54.34,50000000.0,50000000.0,0,0,0,0,0,95,2026-02-03 15:47:28.954161,,,,,,
EEC,51.17,51.16,51.18,50000000.0,50000000.0,0,0,0,0,0,95,2026-02-03 15:47:28.954161,,,,,,
TGX,44.48,44.47,44.49,50000000.0,50000000.0,0,0,0,0,0,96,2026-02-03 15:47:29.988761
PHR,48.59,48.58,48.6,50000000.0,50000000.0,0,0,0,0,0,96,2026-02-03 15:47:29.988761
BYL,41.63,41.62,41.64,50000000.0,50000000.0,0,0,0,0,0,96,2026-02-03 15:47:29.988761
CLD,79.78,79.77,79.79,50000000.0,50000000.0,0,0,0,0,0,96,2026-02-03 15:47:29.988761
GGD,31.01,31.0,31.02,50000000.0,50000000.0,0,0,0,0,0,96,2026-02-03 15:47:29.988761
PNR,58.99,58.98,59.0,50000000.0,50000000.0,0,0,0,0,0,96,2026-02-03 15:47:29.988761
FSR,31.17,31.16,31.18,50000000.0,50000000.0,0,0,0,0,0,96,2026-02-03 15:47:29.988761
ATB,59.88,59.87,59.89,50000000.0,50000000.0,0,0,0,0,0,96,2026-02-03 15:47:29.988761
SPK,54.51,54.5,54.52,50000000.0,50000000.0,0,0,0,0,0,96,2026-02-03 15:47:29.988761
EEC,51.28,51.27,51.29,50000000.0,50000000.0,0,0,0,0,0,96,2026-02-03 15:47:29.988761
TGX,44.41,44.4,44.42,50000000.0,50000000.0,0,0,0,0,0,97,2026-02-03 15:47:31.023490
PHR,48.49,48.48,48.5,50000000.0,50000000.0,0,0,0,0,0,97,2026-02-03 15:47:31.023490
BYL,41.47,41.46,41.48,50000000.0,50000000.0,0,0,0,0,0,97,2026-02-03 15:47:31.023490
CLD,79.53,79.52,79.54,50000000.0,50000000.0,0,0,0,0,0,97,2026-02-03 15:47:31.023490
GGD,30.01,30.0,30.02,50000000.0,50000000.0,0,0,0,0,0,97,2026-02-03 15:47:31.023490
PNR,59.32,59.31,59.33,50000000.0,50000000.0,0,0,0,0,0,97,2026-02-03 15:47:31.023490
FSR,31.23,31.22,31.24,50000000.0,50000000.0,0,0,0,0,0,97,2026-02-03 15:47:31.023490
ATB,59.75,59.74,59.76,50000000.0,50000000.0,0,0,0,0,0,97,2026-02-03 15:47:31.023490
SPK,54.48,54.47,54.49,50000000.0,50000000.0,0,0,0,0,0,97,2026-02-03 15:47:31.023490
EEC,51.35,51.34,51.36,50000000.0,50000000.0,0,0,0,0,0,97,2026-02-03 15:47:31.023490
TGX,44.43,44.42,44.44,50000000.0,50000000.0,0,0,0,0,0,98,2026-02-03 15:47:32.063839
PHR,48.66,48.65,48.67,50000000.0,50000000.0,0,0,0,0,0,98,2026-02-03 15:47:32.063839
BYL,41.39,41.38,41.4,50000000.0,50000000.0,0,0,0,0,0,98,2026-02-03 15:47:32.063839
CLD,79.26,79.25,79.27,50000000.0,50000000.0,0,0,0,0,0,98,2026-02-03 15:47:32.063839
GGD,29.98,29.97,29.99,50000000.0,50000000.0,0,0,0,0,0,98,2026-02-03 15:47:32.063839
PNR,59.05,59.04,59.06,50000000.0,50000000.0,0,0,0,0,0,98,2026-02-03 15:47:32.063839
FSR,31.29,31.28,31.3,50000000.0,50000000.0,0,0,0,0,0,98,2026-02-03 15:47:32.063839
ATB,59.97,59.96,59.98,50000000.0,50000000.0,0,0,0,0,0,98,2026-02-03 15:47:32.063839
SPK,54.56,54.55,54.57,50000000.0,50000000.0,0,0,0,0,0,98,2026-02-03 15:47:32.063839
EEC,51.7,51.69,51.71,50000000.0,50000000.0,0,0,0,0,0,98,2026-02-03 15:47:32.063839
TGX,44.45,44.44,44.46,50000000.0,50000000.0,0,0,0,0,0,99,2026-02-03 15:47:33.102071
PHR,48.83,48.82,48.84,50000000.0,50000000.0,0,0,0,0,0,99,2026-02-03 15:47:33.102071
BYL,41.47,41.46,41.48,50000000.0,50000000.0,0,0,0,0,0,99,2026-02-03 15:47:33.102071
CLD,79.34,79.33,79.35,50000000.0,50000000.0,0,0,0,0,0,99,2026-02-03 15:47:33.102071
GGD,29.94,29.93,29.95,50000000.0,50000000.0,0,0,0,0,0,99,2026-02-03 15:47:33.102071
PNR,58.85,58.84,58.86,50000000.0,50000000.0,0,0,0,0,0,99,2026-02-03 15:47:33.102071
FSR,31.26,31.25,31.27,50000000.0,50000000.0,0,0,0,0,0,99,2026-02-03 15:47:33.102071
ATB,59.86,59.85,59.87,50000000.0,50000000.0,0,0,0,0,0,99,2026-02-03 15:47:33.102071
SPK,54.53,54.52,54.54,50000000.0,50000000.0,0,0,0,0,0,99,2026-02-03 15:47:33.102071
EEC,51.7,51.69,51.71,50000000.0,50000000.0,0,0,0,0,0,99,2026-02-03 15:47:33.102071
TGX,44.39,44.38,44.4,50000000.0,50000000.0,0,0,0,0,0,100,2026-02-03 15:47:34.141589
PHR,48.9,48.89,48.91,50000000.0,50000000.0,0,0,0,0,0,100,2026-02-03 15:47:34.141589
BYL,41.45,41.44,41.46,50000000.0,50000000.0,0,0,0,0,0,100,2026-02-03 15:47:34.141589
CLD,79.26,79.25,79.27,50000000.0,50000000.0,0,0,0,0,0,100,2026-02-03 15:47:34.141589
GGD,29.91,29.9,29.92,50000000.0,50000000.0,0,0,0,0,0,100,2026-02-03 15:47:34.141589
PNR,58.35,58.34,58.36,50000000.0,50000000.0,0,0,0,0,0,100,2026-02-03 15:47:34.141589
FSR,31.21,31.2,31.22,50000000.0,50000000.0,0,0,0,0,0,100,2026-02-03 15:47:34.141589
ATB,60.03,60.02,60.04,50000000.0,50000000.0,0,0,0,0,0,100,2026-02-03 15:47:34.141589
SPK,54.35,54.34,54.36,50000000.0,50000000.0,0,0,0,0,0,100,2026-02-03 15:47:34.141589
EEC,51.4,51.39,51.41,50000000.0,50000000.0,0,0,0,0,0,100,2026-02-03 15:47:34.141589
TGX,44.41,44.4,44.42,50000000.0,50000000.0,0,0,0,0,0,101,2026-02-03 15:47:35.186510
PHR,48.92,48.91,48.93,50000000.0,50000000.0,0,0,0,0,0,101,2026-02-03 15:47:35.186510
BYL,42.55,42.54,42.56,50000000.0,50000000.0,0,0,0,0,0,101,2026-02-03 15:47:35.186510
CLD,79.3,79.29,79.31,50000000.0,50000000.0,0,0,0,0,0,101,2026-02-03 15:47:35.186510
GGD,29.89,29.88,29.9,50000000.0,50000000.0,0,0,0,0,0,101,2026-02-03 15:47:35.186510
PNR,58.25,58.24,58.26,50000000.0,50000000.0,0,0,0,0,0,101,2026-02-03 15:47:35.186510
FSR,31.26,31.25,31.27,50000000.0,50000000.0,0,0,0,0,0,101,2026-02-03 15:47:35.186510
ATB,59.39,59.38,59.4,50000000.0,50000000.0,0,0,0,0,0,101,2026-02-03 15:47:35.186510
SPK,54.44,54.43,54.45,50000000.0,50000000.0,0,0,0,0,0,101,2026-02-03 15:47:35.186510
EEC,51.46,51.45,51.47,50000000.0,50000000.0,0,0,0,0,0,101,2026-02-03 15:47:35.186510
TGX,44.5,44.49,44.51,50000000.0,50000000.0,0,0,0,0,0,102,2026-02-03 15:47:36.215284
PHR,49.07,49.06,49.08,50000000.0,50000000.0,0,0,0,0,0,102,2026-02-03 15:47:36.215284
BYL,42.64,42.63,42.65,50000000.0,50000000.0,0,0,0,0,0,102,2026-02-03 15:47:36.215284
CLD,79.52,79.51,79.53,50000000.0,50000000.0,0,0,0,0,0,102,2026-02-03 15:47:36.215284
GGD,29.89,29.88,29.9,50000000.0,50000000.0,0,0,0,0,0,102,2026-02-03 15:47:36.215284
PNR,58.36,58.35,58.37,50000000.0,50000000.0,0,0,0,0,0,102,2026-02-03 15:47:36.215284
FSR,30.54,30.53,30.55,50000000.0,50000000.0,0,0,0,0,0,102,2026-02-03 15:47:36.215284
ATB,59.41,59.4,59.42,50000000.0,50000000.0,0,0,0,0,0,102,2026-02-03 15:47:36.215284
SPK,54.46,54.45,54.47,50000000.0,50000000.0,0,0,0,0,0,102,2026-02-03 15:47:36.215284
EEC,51.6,51.59,51.61,50000000.0,50000000.0,0,0,0,0,0,102,2026-02-03 15:47:36.215284
TGX,44.46,44.45,44.47,50000000.0,50000000.0,0,0,0,0,0,103,2026-02-03 15:47:37.250513
PHR,49.22,49.21,49.23,50000000.0,50000000.0,0,0,0,0,0,103,2026-02-03 15:47:37.250513
BYL,42.64,42.63,42.65,50000000.0,50000000.0,0,0,0,0,0,103,2026-02-03 15:47:37.250513
CLD,79.43,79.42,79.44,50000000.0,50000000.0,0,0,0,0,0,103,2026-02-03 15:47:37.250513
GGD,29.86,29.85,29.87,50000000.0,50000000.0,0,0,0,0,0,103,2026-02-03 15:47:37.250513
PNR,58.17,58.16,58.18,50000000.0,50000000.0,0,0,0,0,0,103,2026-02-03 15:47:37.250513
FSR,30.56,30.55,30.57,50000000.0,50000000.0,0,0,0,0,0,103,2026-02-03 15:47:37.250513
ATB,59.14,59.13,59.15,50000000.0,50000000.0,0,0,0,0,0,103,2026-02-03 15:47:37.250513
SPK,54.23,54.22,54.24,50000000.0,50000000.0,0,0,0,0,0,103,2026-02-03 15:47:37.250513
EEC,51.17,51.16,51.18,50000000.0,50000000.0,0,0,0,0,0,103,2026-02-03 15:47:37.250513
TGX,44.46,44.45,44.47,50000000.0,50000000.0,0,0,0,0,0,104,2026-02-03 15:47:38.280840
PHR,49.17,49.16,49.18,50000000.0,50000000.0,0,0,0,0,0,104,2026-02-03 15:47:38.280840
BYL,42.68,42.67,42.69,50000000.0,50000000.0,0,0,0,0,0,104,2026-02-03 15:47:38.280840
CLD,79.54,79.53,79.55,50000000.0,50000000.0,0,0,0,0,0,104,2026-02-03 15:47:38.280840
GGD,29.86,29.85,29.87,50000000.0,50000000.0,0,0,0,0,0,104,2026-02-03 15:47:38.280840
PNR,58.68,58.67,58.69,50000000.0,50000000.0,0,0,0,0,0,104,2026-02-03 15:47:38.280840
FSR,30.55,30.54,30.56,50000000.0,50000000.0,0,0,0,0,0,104,2026-02-03 15:47:38.280840
ATB,59.16,59.15,59.17,50000000.0,50000000.0,0,0,0,0,0,104,2026-02-03 15:47:38.280840
SPK,54.13,54.12,54.14,50000000.0,50000000.0,0,0,0,0,0,104,2026-02-03 15:47:38.280840
EEC,50.89,50.88,50.9,50000000.0,50000000.0,0,0,0,0,0,104,2026-02-03 15:47:38.280840
TGX,44.54,44.53,44.55,50000000.0,50000000.0,0,0,0,0,0,105,2026-02-03 15:47:38.817328
PHR,49.23,49.22,49.24,50000000.0,50000000.0,0,0,0,0,0,105,2026-02-03 15:47:38.817328
BYL,42.77,42.76,42.78,50000000.0,50000000.0,0,0,0,0,0,105,2026-02-03 15:47:38.817328
CLD,79.77,79.76,79.78,50000000.0,50000000.0,0,0,0,0,0,105,2026-02-03 15:47:38.817328
GGD,29.92,29.91,29.93,50000000.0,50000000.0,0,0,0,0,0,105,2026-02-03 15:47:38.817328
PNR,59.36,59.35,59.37,50000000.0,50000000.0,0,0,0,0,0,105,2026-02-03 15:47:38.817328
FSR,29.99,29.98,30.0,50000000.0,50000000.0,0,0,0,0,0,105,2026-02-03 15:47:38.817328
ATB,58.84,58.83,58.85,50000000.0,50000000.0,0,0,0,0,0,105,2026-02-03 15:47:38.817328
SPK,54.25,54.24,54.26,50000000.0,50000000.0,0,0,0,0,0,105,2026-02-03 15:47:38.817328
EEC,51.3,51.29,51.31,50000000.0,50000000.0,0,0,0,0,0,105,2026-02-03 15:47:38.817328
TGX,44.53,44.52,44.54,50000000.0,50000000.0,0,0,0,0,0,106,2026-02-03 15:47:39.875371
PHR,49.11,49.1,49.12,50000000.0,50000000.0,0,0,0,0,0,106,2026-02-03 15:47:39.875371
BYL,43.96,43.95,43.97,50000000.0,50000000.0,0,0,0,0,0,106,2026-02-03 15:47:39.875371
CLD,79.82,79.81,79.83,50000000.0,50000000.0,0,0,0,0,0,106,2026-02-03 15:47:39.875371
GGD,29.79,29.78,29.8,50000000.0,50000000.0,0,0,0,0,0,106,2026-02-03 15:47:39.875371
PNR,58.61,58.6,58.62,50000000.0,50000000.0,0,0,0,0,0,106,2026-02-03 15:47:39.875371
FSR,30.03,30.02,30.04,50000000.0,50000000.0,0,0,0,0,0,106,2026-02-03 15:47:39.875371
ATB,58.77,58.76,58.78,50000000.0,50000000.0,0,0,0,0,0,106,2026-02-03 15:47:39.875371
SPK,54.17,54.16,54.18,50000000.0,50000000.0,0,0,0,0,0,106,2026-02-03 15:47:39.875371
EEC,51.01,51.0,51.02,50000000.0,50000000.0,0,0,0,0,0,106,2026-02-03 15:47:39.875371
TGX,44.47,44.46,44.48,50000000.0,50000000.0,0,0,0,0,0,107,2026-02-03 15:47:40.939045
PHR,48.92,48.91,48.93,50000000.0,50000000.0,0,0,0,0,0,107,2026-02-03 15:47:40.939045
BYL,43.9,43.89,43.91,50000000.0,50000000.0,0,0,0,0,0,107,2026-02-03 15:47:40.939045
CLD,79.56,79.55,79.57,50000000.0,50000000.0,0,0,0,0,0,107,2026-02-03 15:47:40.939045
GGD,29.69,29.68,29.7,50000000.0,50000000.0,0,0,0,0,0,107,2026-02-03 15:47:40.939045
PNR,58.16,58.15,58.17,50000000.0,50000000.0,0,0,0,0,0,107,2026-02-03 15:47:40.939045
FSR,30.08,30.07,30.09,50000000.0,50000000.0,0,0,0,0,0,107,2026-02-03 15:47:40.939045
ATB,58.26,58.25,58.27,50000000.0,50000000.0,0,0,0,0,0,107,2026-02-03 15:47:40.939045
SPK,54.09,54.08,54.1,50000000.0,50000000.0,0,0,0,0,0,107,2026-02-03 15:47:40.939045
EEC,50.94,50.93,50.95,50000000.0,50000000.0,0,0,0,0,0,107,2026-02-03 15:47:40.939045
TGX,44.47,44.46,44.48,50000000.0,50000000.0,0,0,0,0,0,108,2026-02-03 15:47:42.008989
PHR,48.93,48.91,48.93,50000000.0,50000000.0,0,0,0,0,0,108,2026-02-03 15:47:42.008989
BYL,43.86,43.85,43.87,50000000.0,50000000.0,0,0,0,0,0,108,2026-02-03 15:47:42.008989
CLD,79.47,79.46,79.48,50000000.0,50000000.0,0,0,0,0,0,108,2026-02-03 15:47:42.008989
GGD,29.76,29.75,29.77,50000000.0,50000000.0,0,0,0,0,0,108,2026-02-03 15:47:42.008989
PNR,58.54,58.53,58.55,50000000.0,50000000.0,0,0,0,0,0,108,2026-02-03 15:47:42.008989
FSR,30.06,30.05,30.07,50000000.0,50000000.0,0,0,0,0,0,108,2026-02-03 15:47:42.008989
ATB,58.11,58.1,58.12,50000000.0,50000000.0,0,0,0,0,0,108,2026-02-03 15:47:42.008989
SPK,54.31,54.3,54.32,50000000.0,50000000.0,0,0,0,0,0,108,2026-02-03 15:47:42.008989
EEC,51.12,51.11,51.13,50000000.0,50000000.0,0,0,0,0,0,108,2026-02-03 15:47:42.008989
TGX,44.47,44.46,44.48,50000000.0,50000000.0,0,0,0,0,0,109,2026-02-03 15:47:43.046143
PHR,48.8,48.79,48.81,50000000.0,50000000.0,0,0,0,0,0,109,2026-02-03 15:47:43.046143
BYL,43.93,43.92,43.94,50000000.0,50000000.0,0,0,0,0,0,109,2026-02-03 15:47:43.046143
CLD,79.65,79.64,79.66,50000000.0,50000000.0,0,0,0,0,0,109,2026-02-03 15:47:43.046143
GGD,29.75,29.74,29.76,50000000.0,50000000.0,0,0,0,0,0,109,2026-02-03 15:47:43.046143
PNR,58.51,58.5,58.52,50000000.0,50000000.0,0,0,0,0,0,109,2026-02-03 15:47:43.046143
FSR,29.39,29.38,29.4,50000000.0,50000000.0,0,0,0,0,0,109,2026-02-03 15:47:43.046143
ATB,58.2,58.19,58.21,50000000.0,50000000.0,0,0,0,0,0,109,2026-02-03 15:47:43.046143
SPK,54.46,54.45,54.47,50000000.0,50000000.0,0,0,0,0,0,109,2026-02-03 15:47:43.046143
EEC,51.27,51.26,51.28,50000000.0,50000000.0,0,0,0,0,0,109,2026-02-03 15:47:43.046143
TGX,44.57,44.56,44.58,50000000.0,50000000.0,0,0,0,0,0,110,2026-02-03 15:47:44.078441
PHR,48.6,48.59,48.61,50000000.0,50000000.0,0,0,0,0,0,110,2026-02-03 15:47:44.078441
BYL,43.76,43.75,43.77,50000000.0,50000000.0,0,0,0,0,0,110,2026-02-03 15:47:44.078441
CLD,79.33,79.32,79.34,50000000.0,50000000.0,0,0,0,0,0,110,2026-02-03 15:47:44.078441
GGD,29.72,29.71,29.73,50000000.0,50000000.0,0,0,0,0,0,110,2026-02-03 15:47:44.078441
PNR,58.19,58.18,58.2,50000000.0,50000000.0,0,0,0,0,0,110,2026-02-03 15:47:44.078441
FSR,29.39,29.38,29.4,50000000.0,50000000.0,0,0,0,0,0,110,2026-02-03 15:47:44.078441
ATB,58.86,58.85,58.87,50000000.0,50000000.0,0,0,0,0,0,110,2026-02-03 15:47:44.078441
SPK,54.48,54.47,54.49,50000000.0,50000000.0,0,0,0,0,0,110,2026-02-03 15:47:44.078441
EEC,51.12,51.11,51.13,50000000.0,50000000.0,0,0,0,0,0,110,2026-02-03 15:47:44.078441
TGX,44.52,44.51,44.53,50000000.0,50000000.0,0,0,0,0,0,111,2026-02-03 15:47:45.115503
PHR,48.51,48.5,48.52,50000000.0,50000000.0,0,0,0,0,0,111,2026-02-03 15:47:45.115503
BYL,43.86,43.85,43.87,50000000.0,50000000.0,0,0,0,0,0,111,2026-02-03 15:47:45.115503
CLD,79.47,79.46,79.48,50000000.0,50000000.0,0,0,0,0,0,111,2026-02-03 15:47:45.115503
GGD,29.75,29.74,29.76,50000000.0,50000000.0,0,0,0,0,0,111,2026-02-03 15:47:45.115503
PNR,58.38,58.37,58.39,50000000.0,50000000.0,0,0,0,0,0,111,2026-02-03 15:47:45.115503
FSR,29.46,29.45,29.47,50000000.0,50000000.0,0,0,0,0,0,111,2026-02-03 15:47:45.115503
ATB,59.03,59.02,59.04,50000000.0,50000000.0,0,0,0,0,0,111,2026-02-03 15:47:45.115503
SPK,54.18,54.17,54.19,50000000.0,50000000.0,0,0,0,0,0,111,2026-02-03 15:47:45.115503
EEC,50.63,50.62,50.64,50000000.0,50000000.0,0,0,0,0,0,111,2026-02-03 15:47:45.115503
TGX,44.55,44.54,44.56,50000000.0,50000000.0,0,0,0,0,0,112,2026-02-03 15:47:46.148023
PHR,48.46,48.45,48.47,50000000.0,50000000.0,0,0,0,0,0,112,2026-02-03 15:47:46.148023
BYL,43.9,43.89,43.91,50000000.0,50000000.0,0,0,0,0,0,112,2026-02-03 15:47:46.148023
CLD,79.46,79.45,79.47,50000000.0,50000000.0,0,0,0,0,0,112,2026-02-03 15:47:46.148023
GGD,29.78,29.77,29.79,50000000.0,50000000.0,0,0,0,0,0,112,2026-02-03 15:47:46.148023
PNR,58.21,58.2,58.22,50000000.0,50000000.0,0,0,0,0,0,112,2026-02-03 15:47:46.148023
FSR,28.91,28.9,28.92,50000000.0,50000000.0,0,0,0,0,0,112,2026-02-03 15:47:46.148023
ATB,58.66,58.65,58.67,50000000.0,50000000.0,0,0,0,0,0,112,2026-02-03 15:47:46.148023
SPK,54.24,54.23,54.25,50000000.0,50000000.0,0,0,0,0,0,112,2026-02-03 15:47:46.148023
EEC,50.65,50.64,50.66,50000000.0,50000000.0,0,0,0,0,0,112,2026-02-03 15:47:46.148023
TGX,44.49,44.48,44.5,50000000.0,50000000.0,0,0,0,0,0,113,2026-02-03 15:47:47.183189
PHR,48.56,48.55,48.57,50000000.0,50000000.0,0,0,0,0,0,113,2026-02-03 15:47:47.183189
BYL,43.9,43.89,43.91,50000000.0,50000000.0,0,0,0,0,0,113,2026-02-03 15:47:47.183189
CLD,79.49,79.48,79.5,50000000.0,50000000.0,0,0,0,0,0,113,2026-02-03 15:47:47.183189
GGD,29.87,29.86,29.88,50000000.0,50000000.0,0,0,0,0,0,113,2026-02-03 15:47:47.183189
PNR,58.84,58.83,58.85,50000000.0,50000000.0,0,0,0,0,0,113,2026-02-03 15:47:47.183189
FSR,28.84,28.83,28.85,50000000.0,50000000.0,0,0,0,0,0,113,2026-02-03 15:47:47.183189
ATB,58.35,58.34,58.36,50000000.0,50000000.0,0,0,0,0,0,113,2026-02-03 15:47:47.183189
SPK,54.14,54.13,54.15,50000000.0,50000000.0,0,0,0,0,0,113,2026-02-03 15:47:47.183189
EEC,50.46,50.45,50.47,50000000.0,50000000.0,0,0,0,0,0,113,2026-02-03 15:47:47.183189
TGX,44.5,44.49,44.51,50000000.0,50000000.0,0,0,0,0,0,114,2026-02-03 15:47:48.221212
PHR,48.81,48.8,48.82,50000000.0,50000000.0,0,0,0,0,0,114,2026-02-03 15:47:48.221212
BYL,43.9,43.89,43.91,50000000.0,50000000.0,0,0,0,0,0,114,2026-02-03 15:47:48.221212
CLD,79.72,79.71,79.73,50000000.0,50000000.0,0,0,0,0,0,114,2026-02-03 15:47:48.221212
GGD,29.86,29.85,29.87,50000000.0,50000000.0,0,0,0,0,0,114,2026-02-03 15:47:48.221212
PNR,59.03,59.02,59.04,50000000.0,50000000.0,0,0,0,0,0,114,2026-02-03 15:47:48.221212
FSR,28.86,28.85,28.87,50000000.0,50000000.0,0,0,0,0,0,114,2026-02-03 15:47:48.221212
ATB,58.85,58.84,58.86,50000000.0,50000000.0,0,0,0,0,0,114,2026-02-03 15:47:48.221212
SPK,54.3,54.29,54.31,50000000.0,50000000.0,0,0,0,0,0,114,2026-02-03 15:47:48.221212
EEC,50.66,50.65,50.67,50000000.0,50000000.0,0,0,0,0,0,114,2026-02-03 15:47:48.221212
