ticker,last_price,bid_price,ask_price,BUY_ANON,SELL_ANON,tick,timestamp
TGX,0.0,0.0,0.0,0,0,0,2026-02-03 03:09:27.799288
PHR,0.0,0.0,0.0,0,0,0,2026-02-03 03:09:27.799288
BYL,0.0,0.0,0.0,0,0,0,2026-02-03 03:09:27.799288
CLD,0.0,0.0,0.0,0,0,0,2026-02-03 03:09:27.799288
GGD,0.0,0.0,0.0,0,0,0,2026-02-03 03:09:27.799288
PNR,0.0,0.0,0.0,0,0,0,2026-02-03 03:09:27.799288
FSR,0.0,0.0,0.0,0,0,0,2026-02-03 03:09:27.799288
ATB,0.0,0.0,0.0,0,0,0,2026-02-03 03:09:27.799288
SPK,0.0,0.0,0.0,0,0,0,2026-02-03 03:09:27.799288
EEC,0.0,0.0,0.0,0,0,0,2026-02-03 03:09:27.799288
TGX,43.67,0.0,0.0,50000000.0,50000000.0,1,2026-02-03 03:09:28.336087,1.0,1.0,1.0,,Welcome to the RITC 2026 Merger Arbitrage Case - practice server,Good Luck!
PHR,47.5,0.0,0.0,50000000.0,50000000.0,1,2026-02-03 03:09:28.336087,,,,,,
BYL,43.49,0.0,0.0,50000000.0,50000000.0,1,2026-02-03 03:09:28.336087,,,,,,
CLD,79.3,0.0,0.0,50000000.0,50000000.0,1,2026-02-03 03:09:28.336087,,,,,,
GGD,31.42,0.0,0.0,50000000.0,50000000.0,1,2026-02-03 03:09:28.336087,,,,,,
PNR,59.8,0.0,0.0,50000000.0,50000000.0,1,2026-02-03 03:09:28.336087,,,,,,
FSR,30.52,0.0,0.0,50000000.0,50000000.0,1,2026-02-03 03:09:28.336087,,,,,,
ATB,62.2,0.0,0.0,50000000.0,50000000.0,1,2026-02-03 03:09:28.336087,,,,,,
SPK,52.82,0.0,0.0,50000000.0,50000000.0,1,2026-02-03 03:09:28.336087,,,,,,
EEC,48.0,0.0,0.0,50000000.0,50000000.0,1,2026-02-03 03:09:28.336087,,,,,,
TGX,43.78,43.77,43.79,50000000.0,50000000.0,2,2026-02-03 03:09:29.377449
PHR,47.57,47.56,47.58,50000000.0,50000000.0,2,2026-02-03 03:09:29.377449
BYL,43.74,43.73,43.75,50000000.0,50000000.0,2,2026-02-03 03:09:29.377449
CLD,79.82,79.81,79.83,50000000.0,50000000.0,2,2026-02-03 03:09:29.377449
GGD,31.43,31.42,31.44,50000000.0,50000000.0,2,2026-02-03 03:09:29.377449
PNR,60.05,60.04,60.06,50000000.0,50000000.0,2,2026-02-03 03:09:29.377449
FSR,30.55,30.54,30.56,50000000.0,50000000.0,2,2026-02-03 03:09:29.377449
ATB,61.92,61.91,61.93,50000000.0,50000000.0,2,2026-02-03 03:09:29.377449
SPK,52.83,52.82,52.84,50000000.0,50000000.0,2,2026-02-03 03:09:29.377449
EEC,47.9,47.89,47.91,50000000.0,50000000.0,2,2026-02-03 03:09:29.377449
TGX,43.71,43.7,43.72,50000000.0,50000000.0,3,2026-02-03 03:09:30.412958
PHR,47.66,47.65,47.67,50000000.0,50000000.0,3,2026-02-03 03:09:30.412958
BYL,43.37,43.36,43.38,50000000.0,50000000.0,3,2026-02-03 03:09:30.412958
CLD,78.89,78.88,78.9,50000000.0,50000000.0,3,2026-02-03 03:09:30.412958
GGD,31.41,31.4,31.42,50000000.0,50000000.0,3,2026-02-03 03:09:30.412958
PNR,60.03,60.02,60.04,50000000.0,50000000.0,3,2026-02-03 03:09:30.412958
FSR,30.56,30.55,30.57,50000000.0,50000000.0,3,2026-02-03 03:09:30.412958
ATB,61.85,61.84,61.86,50000000.0,50000000.0,3,2026-02-03 03:09:30.412958
SPK,52.92,52.91,52.93,50000000.0,50000000.0,3,2026-02-03 03:09:30.412958
EEC,48.09,48.08,48.1,50000000.0,50000000.0,3,2026-02-03 03:09:30.412958
TGX,43.66,43.65,43.67,50000000.0,50000000.0,4,2026-02-03 03:09:31.459385
PHR,47.62,47.61,47.63,50000000.0,50000000.0,4,2026-02-03 03:09:31.459385
BYL,43.0,42.99,43.01,50000000.0,50000000.0,4,2026-02-03 03:09:31.459385
CLD,78.16,78.15,78.17,50000000.0,50000000.0,4,2026-02-03 03:09:31.459385
GGD,31.43,31.42,31.44,50000000.0,50000000.0,4,2026-02-03 03:09:31.459385
PNR,59.9,59.89,59.91,50000000.0,50000000.0,4,2026-02-03 03:09:31.459385
FSR,30.57,30.56,30.58,50000000.0,50000000.0,4,2026-02-03 03:09:31.459385
ATB,61.83,61.82,61.84,50000000.0,50000000.0,4,2026-02-03 03:09:31.459385
SPK,52.86,52.85,52.87,50000000.0,50000000.0,4,2026-02-03 03:09:31.459385
EEC,47.92,47.91,47.93,50000000.0,50000000.0,4,2026-02-03 03:09:31.459385
TGX,43.67,43.66,43.68,50000000.0,50000000.0,5,2026-02-03 03:09:32.498401
PHR,47.51,47.5,47.52,50000000.0,50000000.0,5,2026-02-03 03:09:32.498401
BYL,43.1,43.09,43.11,50000000.0,50000000.0,5,2026-02-03 03:09:32.498401
CLD,78.34,78.33,78.35,50000000.0,50000000.0,5,2026-02-03 03:09:32.498401
GGD,31.35,31.34,31.36,50000000.0,50000000.0,5,2026-02-03 03:09:32.498401
PNR,59.6,59.59,59.61,50000000.0,50000000.0,5,2026-02-03 03:09:32.498401
FSR,30.56,30.55,30.57,50000000.0,50000000.0,5,2026-02-03 03:09:32.498401
ATB,62.13,62.12,62.14,50000000.0,50000000.0,5,2026-02-03 03:09:32.498401
SPK,53.07,53.06,53.08,50000000.0,50000000.0,5,2026-02-03 03:09:32.498401
EEC,48.32,48.31,48.33,50000000.0,50000000.0,5,2026-02-03 03:09:32.498401
TGX,43.73,43.72,43.74,50000000.0,50000000.0,6,2026-02-03 03:09:33.530924
PHR,47.47,47.46,47.48,50000000.0,50000000.0,6,2026-02-03 03:09:33.530924
BYL,43.27,43.26,43.28,50000000.0,50000000.0,6,2026-02-03 03:09:33.530924
CLD,78.74,78.73,78.75,50000000.0,50000000.0,6,2026-02-03 03:09:33.530924
GGD,31.38,31.37,31.39,50000000.0,50000000.0,6,2026-02-03 03:09:33.530924
PNR,59.76,59.75,59.77,50000000.0,50000000.0,6,2026-02-03 03:09:33.530924
FSR,30.58,30.57,30.59,50000000.0,50000000.0,6,2026-02-03 03:09:33.530924
ATB,61.95,61.94,61.96,50000000.0,50000000.0,6,2026-02-03 03:09:33.530924
SPK,53.17,53.16,53.18,50000000.0,50000000.0,6,2026-02-03 03:09:33.530924
EEC,48.5,48.49,48.51,50000000.0,50000000.0,6,2026-02-03 03:09:33.530924
TGX,43.71,43.7,43.72,50000000.0,50000000.0,7,2026-02-03 03:09:34.569097
PHR,47.59,47.58,47.6,50000000.0,50000000.0,7,2026-02-03 03:09:34.569097
BYL,43.53,43.52,43.54,50000000.0,50000000.0,7,2026-02-03 03:09:34.569097
CLD,79.52,79.51,79.53,50000000.0,50000000.0,7,2026-02-03 03:09:34.569097
GGD,31.36,31.35,31.37,50000000.0,50000000.0,7,2026-02-03 03:09:34.569097
PNR,59.61,59.6,59.62,50000000.0,50000000.0,7,2026-02-03 03:09:34.569097
FSR,30.56,30.55,30.57,50000000.0,50000000.0,7,2026-02-03 03:09:34.569097
ATB,62.08,62.07,62.09,50000000.0,50000000.0,7,2026-02-03 03:09:34.569097
SPK,52.81,52.8,52.82,50000000.0,50000000.0,7,2026-02-03 03:09:34.569097
EEC,48.06,48.05,48.07,50000000.0,50000000.0,7,2026-02-03 03:09:34.569097
TGX,43.77,43.76,43.78,50000000.0,50000000.0,8,2026-02-03 03:09:35.610677
PHR,47.64,47.63,47.65,50000000.0,50000000.0,8,2026-02-03 03:09:35.610677
BYL,43.5,43.49,43.51,50000000.0,50000000.0,8,2026-02-03 03:09:35.610677
CLD,79.69,79.68,79.7,50000000.0,50000000.0,8,2026-02-03 03:09:35.610677
GGD,31.33,31.32,31.34,50000000.0,50000000.0,8,2026-02-03 03:09:35.610677
PNR,59.75,59.74,59.76,50000000.0,50000000.0,8,2026-02-03 03:09:35.610677
FSR,30.56,30.55,30.57,50000000.0,50000000.0,8,2026-02-03 03:09:35.610677
ATB,61.95,61.94,61.96,50000000.0,50000000.0,8,2026-02-03 03:09:35.610677
SPK,52.85,52.84,52.86,50000000.0,50000000.0,8,2026-02-03 03:09:35.610677
EEC,48.08,48.07,48.09,50000000.0,50000000.0,8,2026-02-03 03:09:35.610677
TGX,43.77,43.76,43.78,50000000.0,50000000.0,9,2026-02-03 03:09:36.661204
PHR,47.61,47.6,47.62,50000000.0,50000000.0,9,2026-02-03 03:09:36.661204
BYL,43.4,43.39,43.41,50000000.0,50000000.0,9,2026-02-03 03:09:36.661204
CLD,79.61,79.6,79.62,50000000.0,50000000.0,9,2026-02-03 03:09:36.661204
GGD,31.36,31.35,31.37,50000000.0,50000000.0,9,2026-02-03 03:09:36.661204
PNR,60.16,60.15,60.17,50000000.0,50000000.0,9,2026-02-03 03:09:36.661204
FSR,30.54,30.53,30.55,50000000.0,50000000.0,9,2026-02-03 03:09:36.661204
ATB,61.84,61.83,61.85,50000000.0,50000000.0,9,2026-02-03 03:09:36.661204
SPK,52.91,52.9,52.92,50000000.0,50000000.0,9,2026-02-03 03:09:36.661204
EEC,48.21,48.2,48.22,50000000.0,50000000.0,9,2026-02-03 03:09:36.661204
TGX,43.75,43.74,43.76,50000000.0,50000000.0,10,2026-02-03 03:09:37.692975
PHR,47.59,47.58,47.6,50000000.0,50000000.0,10,2026-02-03 03:09:37.692975
BYL,43.03,43.02,43.04,50000000.0,50000000.0,10,2026-02-03 03:09:37.692975
CLD,78.87,78.86,78.88,50000000.0,50000000.0,10,2026-02-03 03:09:37.692975
GGD,31.38,31.37,31.39,50000000.0,50000000.0,10,2026-02-03 03:09:37.692975
PNR,59.91,59.9,59.92,50000000.0,50000000.0,10,2026-02-03 03:09:37.692975
FSR,30.54,30.53,30.55,50000000.0,50000000.0,10,2026-02-03 03:09:37.692975
ATB,62.09,62.08,62.1,50000000.0,50000000.0,10,2026-02-03 03:09:37.692975
SPK,52.85,52.84,52.86,50000000.0,50000000.0,10,2026-02-03 03:09:37.692975
EEC,48.02,48.01,48.03,50000000.0,50000000.0,10,2026-02-03 03:09:37.692975
TGX,43.69,43.68,43.7,50000000.0,50000000.0,11,2026-02-03 03:09:38.730568
PHR,47.47,47.46,47.48,50000000.0,50000000.0,11,2026-02-03 03:09:38.730568
BYL,42.57,42.56,42.58,50000000.0,50000000.0,11,2026-02-03 03:09:38.730568
CLD,77.79,77.78,77.8,50000000.0,50000000.0,11,2026-02-03 03:09:38.730568
GGD,31.37,31.36,31.38,50000000.0,50000000.0,11,2026-02-03 03:09:38.730568
PNR,60.09,60.08,60.1,50000000.0,50000000.0,11,2026-02-03 03:09:38.730568
FSR,30.55,30.54,30.56,50000000.0,50000000.0,11,2026-02-03 03:09:38.730568
ATB,62.42,62.41,62.43,50000000.0,50000000.0,11,2026-02-03 03:09:38.730568
SPK,52.74,52.73,52.75,50000000.0,50000000.0,11,2026-02-03 03:09:38.730568
EEC,47.71,47.7,47.72,50000000.0,50000000.0,11,2026-02-03 03:09:38.730568
TGX,43.73,43.72,43.74,50000000.0,50000000.0,12,2026-02-03 03:09:39.260936
PHR,47.48,47.47,47.49,50000000.0,50000000.0,12,2026-02-03 03:09:39.260936
BYL,42.65,42.64,42.66,50000000.0,50000000.0,12,2026-02-03 03:09:39.260936
CLD,77.91,77.9,77.92,50000000.0,50000000.0,12,2026-02-03 03:09:39.260936
GGD,31.32,31.31,31.33,50000000.0,50000000.0,12,2026-02-03 03:09:39.260936
PNR,60.14,60.13,60.15,50000000.0,50000000.0,12,2026-02-03 03:09:39.260936
FSR,30.54,30.53,30.55,50000000.0,50000000.0,12,2026-02-03 03:09:39.260936
ATB,62.28,62.27,62.29,50000000.0,50000000.0,12,2026-02-03 03:09:39.260936
SPK,52.27,52.26,52.28,50000000.0,50000000.0,12,2026-02-03 03:09:39.260936
EEC,47.05,47.04,47.06,50000000.0,50000000.0,12,2026-02-03 03:09:39.260936
TGX,43.74,43.73,43.75,50000000.0,50000000.0,13,2026-02-03 03:09:40.301753
PHR,47.47,47.46,47.48,50000000.0,50000000.0,13,2026-02-03 03:09:40.301753
BYL,42.33,42.32,42.34,50000000.0,50000000.0,13,2026-02-03 03:09:40.301753
CLD,77.11,77.1,77.12,50000000.0,50000000.0,13,2026-02-03 03:09:40.301753
GGD,31.33,31.32,31.34,50000000.0,50000000.0,13,2026-02-03 03:09:40.301753
PNR,60.22,60.21,60.23,50000000.0,50000000.0,13,2026-02-03 03:09:40.301753
FSR,30.55,30.54,30.56,50000000.0,50000000.0,13,2026-02-03 03:09:40.301753
ATB,62.15,62.14,62.16,50000000.0,50000000.0,13,2026-02-03 03:09:40.301753
SPK,52.32,52.31,52.33,50000000.0,50000000.0,13,2026-02-03 03:09:40.301753
EEC,47.13,47.12,47.14,50000000.0,50000000.0,13,2026-02-03 03:09:40.301753
TGX,43.69,43.68,43.7,50000000.0,50000000.0,14,2026-02-03 03:09:41.337918
PHR,47.57,47.56,47.58,50000000.0,50000000.0,14,2026-02-03 03:09:41.337918
BYL,41.92,41.91,41.93,50000000.0,50000000.0,14,2026-02-03 03:09:41.337918
CLD,76.06,76.05,76.07,50000000.0,50000000.0,14,2026-02-03 03:09:41.337918
GGD,31.36,31.35,31.37,50000000.0,50000000.0,14,2026-02-03 03:09:41.337918
PNR,59.95,59.94,59.96,50000000.0,50000000.0,14,2026-02-03 03:09:41.337918
FSR,30.53,30.52,30.54,50000000.0,50000000.0,14,2026-02-03 03:09:41.337918
ATB,62.17,62.16,62.18,50000000.0,50000000.0,14,2026-02-03 03:09:41.337918
SPK,52.67,52.66,52.68,50000000.0,50000000.0,14,2026-02-03 03:09:41.337918
EEC,47.81,47.8,47.82,50000000.0,50000000.0,14,2026-02-03 03:09:41.337918
TGX,43.72,43.71,43.73,50000000.0,50000000.0,15,2026-02-03 03:09:42.378720
PHR,47.6,47.59,47.61,50000000.0,50000000.0,15,2026-02-03 03:09:42.378720
BYL,41.72,41.71,41.73,50000000.0,50000000.0,15,2026-02-03 03:09:42.378720
CLD,75.75,75.74,75.76,50000000.0,50000000.0,15,2026-02-03 03:09:42.378720
GGD,31.37,31.36,31.38,50000000.0,50000000.0,15,2026-02-03 03:09:42.378720
PNR,59.77,59.76,59.78,50000000.0,50000000.0,15,2026-02-03 03:09:42.378720
FSR,30.52,30.51,30.53,50000000.0,50000000.0,15,2026-02-03 03:09:42.378720
ATB,62.01,62.0,62.02,50000000.0,50000000.0,15,2026-02-03 03:09:42.378720
SPK,52.63,52.62,52.64,50000000.0,50000000.0,15,2026-02-03 03:09:42.378720
EEC,47.68,47.67,47.69,50000000.0,50000000.0,15,2026-02-03 03:09:42.378720
TGX,43.72,43.71,43.73,50000000.0,50000000.0,16,2026-02-03 03:09:43.419348
PHR,47.48,47.47,47.49,50000000.0,50000000.0,16,2026-02-03 03:09:43.419348
BYL,41.86,41.85,41.87,50000000.0,50000000.0,16,2026-02-03 03:09:43.419348
CLD,75.98,75.97,75.99,50000000.0,50000000.0,16,2026-02-03 03:09:43.419348
GGD,31.4,31.39,31.41,50000000.0,50000000.0,16,2026-02-03 03:09:43.419348
PNR,59.72,59.71,59.73,50000000.0,50000000.0,16,2026-02-03 03:09:43.419348
FSR,30.52,30.51,30.53,50000000.0,50000000.0,16,2026-02-03 03:09:43.419348
ATB,61.92,61.91,61.93,50000000.0,50000000.0,16,2026-02-03 03:09:43.419348
SPK,52.72,52.71,52.73,50000000.0,50000000.0,16,2026-02-03 03:09:43.419348
EEC,47.91,47.9,47.92,50000000.0,50000000.0,16,2026-02-03 03:09:43.419348
TGX,43.77,43.76,43.78,50000000.0,50000000.0,17,2026-02-03 03:09:44.462370
PHR,47.53,47.52,47.54,50000000.0,50000000.0,17,2026-02-03 03:09:44.462370
BYL,42.37,42.36,42.38,50000000.0,50000000.0,17,2026-02-03 03:09:44.462370
CLD,77.08,77.07,77.09,50000000.0,50000000.0,17,2026-02-03 03:09:44.462370
GGD,31.39,31.38,31.4,50000000.0,50000000.0,17,2026-02-03 03:09:44.462370
PNR,59.84,59.83,59.85,50000000.0,50000000.0,17,2026-02-03 03:09:44.462370
FSR,30.52,30.51,30.53,50000000.0,50000000.0,17,2026-02-03 03:09:44.462370
ATB,62.0,61.99,62.01,50000000.0,50000000.0,17,2026-02-03 03:09:44.462370
SPK,52.69,52.68,52.7,50000000.0,50000000.0,17,2026-02-03 03:09:44.462370
EEC,47.8,47.79,47.81,50000000.0,50000000.0,17,2026-02-03 03:09:44.462370
TGX,43.76,43.75,43.77,50000000.0,50000000.0,18,2026-02-03 03:09:45.501552
PHR,47.61,47.6,47.62,50000000.0,50000000.0,18,2026-02-03 03:09:45.501552
BYL,42.42,42.41,42.43,50000000.0,50000000.0,18,2026-02-03 03:09:45.501552
CLD,76.95,76.94,76.96,50000000.0,50000000.0,18,2026-02-03 03:09:45.501552
GGD,31.43,31.42,31.44,50000000.0,50000000.0,18,2026-02-03 03:09:45.501552
PNR,59.46,59.45,59.47,50000000.0,50000000.0,18,2026-02-03 03:09:45.501552
FSR,30.51,30.5,30.52,50000000.0,50000000.0,18,2026-02-03 03:09:45.501552
ATB,62.17,62.16,62.18,50000000.0,50000000.0,18,2026-02-03 03:09:45.501552
SPK,52.69,52.68,52.7,50000000.0,50000000.0,18,2026-02-03 03:09:45.501552
EEC,47.86,47.85,47.87,50000000.0,50000000.0,18,2026-02-03 03:09:45.501552
TGX,43.66,43.65,43.67,50000000.0,50000000.0,19,2026-02-03 03:09:46.541307
PHR,47.62,47.61,47.63,50000000.0,50000000.0,19,2026-02-03 03:09:46.541307
BYL,42.31,42.3,42.32,50000000.0,50000000.0,19,2026-02-03 03:09:46.541307
CLD,76.69,76.68,76.7,50000000.0,50000000.0,19,2026-02-03 03:09:46.541307
GGD,31.39,31.38,31.4,50000000.0,50000000.0,19,2026-02-03 03:09:46.541307
PNR,59.07,59.06,59.08,50000000.0,50000000.0,19,2026-02-03 03:09:46.541307
FSR,30.52,30.51,30.53,50000000.0,50000000.0,19,2026-02-03 03:09:46.541307
ATB,62.1,62.09,62.11,50000000.0,50000000.0,19,2026-02-03 03:09:46.541307
SPK,52.74,52.73,52.75,50000000.0,50000000.0,19,2026-02-03 03:09:46.541307
EEC,47.91,47.9,47.92,50000000.0,50000000.0,19,2026-02-03 03:09:46.541307
TGX,43.72,43.71,43.73,50000000.0,50000000.0,20,2026-02-03 03:09:47.595143
PHR,47.63,47.62,47.64,50000000.0,50000000.0,20,2026-02-03 03:09:47.595143
BYL,42.24,42.23,42.25,50000000.0,50000000.0,20,2026-02-03 03:09:47.595143
CLD,76.53,76.52,76.54,50000000.0,50000000.0,20,2026-02-03 03:09:47.595143
GGD,31.4,31.39,31.41,50000000.0,50000000.0,20,2026-02-03 03:09:47.595143
PNR,58.92,58.91,58.93,50000000.0,50000000.0,20,2026-02-03 03:09:47.595143
FSR,30.54,30.53,30.55,50000000.0,50000000.0,20,2026-02-03 03:09:47.595143
ATB,62.05,62.04,62.06,50000000.0,50000000.0,20,2026-02-03 03:09:47.595143
SPK,52.75,52.74,52.76,50000000.0,50000000.0,20,2026-02-03 03:09:47.595143
EEC,47.94,47.93,47.95,50000000.0,50000000.0,20,2026-02-03 03:09:47.595143
TGX,43.7,43.69,43.71,50000000.0,50000000.0,21,2026-02-03 03:09:48.636697
PHR,47.73,47.72,47.74,50000000.0,50000000.0,21,2026-02-03 03:09:48.636697
BYL,42.25,42.24,42.26,50000000.0,50000000.0,21,2026-02-03 03:09:48.636697
CLD,76.69,76.68,76.7,50000000.0,50000000.0,21,2026-02-03 03:09:48.636697
GGD,31.34,31.33,31.35,50000000.0,50000000.0,21,2026-02-03 03:09:48.636697
PNR,58.79,58.78,58.8,50000000.0,50000000.0,21,2026-02-03 03:09:48.636697
FSR,30.55,30.54,30.56,50000000.0,50000000.0,21,2026-02-03 03:09:48.636697
ATB,61.87,61.86,61.88,50000000.0,50000000.0,21,2026-02-03 03:09:48.636697
SPK,52.76,52.75,52.77,50000000.0,50000000.0,21,2026-02-03 03:09:48.636697
EEC,47.99,47.98,48.0,50000000.0,50000000.0,21,2026-02-03 03:09:48.636697
TGX,43.72,43.71,43.73,50000000.0,50000000.0,22,2026-02-03 03:09:49.674676
PHR,47.71,47.7,47.72,50000000.0,50000000.0,22,2026-02-03 03:09:49.674676
BYL,41.87,41.86,41.88,50000000.0,50000000.0,22,2026-02-03 03:09:49.674676
CLD,75.86,75.85,75.87,50000000.0,50000000.0,22,2026-02-03 03:09:49.674676
GGD,31.42,31.41,31.43,50000000.0,50000000.0,22,2026-02-03 03:09:49.674676
PNR,58.94,58.93,58.95,50000000.0,50000000.0,22,2026-02-03 03:09:49.674676
FSR,30.55,30.54,30.56,50000000.0,50000000.0,22,2026-02-03 03:09:49.674676
ATB,61.74,61.73,61.75,50000000.0,50000000.0,22,2026-02-03 03:09:49.674676
SPK,52.56,52.55,52.57,50000000.0,50000000.0,22,2026-02-03 03:09:49.674676
EEC,47.66,47.65,47.67,50000000.0,50000000.0,22,2026-02-03 03:09:49.674676
TGX,43.75,43.74,43.76,50000000.0,50000000.0,23,2026-02-03 03:09:50.717334,2.0,1.0,22.0,D2-BYL/CLD,Counsel Provides Updated Risk Factor Disclosure,Legal counsel for ByteLayer has filed an amended proxy statement containing updated risk factor disclosures related to the pending CloudSys transaction. The amendments include both newly identified risks and downward revisions to previously disclosed risk factors. Proxy specialists note that such amendments can reflect routine legal diligence or may signal evolving conditions that counsel believes warrant additional shareholder attention.
PHR,47.63,47.62,47.64,50000000.0,50000000.0,23,2026-02-03 03:09:50.717334,,,,,,
BYL,41.62,41.61,41.63,50000000.0,50000000.0,23,2026-02-03 03:09:50.717334,,,,,,
CLD,75.26,75.25,75.27,50000000.0,50000000.0,23,2026-02-03 03:09:50.717334,,,,,,
GGD,31.38,31.37,31.39,50000000.0,50000000.0,23,2026-02-03 03:09:50.717334,,,,,,
PNR,58.76,58.75,58.77,50000000.0,50000000.0,23,2026-02-03 03:09:50.717334,,,,,,
FSR,30.56,30.55,30.57,50000000.0,50000000.0,23,2026-02-03 03:09:50.717334,,,,,,
ATB,62.08,62.07,62.09,50000000.0,50000000.0,23,2026-02-03 03:09:50.717334,,,,,,
SPK,52.8,52.79,52.81,50000000.0,50000000.0,23,2026-02-03 03:09:50.717334,,,,,,
EEC,48.2,48.19,48.21,50000000.0,50000000.0,23,2026-02-03 03:09:50.717334,,,,,,
TGX,43.82,43.81,43.83,50000000.0,50000000.0,24,2026-02-03 03:09:51.756908
PHR,47.64,47.63,47.65,50000000.0,50000000.0,24,2026-02-03 03:09:51.756908
BYL,41.74,41.73,41.75,50000000.0,50000000.0,24,2026-02-03 03:09:51.756908
CLD,75.61,75.6,75.62,50000000.0,50000000.0,24,2026-02-03 03:09:51.756908
GGD,31.35,31.34,31.36,50000000.0,50000000.0,24,2026-02-03 03:09:51.756908
PNR,58.71,58.7,58.72,50000000.0,50000000.0,24,2026-02-03 03:09:51.756908
FSR,30.59,30.58,30.6,50000000.0,50000000.0,24,2026-02-03 03:09:51.756908
ATB,62.23,62.22,62.24,50000000.0,50000000.0,24,2026-02-03 03:09:51.756908
SPK,53.19,53.18,53.2,50000000.0,50000000.0,24,2026-02-03 03:09:51.756908
EEC,48.91,48.9,48.92,50000000.0,50000000.0,24,2026-02-03 03:09:51.756908
TGX,43.82,43.81,43.83,50000000.0,50000000.0,25,2026-02-03 03:09:52.786696
PHR,47.64,47.63,47.65,50000000.0,50000000.0,25,2026-02-03 03:09:52.786696
BYL,41.95,41.94,41.96,50000000.0,50000000.0,25,2026-02-03 03:09:52.786696
CLD,76.04,76.03,76.05,50000000.0,50000000.0,25,2026-02-03 03:09:52.786696
GGD,31.39,31.38,31.4,50000000.0,50000000.0,25,2026-02-03 03:09:52.786696
PNR,58.64,58.63,58.65,50000000.0,50000000.0,25,2026-02-03 03:09:52.786696
FSR,30.59,30.58,30.6,50000000.0,50000000.0,25,2026-02-03 03:09:52.786696
ATB,62.46,62.45,62.47,50000000.0,50000000.0,25,2026-02-03 03:09:52.786696
SPK,53.13,53.12,53.14,50000000.0,50000000.0,25,2026-02-03 03:09:52.786696
EEC,49.04,49.03,49.05,50000000.0,50000000.0,25,2026-02-03 03:09:52.786696
TGX,43.72,43.71,43.73,50000000.0,50000000.0,26,2026-02-03 03:09:53.816900
PHR,47.63,47.62,47.64,50000000.0,50000000.0,26,2026-02-03 03:09:53.816900
BYL,41.98,41.97,41.99,50000000.0,50000000.0,26,2026-02-03 03:09:53.816900
CLD,76.17,76.16,76.18,50000000.0,50000000.0,26,2026-02-03 03:09:53.816900
GGD,31.36,31.35,31.37,50000000.0,50000000.0,26,2026-02-03 03:09:53.816900
PNR,58.46,58.45,58.47,50000000.0,50000000.0,26,2026-02-03 03:09:53.816900
FSR,30.61,30.6,30.62,50000000.0,50000000.0,26,2026-02-03 03:09:53.816900
ATB,61.86,61.85,61.87,50000000.0,50000000.0,26,2026-02-03 03:09:53.816900
SPK,52.88,52.87,52.89,50000000.0,50000000.0,26,2026-02-03 03:09:53.816900
EEC,48.67,48.66,48.68,50000000.0,50000000.0,26,2026-02-03 03:09:53.816900
TGX,43.56,43.55,43.57,50000000.0,50000000.0,27,2026-02-03 03:09:54.347045
PHR,47.7,47.69,47.71,50000000.0,50000000.0,27,2026-02-03 03:09:54.347045
BYL,42.1,42.09,42.11,50000000.0,50000000.0,27,2026-02-03 03:09:54.347045
CLD,76.35,76.34,76.36,50000000.0,50000000.0,27,2026-02-03 03:09:54.347045
GGD,31.29,31.28,31.3,50000000.0,50000000.0,27,2026-02-03 03:09:54.347045
PNR,57.77,57.76,57.78,50000000.0,50000000.0,27,2026-02-03 03:09:54.347045
FSR,30.6,30.59,30.61,50000000.0,50000000.0,27,2026-02-03 03:09:54.347045
ATB,61.21,61.2,61.22,50000000.0,50000000.0,27,2026-02-03 03:09:54.347045
SPK,53.05,53.04,53.06,50000000.0,50000000.0,27,2026-02-03 03:09:54.347045
EEC,48.9,48.89,48.91,50000000.0,50000000.0,27,2026-02-03 03:09:54.347045
TGX,43.62,43.61,43.63,50000000.0,50000000.0,28,2026-02-03 03:09:55.396138
PHR,47.71,47.7,47.72,50000000.0,50000000.0,28,2026-02-03 03:09:55.396138
BYL,41.81,41.8,41.82,50000000.0,50000000.0,28,2026-02-03 03:09:55.396138
CLD,75.72,75.71,75.73,50000000.0,50000000.0,28,2026-02-03 03:09:55.396138
GGD,31.23,31.22,31.24,50000000.0,50000000.0,28,2026-02-03 03:09:55.396138
PNR,57.77,57.76,57.78,50000000.0,50000000.0,28,2026-02-03 03:09:55.396138
FSR,30.59,30.58,30.6,50000000.0,50000000.0,28,2026-02-03 03:09:55.396138
ATB,61.43,61.42,61.44,50000000.0,50000000.0,28,2026-02-03 03:09:55.396138
SPK,52.93,52.92,52.94,50000000.0,50000000.0,28,2026-02-03 03:09:55.396138
EEC,48.85,48.84,48.86,50000000.0,50000000.0,28,2026-02-03 03:09:55.396138
TGX,43.63,43.62,43.64,50000000.0,50000000.0,29,2026-02-03 03:09:56.434258
PHR,47.78,47.77,47.79,50000000.0,50000000.0,29,2026-02-03 03:09:56.434258
BYL,41.52,41.51,41.53,50000000.0,50000000.0,29,2026-02-03 03:09:56.434258
CLD,75.06,75.05,75.07,50000000.0,50000000.0,29,2026-02-03 03:09:56.434258
GGD,31.23,31.22,31.24,50000000.0,50000000.0,29,2026-02-03 03:09:56.434258
PNR,57.73,57.72,57.74,50000000.0,50000000.0,29,2026-02-03 03:09:56.434258
FSR,30.57,30.56,30.58,50000000.0,50000000.0,29,2026-02-03 03:09:56.434258
ATB,61.01,61.0,61.02,50000000.0,50000000.0,29,2026-02-03 03:09:56.434258
SPK,52.52,52.51,52.53,50000000.0,50000000.0,29,2026-02-03 03:09:56.434258
EEC,48.3,48.29,48.31,50000000.0,50000000.0,29,2026-02-03 03:09:56.434258
TGX,43.57,43.56,43.58,50000000.0,50000000.0,30,2026-02-03 03:09:57.467075
PHR,47.87,47.86,47.88,50000000.0,50000000.0,30,2026-02-03 03:09:57.467075
BYL,41.25,41.24,41.26,50000000.0,50000000.0,30,2026-02-03 03:09:57.467075
CLD,74.29,74.28,74.3,50000000.0,50000000.0,30,2026-02-03 03:09:57.467075
GGD,31.28,31.27,31.29,50000000.0,50000000.0,30,2026-02-03 03:09:57.467075
PNR,57.75,57.74,57.76,50000000.0,50000000.0,30,2026-02-03 03:09:57.467075
FSR,30.58,30.57,30.59,50000000.0,50000000.0,30,2026-02-03 03:09:57.467075
ATB,60.94,60.93,60.95,50000000.0,50000000.0,30,2026-02-03 03:09:57.467075
SPK,52.07,52.06,52.08,50000000.0,50000000.0,30,2026-02-03 03:09:57.467075
EEC,47.58,47.57,47.59,50000000.0,50000000.0,30,2026-02-03 03:09:57.467075
TGX,43.56,43.55,43.57,50000000.0,50000000.0,31,2026-02-03 03:09:58.506191
PHR,47.81,47.8,47.82,50000000.0,50000000.0,31,2026-02-03 03:09:58.506191
BYL,41.46,41.45,41.47,50000000.0,50000000.0,31,2026-02-03 03:09:58.506191
CLD,74.76,74.75,74.77,50000000.0,50000000.0,31,2026-02-03 03:09:58.506191
GGD,31.25,31.24,31.26,50000000.0,50000000.0,31,2026-02-03 03:09:58.506191
PNR,57.61,57.6,57.62,50000000.0,50000000.0,31,2026-02-03 03:09:58.506191
FSR,30.6,30.59,30.61,50000000.0,50000000.0,31,2026-02-03 03:09:58.506191
ATB,60.99,60.98,61.0,50000000.0,50000000.0,31,2026-02-03 03:09:58.506191
SPK,51.98,51.97,51.99,50000000.0,50000000.0,31,2026-02-03 03:09:58.506191
EEC,47.48,47.47,47.49,50000000.0,50000000.0,31,2026-02-03 03:09:58.506191
TGX,43.52,43.51,43.53,50000000.0,50000000.0,32,2026-02-03 03:09:59.542981,4.0,1.0,31.0,D5-SPK/EEC,Closing Conditions Status,Updated tracker shows 8 of 9 conditions met with final state PUC approval pending.
PHR,47.89,47.88,47.9,50000000.0,50000000.0,32,2026-02-03 03:09:59.542981,3.0,1.0,31.0,D2-BYL/CLD,Sell-Side Analysts Issue Divergent Valuation Assessments,"Equity research analysts covering the ByteLayer/CloudSys transaction have published updated notes with materially different conclusions on deal accretion and synergy realization timelines. Bull-case estimates cite accelerated revenue opportunities, while bear-case analysts highlight integration execution risk and uncertain market conditions in enterprise cloud infrastructure. The divergence has contributed to wider-than-typical bid-ask spreads in both securities."
BYL,41.79,41.78,41.8,50000000.0,50000000.0,32,2026-02-03 03:09:59.542981,,,,,,
CLD,75.38,75.37,75.39,50000000.0,50000000.0,32,2026-02-03 03:09:59.542981,,,,,,
GGD,31.23,31.22,31.24,50000000.0,50000000.0,32,2026-02-03 03:09:59.542981,,,,,,
PNR,57.53,57.52,57.54,50000000.0,50000000.0,32,2026-02-03 03:09:59.542981,,,,,,
FSR,30.6,30.59,30.61,50000000.0,50000000.0,32,2026-02-03 03:09:59.542981,,,,,,
ATB,60.85,60.84,60.86,50000000.0,50000000.0,32,2026-02-03 03:09:59.542981,,,,,,
SPK,51.69,51.68,51.7,50000000.0,50000000.0,32,2026-02-03 03:09:59.542981,,,,,,
EEC,47.13,47.12,47.14,50000000.0,50000000.0,32,2026-02-03 03:09:59.542981,,,,,,
TGX,43.45,43.44,43.46,50000000.0,50000000.0,33,2026-02-03 03:10:00.603140
PHR,47.82,47.81,47.83,50000000.0,50000000.0,33,2026-02-03 03:10:00.603140
BYL,41.77,41.76,41.78,50000000.0,50000000.0,33,2026-02-03 03:10:00.603140
CLD,75.15,75.14,75.16,50000000.0,50000000.0,33,2026-02-03 03:10:00.603140
GGD,31.28,31.27,31.29,50000000.0,50000000.0,33,2026-02-03 03:10:00.603140
PNR,57.41,57.4,57.42,50000000.0,50000000.0,33,2026-02-03 03:10:00.603140
FSR,30.61,30.6,30.62,50000000.0,50000000.0,33,2026-02-03 03:10:00.603140
ATB,60.9,60.89,60.91,50000000.0,50000000.0,33,2026-02-03 03:10:00.603140
SPK,51.79,51.78,51.8,50000000.0,50000000.0,33,2026-02-03 03:10:00.603140
EEC,47.24,47.23,47.25,50000000.0,50000000.0,33,2026-02-03 03:10:00.603140
TGX,43.4,43.39,43.41,50000000.0,50000000.0,34,2026-02-03 03:10:01.705490,5.0,1.0,33.0,D3-GGD/PNR,PetroNorth Investor Relations Concerns,Some PNR shareholders question strategic fit and express concern about integration execution.
PHR,47.87,47.86,47.88,50000000.0,50000000.0,34,2026-02-03 03:10:01.705490,,,,,,
BYL,41.66,41.65,41.67,50000000.0,50000000.0,34,2026-02-03 03:10:01.705490,,,,,,
CLD,75.02,75.01,75.03,50000000.0,50000000.0,34,2026-02-03 03:10:01.705490,,,,,,
GGD,31.4,31.39,31.41,50000000.0,50000000.0,34,2026-02-03 03:10:01.705490,,,,,,
PNR,58.02,58.01,58.03,50000000.0,50000000.0,34,2026-02-03 03:10:01.705490,,,,,,
FSR,30.61,30.6,30.62,50000000.0,50000000.0,34,2026-02-03 03:10:01.705490,,,,,,
ATB,61.25,61.24,61.26,50000000.0,50000000.0,34,2026-02-03 03:10:01.705490,,,,,,
SPK,52.08,52.07,52.09,50000000.0,50000000.0,34,2026-02-03 03:10:01.705490,,,,,,
EEC,47.62,47.61,47.63,50000000.0,50000000.0,34,2026-02-03 03:10:01.705490,,,,,,
TGX,43.37,43.36,43.38,50000000.0,50000000.0,35,2026-02-03 03:10:02.740671
PHR,47.93,47.92,47.94,50000000.0,50000000.0,35,2026-02-03 03:10:02.740671
BYL,42.02,42.01,42.03,50000000.0,50000000.0,35,2026-02-03 03:10:02.740671
CLD,75.7,75.69,75.71,50000000.0,50000000.0,35,2026-02-03 03:10:02.740671
GGD,31.41,31.4,31.42,50000000.0,50000000.0,35,2026-02-03 03:10:02.740671
PNR,57.77,57.76,57.78,50000000.0,50000000.0,35,2026-02-03 03:10:02.740671
FSR,30.57,30.56,30.58,50000000.0,50000000.0,35,2026-02-03 03:10:02.740671
ATB,61.29,61.28,61.3,50000000.0,50000000.0,35,2026-02-03 03:10:02.740671
SPK,52.16,52.15,52.17,50000000.0,50000000.0,35,2026-02-03 03:10:02.740671
EEC,47.75,47.74,47.76,50000000.0,50000000.0,35,2026-02-03 03:10:02.740671
TGX,43.41,43.4,43.42,50000000.0,50000000.0,36,2026-02-03 03:10:03.777207
PHR,47.8,47.79,47.81,50000000.0,50000000.0,36,2026-02-03 03:10:03.777207
BYL,41.81,41.8,41.82,50000000.0,50000000.0,36,2026-02-03 03:10:03.777207
CLD,75.25,75.24,75.26,50000000.0,50000000.0,36,2026-02-03 03:10:03.777207
GGD,31.42,31.41,31.43,50000000.0,50000000.0,36,2026-02-03 03:10:03.777207
PNR,57.96,57.95,57.97,50000000.0,50000000.0,36,2026-02-03 03:10:03.777207
FSR,30.61,30.6,30.62,50000000.0,50000000.0,36,2026-02-03 03:10:03.777207
ATB,60.98,60.97,60.99,50000000.0,50000000.0,36,2026-02-03 03:10:03.777207
SPK,52.26,52.25,52.27,50000000.0,50000000.0,36,2026-02-03 03:10:03.777207
EEC,47.82,47.81,47.83,50000000.0,50000000.0,36,2026-02-03 03:10:03.777207
TGX,43.4,43.39,43.41,50000000.0,50000000.0,37,2026-02-03 03:10:04.810862
PHR,47.74,47.73,47.75,50000000.0,50000000.0,37,2026-02-03 03:10:04.810862
BYL,41.96,41.95,41.97,50000000.0,50000000.0,37,2026-02-03 03:10:04.810862
CLD,75.48,75.47,75.49,50000000.0,50000000.0,37,2026-02-03 03:10:04.810862
GGD,31.47,31.46,31.48,50000000.0,50000000.0,37,2026-02-03 03:10:04.810862
PNR,58.09,58.08,58.1,50000000.0,50000000.0,37,2026-02-03 03:10:04.810862
FSR,30.62,30.61,30.63,50000000.0,50000000.0,37,2026-02-03 03:10:04.810862
ATB,61.48,61.47,61.49,50000000.0,50000000.0,37,2026-02-03 03:10:04.810862
SPK,52.34,52.33,52.35,50000000.0,50000000.0,37,2026-02-03 03:10:04.810862
EEC,47.85,47.84,47.86,50000000.0,50000000.0,37,2026-02-03 03:10:04.810862
TGX,43.45,43.44,43.46,50000000.0,50000000.0,38,2026-02-03 03:10:05.838939
PHR,47.73,47.72,47.74,50000000.0,50000000.0,38,2026-02-03 03:10:05.838939
BYL,42.37,42.36,42.38,50000000.0,50000000.0,38,2026-02-03 03:10:05.838939
CLD,76.49,76.48,76.5,50000000.0,50000000.0,38,2026-02-03 03:10:05.838939
GGD,31.54,31.53,31.55,50000000.0,50000000.0,38,2026-02-03 03:10:05.838939
PNR,58.5,58.49,58.51,50000000.0,50000000.0,38,2026-02-03 03:10:05.838939
FSR,30.59,30.58,30.6,50000000.0,50000000.0,38,2026-02-03 03:10:05.838939
ATB,61.17,61.16,61.18,50000000.0,50000000.0,38,2026-02-03 03:10:05.838939
SPK,52.37,52.36,52.38,50000000.0,50000000.0,38,2026-02-03 03:10:05.838939
EEC,47.86,47.85,47.87,50000000.0,50000000.0,38,2026-02-03 03:10:05.838939
TGX,43.39,43.38,43.4,50000000.0,50000000.0,39,2026-02-03 03:10:06.871073
PHR,47.77,47.76,47.78,50000000.0,50000000.0,39,2026-02-03 03:10:06.871073
BYL,42.45,42.44,42.46,50000000.0,50000000.0,39,2026-02-03 03:10:06.871073
CLD,76.68,76.67,76.69,50000000.0,50000000.0,39,2026-02-03 03:10:06.871073
GGD,31.63,31.62,31.64,50000000.0,50000000.0,39,2026-02-03 03:10:06.871073
PNR,58.69,58.68,58.7,50000000.0,50000000.0,39,2026-02-03 03:10:06.871073
FSR,30.6,30.59,30.61,50000000.0,50000000.0,39,2026-02-03 03:10:06.871073
ATB,61.0,60.99,61.01,50000000.0,50000000.0,39,2026-02-03 03:10:06.871073
SPK,52.02,52.01,52.03,50000000.0,50000000.0,39,2026-02-03 03:10:06.871073
EEC,47.31,47.3,47.32,50000000.0,50000000.0,39,2026-02-03 03:10:06.871073
TGX,43.45,43.44,43.46,50000000.0,50000000.0,40,2026-02-03 03:10:07.904029
PHR,47.82,47.81,47.83,50000000.0,50000000.0,40,2026-02-03 03:10:07.904029
BYL,42.34,42.33,42.35,50000000.0,50000000.0,40,2026-02-03 03:10:07.904029
CLD,76.44,76.43,76.45,50000000.0,50000000.0,40,2026-02-03 03:10:07.904029
GGD,31.64,31.63,31.65,50000000.0,50000000.0,40,2026-02-03 03:10:07.904029
PNR,58.96,58.95,58.97,50000000.0,50000000.0,40,2026-02-03 03:10:07.904029
FSR,30.6,30.59,30.61,50000000.0,50000000.0,40,2026-02-03 03:10:07.904029
ATB,61.3,61.29,61.31,50000000.0,50000000.0,40,2026-02-03 03:10:07.904029
SPK,51.47,51.46,51.48,50000000.0,50000000.0,40,2026-02-03 03:10:07.904029
EEC,46.3,46.29,46.31,50000000.0,50000000.0,40,2026-02-03 03:10:07.904029
TGX,43.39,43.38,43.4,50000000.0,50000000.0,41,2026-02-03 03:10:08.438910
PHR,47.82,47.81,47.83,50000000.0,50000000.0,41,2026-02-03 03:10:08.438910
BYL,42.51,42.5,42.52,50000000.0,50000000.0,41,2026-02-03 03:10:08.438910
CLD,76.82,76.81,76.83,50000000.0,50000000.0,41,2026-02-03 03:10:08.438910
GGD,31.55,31.54,31.56,50000000.0,50000000.0,41,2026-02-03 03:10:08.438910
PNR,59.07,59.06,59.08,50000000.0,50000000.0,41,2026-02-03 03:10:08.438910
FSR,30.57,30.56,30.58,50000000.0,50000000.0,41,2026-02-03 03:10:08.438910
ATB,61.05,61.04,61.06,50000000.0,50000000.0,41,2026-02-03 03:10:08.438910
SPK,51.27,51.26,51.28,50000000.0,50000000.0,41,2026-02-03 03:10:08.438910
EEC,45.8,45.79,45.81,50000000.0,50000000.0,41,2026-02-03 03:10:08.438910
TGX,43.38,43.37,43.39,50000000.0,50000000.0,42,2026-02-03 03:10:09.472869
PHR,47.96,47.95,47.97,50000000.0,50000000.0,42,2026-02-03 03:10:09.472869
BYL,42.73,42.72,42.74,50000000.0,50000000.0,42,2026-02-03 03:10:09.472869
CLD,77.35,77.34,77.36,50000000.0,50000000.0,42,2026-02-03 03:10:09.472869
GGD,31.52,31.51,31.53,50000000.0,50000000.0,42,2026-02-03 03:10:09.472869
PNR,59.37,59.36,59.38,50000000.0,50000000.0,42,2026-02-03 03:10:09.472869
FSR,30.54,30.53,30.55,50000000.0,50000000.0,42,2026-02-03 03:10:09.472869
ATB,61.23,61.22,61.24,50000000.0,50000000.0,42,2026-02-03 03:10:09.472869
SPK,51.34,51.33,51.35,50000000.0,50000000.0,42,2026-02-03 03:10:09.472869
EEC,45.96,45.95,45.97,50000000.0,50000000.0,42,2026-02-03 03:10:09.472869
TGX,43.48,43.47,43.49,50000000.0,50000000.0,43,2026-02-03 03:10:10.510894
PHR,47.93,47.92,47.94,50000000.0,50000000.0,43,2026-02-03 03:10:10.510894
BYL,42.47,42.46,42.48,50000000.0,50000000.0,43,2026-02-03 03:10:10.510894
CLD,76.73,76.72,76.74,50000000.0,50000000.0,43,2026-02-03 03:10:10.510894
GGD,31.52,31.51,31.53,50000000.0,50000000.0,43,2026-02-03 03:10:10.510894
PNR,59.33,59.32,59.34,50000000.0,50000000.0,43,2026-02-03 03:10:10.510894
FSR,30.52,30.51,30.53,50000000.0,50000000.0,43,2026-02-03 03:10:10.510894
ATB,61.59,61.58,61.6,50000000.0,50000000.0,43,2026-02-03 03:10:10.510894
SPK,51.34,51.33,51.35,50000000.0,50000000.0,43,2026-02-03 03:10:10.510894
EEC,46.14,46.13,46.15,50000000.0,50000000.0,43,2026-02-03 03:10:10.510894
TGX,43.56,43.55,43.57,50000000.0,50000000.0,44,2026-02-03 03:10:11.557396
PHR,47.94,47.93,47.95,50000000.0,50000000.0,44,2026-02-03 03:10:11.557396
BYL,42.57,42.56,42.58,50000000.0,50000000.0,44,2026-02-03 03:10:11.557396
CLD,76.81,76.8,76.82,50000000.0,50000000.0,44,2026-02-03 03:10:11.557396
GGD,31.57,31.56,31.58,50000000.0,50000000.0,44,2026-02-03 03:10:11.557396
PNR,59.73,59.72,59.74,50000000.0,50000000.0,44,2026-02-03 03:10:11.557396
FSR,30.53,30.52,30.54,50000000.0,50000000.0,44,2026-02-03 03:10:11.557396
ATB,61.24,61.23,61.25,50000000.0,50000000.0,44,2026-02-03 03:10:11.557396
SPK,51.6,51.59,51.61,50000000.0,50000000.0,44,2026-02-03 03:10:11.557396
EEC,46.65,46.64,46.66,50000000.0,50000000.0,44,2026-02-03 03:10:11.557396
TGX,43.56,43.55,43.57,50000000.0,50000000.0,45,2026-02-03 03:10:12.588370
PHR,47.85,47.84,47.86,50000000.0,50000000.0,45,2026-02-03 03:10:12.588370
BYL,42.41,42.4,42.42,50000000.0,50000000.0,45,2026-02-03 03:10:12.588370
CLD,76.62,76.61,76.63,50000000.0,50000000.0,45,2026-02-03 03:10:12.588370
GGD,31.68,31.67,31.69,50000000.0,50000000.0,45,2026-02-03 03:10:12.588370
PNR,60.04,60.03,60.05,50000000.0,50000000.0,45,2026-02-03 03:10:12.588370
FSR,30.53,30.52,30.54,50000000.0,50000000.0,45,2026-02-03 03:10:12.588370
ATB,61.66,61.65,61.67,50000000.0,50000000.0,45,2026-02-03 03:10:12.588370
SPK,51.64,51.63,51.65,50000000.0,50000000.0,45,2026-02-03 03:10:12.588370
EEC,46.75,46.74,46.76,50000000.0,50000000.0,45,2026-02-03 03:10:12.588370
TGX,43.57,43.56,43.58,50000000.0,50000000.0,46,2026-02-03 03:10:13.645873
PHR,47.85,47.84,47.86,50000000.0,50000000.0,46,2026-02-03 03:10:13.645873
BYL,42.38,42.37,42.39,50000000.0,50000000.0,46,2026-02-03 03:10:13.645873
CLD,76.65,76.64,76.66,50000000.0,50000000.0,46,2026-02-03 03:10:13.645873
GGD,31.72,31.71,31.73,50000000.0,50000000.0,46,2026-02-03 03:10:13.645873
PNR,60.09,60.08,60.1,50000000.0,50000000.0,46,2026-02-03 03:10:13.645873
FSR,30.56,30.55,30.57,50000000.0,50000000.0,46,2026-02-03 03:10:13.645873
ATB,61.49,61.48,61.5,50000000.0,50000000.0,46,2026-02-03 03:10:13.645873
SPK,51.87,51.86,51.88,50000000.0,50000000.0,46,2026-02-03 03:10:13.645873
EEC,47.02,47.01,47.03,50000000.0,50000000.0,46,2026-02-03 03:10:13.645873
TGX,43.57,43.56,43.58,50000000.0,50000000.0,47,2026-02-03 03:10:14.696490
PHR,47.89,47.88,47.9,50000000.0,50000000.0,47,2026-02-03 03:10:14.696490
BYL,42.53,42.52,42.54,50000000.0,50000000.0,47,2026-02-03 03:10:14.696490
CLD,77.03,77.02,77.04,50000000.0,50000000.0,47,2026-02-03 03:10:14.696490
GGD,31.72,31.71,31.73,50000000.0,50000000.0,47,2026-02-03 03:10:14.696490
PNR,60.37,60.36,60.38,50000000.0,50000000.0,47,2026-02-03 03:10:14.696490
FSR,30.59,30.58,30.6,50000000.0,50000000.0,47,2026-02-03 03:10:14.696490
ATB,61.43,61.42,61.44,50000000.0,50000000.0,47,2026-02-03 03:10:14.696490
SPK,51.9,51.89,51.91,50000000.0,50000000.0,47,2026-02-03 03:10:14.696490
EEC,47.0,46.99,47.01,50000000.0,50000000.0,47,2026-02-03 03:10:14.696490
TGX,43.55,43.54,43.56,50000000.0,50000000.0,48,2026-02-03 03:10:15.736640
PHR,47.93,47.92,47.94,50000000.0,50000000.0,48,2026-02-03 03:10:15.736640
BYL,42.85,42.84,42.86,50000000.0,50000000.0,48,2026-02-03 03:10:15.736640
CLD,75.98,75.97,75.99,50000000.0,50000000.0,48,2026-02-03 03:10:15.736640
GGD,31.63,31.62,31.64,50000000.0,50000000.0,48,2026-02-03 03:10:15.736640
PNR,59.93,59.92,59.94,50000000.0,50000000.0,48,2026-02-03 03:10:15.736640
FSR,30.56,30.55,30.57,50000000.0,50000000.0,48,2026-02-03 03:10:15.736640
ATB,61.36,61.35,61.37,50000000.0,50000000.0,48,2026-02-03 03:10:15.736640
SPK,51.67,51.66,51.68,50000000.0,50000000.0,48,2026-02-03 03:10:15.736640
EEC,46.58,46.57,46.59,50000000.0,50000000.0,48,2026-02-03 03:10:15.736640
TGX,43.62,43.61,43.63,50000000.0,50000000.0,49,2026-02-03 03:10:16.777808
PHR,47.98,47.97,47.99,50000000.0,50000000.0,49,2026-02-03 03:10:16.777808
BYL,42.83,42.82,42.84,50000000.0,50000000.0,49,2026-02-03 03:10:16.777808
CLD,75.92,75.91,75.93,50000000.0,50000000.0,49,2026-02-03 03:10:16.777808
GGD,31.6,31.59,31.61,50000000.0,50000000.0,49,2026-02-03 03:10:16.777808
PNR,60.31,60.3,60.32,50000000.0,50000000.0,49,2026-02-03 03:10:16.777808
FSR,30.54,30.53,30.55,50000000.0,50000000.0,49,2026-02-03 03:10:16.777808
ATB,61.2,61.19,61.21,50000000.0,50000000.0,49,2026-02-03 03:10:16.777808
SPK,51.8,51.79,51.81,50000000.0,50000000.0,49,2026-02-03 03:10:16.777808
EEC,46.97,46.96,46.98,50000000.0,50000000.0,49,2026-02-03 03:10:16.777808
TGX,43.57,43.56,43.58,50000000.0,50000000.0,50,2026-02-03 03:10:17.812861
PHR,47.95,47.94,47.96,50000000.0,50000000.0,50,2026-02-03 03:10:17.812861
BYL,42.8,42.79,42.81,50000000.0,50000000.0,50,2026-02-03 03:10:17.812861
CLD,75.98,75.97,75.99,50000000.0,50000000.0,50,2026-02-03 03:10:17.812861
GGD,31.6,31.59,31.61,50000000.0,50000000.0,50,2026-02-03 03:10:17.812861
PNR,60.36,60.35,60.37,50000000.0,50000000.0,50,2026-02-03 03:10:17.812861
FSR,30.57,30.56,30.58,50000000.0,50000000.0,50,2026-02-03 03:10:17.812861
ATB,61.21,61.2,61.22,50000000.0,50000000.0,50,2026-02-03 03:10:17.812861
SPK,51.77,51.76,51.78,50000000.0,50000000.0,50,2026-02-03 03:10:17.812861
EEC,46.79,46.78,46.8,50000000.0,50000000.0,50,2026-02-03 03:10:17.812861
TGX,43.42,43.41,43.43,50000000.0,50000000.0,51,2026-02-03 03:10:18.850370
PHR,47.92,47.91,47.93,50000000.0,50000000.0,51,2026-02-03 03:10:18.850370
BYL,42.94,42.93,42.95,50000000.0,50000000.0,51,2026-02-03 03:10:18.850370
CLD,76.37,76.36,76.38,50000000.0,50000000.0,51,2026-02-03 03:10:18.850370
GGD,31.64,31.63,31.65,50000000.0,50000000.0,51,2026-02-03 03:10:18.850370
PNR,60.4,60.39,60.41,50000000.0,50000000.0,51,2026-02-03 03:10:18.850370
FSR,30.57,30.56,30.58,50000000.0,50000000.0,51,2026-02-03 03:10:18.850370
ATB,61.68,61.67,61.69,50000000.0,50000000.0,51,2026-02-03 03:10:18.850370
SPK,51.59,51.58,51.6,50000000.0,50000000.0,51,2026-02-03 03:10:18.850370
EEC,46.39,46.38,46.4,50000000.0,50000000.0,51,2026-02-03 03:10:18.850370
TGX,43.37,43.36,43.38,50000000.0,50000000.0,52,2026-02-03 03:10:19.883767
PHR,47.81,47.8,47.82,50000000.0,50000000.0,52,2026-02-03 03:10:19.883767
BYL,42.78,42.77,42.79,50000000.0,50000000.0,52,2026-02-03 03:10:19.883767
CLD,76.02,76.01,76.03,50000000.0,50000000.0,52,2026-02-03 03:10:19.883767
GGD,31.59,31.58,31.6,50000000.0,50000000.0,52,2026-02-03 03:10:19.883767
PNR,60.44,60.43,60.45,50000000.0,50000000.0,52,2026-02-03 03:10:19.883767
FSR,30.58,30.57,30.59,50000000.0,50000000.0,52,2026-02-03 03:10:19.883767
ATB,62.0,61.99,62.01,50000000.0,50000000.0,52,2026-02-03 03:10:19.883767
SPK,51.65,51.64,51.66,50000000.0,50000000.0,52,2026-02-03 03:10:19.883767
EEC,46.44,46.43,46.45,50000000.0,50000000.0,52,2026-02-03 03:10:19.883767
TGX,43.42,43.41,43.43,50000000.0,50000000.0,53,2026-02-03 03:10:20.917943
PHR,47.89,47.88,47.9,50000000.0,50000000.0,53,2026-02-03 03:10:20.917943
BYL,42.59,42.58,42.6,50000000.0,50000000.0,53,2026-02-03 03:10:20.917943
CLD,75.54,75.53,75.55,50000000.0,50000000.0,53,2026-02-03 03:10:20.917943
GGD,31.62,31.61,31.63,50000000.0,50000000.0,53,2026-02-03 03:10:20.917943
PNR,60.44,60.43,60.45,50000000.0,50000000.0,53,2026-02-03 03:10:20.917943
FSR,30.6,30.59,30.61,50000000.0,50000000.0,53,2026-02-03 03:10:20.917943
ATB,61.84,61.83,61.85,50000000.0,50000000.0,53,2026-02-03 03:10:20.917943
SPK,51.47,51.46,51.48,50000000.0,50000000.0,53,2026-02-03 03:10:20.917943
EEC,46.18,46.17,46.19,50000000.0,50000000.0,53,2026-02-03 03:10:20.917943
TGX,43.37,43.36,43.38,50000000.0,50000000.0,54,2026-02-03 03:10:21.948442
PHR,47.88,47.87,47.89,50000000.0,50000000.0,54,2026-02-03 03:10:21.948442
BYL,42.11,42.1,42.12,50000000.0,50000000.0,54,2026-02-03 03:10:21.948442
CLD,74.72,74.71,74.73,50000000.0,50000000.0,54,2026-02-03 03:10:21.948442
GGD,31.66,31.65,31.67,50000000.0,50000000.0,54,2026-02-03 03:10:21.948442
PNR,60.99,60.98,61.0,50000000.0,50000000.0,54,2026-02-03 03:10:21.948442
FSR,30.59,30.58,30.6,50000000.0,50000000.0,54,2026-02-03 03:10:21.948442
ATB,61.7,61.69,61.71,50000000.0,50000000.0,54,2026-02-03 03:10:21.948442
SPK,51.37,51.36,51.38,50000000.0,50000000.0,54,2026-02-03 03:10:21.948442
EEC,46.11,46.1,46.12,50000000.0,50000000.0,54,2026-02-03 03:10:21.948442
TGX,43.38,43.37,43.39,50000000.0,50000000.0,55,2026-02-03 03:10:22.975957
PHR,47.86,47.85,47.87,50000000.0,50000000.0,55,2026-02-03 03:10:22.975957
BYL,42.87,42.86,42.88,50000000.0,50000000.0,55,2026-02-03 03:10:22.975957
CLD,75.0,74.99,75.01,50000000.0,50000000.0,55,2026-02-03 03:10:22.975957
GGD,31.62,31.61,31.63,50000000.0,50000000.0,55,2026-02-03 03:10:22.975957
PNR,60.84,60.83,60.85,50000000.0,50000000.0,55,2026-02-03 03:10:22.975957
FSR,30.57,30.56,30.58,50000000.0,50000000.0,55,2026-02-03 03:10:22.975957
ATB,61.68,61.67,61.69,50000000.0,50000000.0,55,2026-02-03 03:10:22.975957
SPK,51.38,51.37,51.39,50000000.0,50000000.0,55,2026-02-03 03:10:22.975957
EEC,46.26,46.25,46.27,50000000.0,50000000.0,55,2026-02-03 03:10:22.975957
TGX,43.35,43.34,43.36,50000000.0,50000000.0,56,2026-02-03 03:10:23.514058
PHR,47.92,47.91,47.93,50000000.0,50000000.0,56,2026-02-03 03:10:23.514058
BYL,42.84,42.83,42.85,50000000.0,50000000.0,56,2026-02-03 03:10:23.514058
CLD,74.88,74.87,74.89,50000000.0,50000000.0,56,2026-02-03 03:10:23.514058
GGD,31.63,31.62,31.64,50000000.0,50000000.0,56,2026-02-03 03:10:23.514058
PNR,60.84,60.83,60.85,50000000.0,50000000.0,56,2026-02-03 03:10:23.514058
FSR,30.52,30.51,30.53,50000000.0,50000000.0,56,2026-02-03 03:10:23.514058
ATB,61.79,61.78,61.8,50000000.0,50000000.0,56,2026-02-03 03:10:23.514058
SPK,51.46,51.45,51.47,50000000.0,50000000.0,56,2026-02-03 03:10:23.514058
EEC,46.35,46.34,46.36,50000000.0,50000000.0,56,2026-02-03 03:10:23.514058
TGX,43.39,43.38,43.4,50000000.0,50000000.0,57,2026-02-03 03:10:24.556908
PHR,47.99,47.98,48.0,50000000.0,50000000.0,57,2026-02-03 03:10:24.556908
BYL,42.6,42.59,42.61,50000000.0,50000000.0,57,2026-02-03 03:10:24.556908
CLD,74.3,74.29,74.31,50000000.0,50000000.0,57,2026-02-03 03:10:24.556908
GGD,30.63,30.62,30.64,50000000.0,50000000.0,57,2026-02-03 03:10:24.556908
PNR,60.92,60.91,60.93,50000000.0,50000000.0,57,2026-02-03 03:10:24.556908
FSR,30.5,30.49,30.51,50000000.0,50000000.0,57,2026-02-03 03:10:24.556908
ATB,61.33,61.32,61.34,50000000.0,50000000.0,57,2026-02-03 03:10:24.556908
SPK,52.01,52.0,52.02,50000000.0,50000000.0,57,2026-02-03 03:10:24.556908
EEC,47.31,47.3,47.32,50000000.0,50000000.0,57,2026-02-03 03:10:24.556908
TGX,43.37,43.36,43.38,50000000.0,50000000.0,58,2026-02-03 03:10:25.591865
PHR,47.92,47.91,47.93,50000000.0,50000000.0,58,2026-02-03 03:10:25.591865
BYL,42.68,42.67,42.69,50000000.0,50000000.0,58,2026-02-03 03:10:25.591865
CLD,74.42,74.41,74.43,50000000.0,50000000.0,58,2026-02-03 03:10:25.591865
GGD,30.61,30.6,30.62,50000000.0,50000000.0,58,2026-02-03 03:10:25.591865
PNR,61.06,61.05,61.07,50000000.0,50000000.0,58,2026-02-03 03:10:25.591865
FSR,30.5,30.49,30.51,50000000.0,50000000.0,58,2026-02-03 03:10:25.591865
ATB,61.26,61.25,61.27,50000000.0,50000000.0,58,2026-02-03 03:10:25.591865
SPK,52.16,52.15,52.17,50000000.0,50000000.0,58,2026-02-03 03:10:25.591865
EEC,47.49,47.48,47.5,50000000.0,50000000.0,58,2026-02-03 03:10:25.591865
TGX,43.38,43.37,43.39,50000000.0,50000000.0,59,2026-02-03 03:10:26.625974
PHR,47.97,47.96,47.98,50000000.0,50000000.0,59,2026-02-03 03:10:26.625974
BYL,42.75,42.74,42.76,50000000.0,50000000.0,59,2026-02-03 03:10:26.625974
CLD,74.55,74.54,74.56,50000000.0,50000000.0,59,2026-02-03 03:10:26.625974
GGD,30.59,30.58,30.6,50000000.0,50000000.0,59,2026-02-03 03:10:26.625974
PNR,60.88,60.87,60.89,50000000.0,50000000.0,59,2026-02-03 03:10:26.625974
FSR,30.54,30.53,30.55,50000000.0,50000000.0,59,2026-02-03 03:10:26.625974
ATB,61.12,61.11,61.13,50000000.0,50000000.0,59,2026-02-03 03:10:26.625974
SPK,52.32,52.31,52.33,50000000.0,50000000.0,59,2026-02-03 03:10:26.625974
EEC,47.74,47.73,47.75,50000000.0,50000000.0,59,2026-02-03 03:10:26.625974
TGX,43.4,43.39,43.41,50000000.0,50000000.0,60,2026-02-03 03:10:27.660135
PHR,47.74,47.73,47.75,50000000.0,50000000.0,60,2026-02-03 03:10:27.660135
BYL,42.44,42.43,42.45,50000000.0,50000000.0,60,2026-02-03 03:10:27.660135
CLD,73.73,73.72,73.74,50000000.0,50000000.0,60,2026-02-03 03:10:27.660135
GGD,30.62,30.61,30.63,50000000.0,50000000.0,60,2026-02-03 03:10:27.660135
PNR,60.93,60.92,60.94,50000000.0,50000000.0,60,2026-02-03 03:10:27.660135
FSR,30.53,30.52,30.54,50000000.0,50000000.0,60,2026-02-03 03:10:27.660135
ATB,61.29,61.28,61.3,50000000.0,50000000.0,60,2026-02-03 03:10:27.660135
SPK,52.24,52.23,52.25,50000000.0,50000000.0,60,2026-02-03 03:10:27.660135
EEC,47.63,47.62,47.64,50000000.0,50000000.0,60,2026-02-03 03:10:27.660135
TGX,43.34,43.33,43.35,50000000.0,50000000.0,61,2026-02-03 03:10:28.689679
PHR,47.63,47.62,47.64,50000000.0,50000000.0,61,2026-02-03 03:10:28.689679
BYL,42.52,42.51,42.53,50000000.0,50000000.0,61,2026-02-03 03:10:28.689679
CLD,73.81,73.8,73.82,50000000.0,50000000.0,61,2026-02-03 03:10:28.689679
GGD,30.63,30.62,30.64,50000000.0,50000000.0,61,2026-02-03 03:10:28.689679
PNR,60.85,60.84,60.86,50000000.0,50000000.0,61,2026-02-03 03:10:28.689679
FSR,30.53,30.52,30.54,50000000.0,50000000.0,61,2026-02-03 03:10:28.689679
ATB,61.46,61.45,61.47,50000000.0,50000000.0,61,2026-02-03 03:10:28.689679
SPK,52.51,52.5,52.52,50000000.0,50000000.0,61,2026-02-03 03:10:28.689679
EEC,48.11,48.1,48.12,50000000.0,50000000.0,61,2026-02-03 03:10:28.689679
TGX,43.39,43.38,43.4,50000000.0,50000000.0,62,2026-02-03 03:10:29.722780
PHR,47.53,47.52,47.54,50000000.0,50000000.0,62,2026-02-03 03:10:29.722780
BYL,42.35,42.34,42.36,50000000.0,50000000.0,62,2026-02-03 03:10:29.722780
CLD,73.4,73.39,73.41,50000000.0,50000000.0,62,2026-02-03 03:10:29.722780
GGD,30.61,30.6,30.62,50000000.0,50000000.0,62,2026-02-03 03:10:29.722780
PNR,60.56,60.55,60.57,50000000.0,50000000.0,62,2026-02-03 03:10:29.722780
FSR,30.54,30.53,30.55,50000000.0,50000000.0,62,2026-02-03 03:10:29.722780
ATB,61.57,61.56,61.58,50000000.0,50000000.0,62,2026-02-03 03:10:29.722780
SPK,52.03,52.02,52.04,50000000.0,50000000.0,62,2026-02-03 03:10:29.722780
EEC,47.32,47.31,47.33,50000000.0,50000000.0,62,2026-02-03 03:10:29.722780
TGX,43.46,43.45,43.47,50000000.0,50000000.0,63,2026-02-03 03:10:30.756460
PHR,47.55,47.54,47.56,50000000.0,50000000.0,63,2026-02-03 03:10:30.756460
BYL,42.27,42.26,42.28,50000000.0,50000000.0,63,2026-02-03 03:10:30.756460
CLD,73.0,72.99,73.01,50000000.0,50000000.0,63,2026-02-03 03:10:30.756460
GGD,30.57,30.56,30.58,50000000.0,50000000.0,63,2026-02-03 03:10:30.756460
PNR,60.48,60.47,60.49,50000000.0,50000000.0,63,2026-02-03 03:10:30.756460
FSR,30.51,30.5,30.52,50000000.0,50000000.0,63,2026-02-03 03:10:30.756460
ATB,61.69,61.68,61.7,50000000.0,50000000.0,63,2026-02-03 03:10:30.756460
SPK,52.21,52.2,52.22,50000000.0,50000000.0,63,2026-02-03 03:10:30.756460
EEC,47.58,47.57,47.59,50000000.0,50000000.0,63,2026-02-03 03:10:30.756460
TGX,43.48,43.47,43.49,50000000.0,50000000.0,64,2026-02-03 03:10:31.809213
PHR,47.71,47.7,47.72,50000000.0,50000000.0,64,2026-02-03 03:10:31.809213
BYL,41.81,41.8,41.82,50000000.0,50000000.0,64,2026-02-03 03:10:31.809213
CLD,71.84,71.83,71.85,50000000.0,50000000.0,64,2026-02-03 03:10:31.809213
GGD,30.61,30.6,30.62,50000000.0,50000000.0,64,2026-02-03 03:10:31.809213
PNR,60.79,60.78,60.8,50000000.0,50000000.0,64,2026-02-03 03:10:31.809213
FSR,30.5,30.49,30.51,50000000.0,50000000.0,64,2026-02-03 03:10:31.809213
ATB,61.98,61.97,61.99,50000000.0,50000000.0,64,2026-02-03 03:10:31.809213
SPK,52.32,52.31,52.33,50000000.0,50000000.0,64,2026-02-03 03:10:31.809213
EEC,47.77,47.76,47.78,50000000.0,50000000.0,64,2026-02-03 03:10:31.809213
TGX,43.45,43.44,43.46,50000000.0,50000000.0,65,2026-02-03 03:10:32.852579
PHR,47.83,47.82,47.84,50000000.0,50000000.0,65,2026-02-03 03:10:32.852579
BYL,41.61,41.6,41.62,50000000.0,50000000.0,65,2026-02-03 03:10:32.852579
CLD,71.47,71.46,71.48,50000000.0,50000000.0,65,2026-02-03 03:10:32.852579
GGD,30.58,30.57,30.59,50000000.0,50000000.0,65,2026-02-03 03:10:32.852579
PNR,60.69,60.68,60.7,50000000.0,50000000.0,65,2026-02-03 03:10:32.852579
FSR,30.52,30.51,30.53,50000000.0,50000000.0,65,2026-02-03 03:10:32.852579
ATB,61.83,61.82,61.84,50000000.0,50000000.0,65,2026-02-03 03:10:32.852579
SPK,52.23,52.22,52.24,50000000.0,50000000.0,65,2026-02-03 03:10:32.852579
EEC,47.59,47.58,47.6,50000000.0,50000000.0,65,2026-02-03 03:10:32.852579
TGX,43.51,43.5,43.52,50000000.0,50000000.0,66,2026-02-03 03:10:33.893703
PHR,47.85,47.84,47.86,50000000.0,50000000.0,66,2026-02-03 03:10:33.893703
BYL,41.38,41.37,41.39,50000000.0,50000000.0,66,2026-02-03 03:10:33.893703
CLD,70.99,70.98,71.0,50000000.0,50000000.0,66,2026-02-03 03:10:33.893703
GGD,30.53,30.52,30.54,50000000.0,50000000.0,66,2026-02-03 03:10:33.893703
PNR,60.81,60.8,60.82,50000000.0,50000000.0,66,2026-02-03 03:10:33.893703
FSR,30.56,30.55,30.57,50000000.0,50000000.0,66,2026-02-03 03:10:33.893703
ATB,61.89,61.88,61.9,50000000.0,50000000.0,66,2026-02-03 03:10:33.893703
SPK,51.98,51.97,51.99,50000000.0,50000000.0,66,2026-02-03 03:10:33.893703
EEC,47.1,47.09,47.11,50000000.0,50000000.0,66,2026-02-03 03:10:33.893703
TGX,43.48,43.47,43.49,50000000.0,50000000.0,67,2026-02-03 03:10:34.927364
PHR,47.93,47.92,47.94,50000000.0,50000000.0,67,2026-02-03 03:10:34.927364
BYL,40.92,40.91,40.93,50000000.0,50000000.0,67,2026-02-03 03:10:34.927364
CLD,70.08,70.07,70.09,50000000.0,50000000.0,67,2026-02-03 03:10:34.927364
GGD,30.57,30.56,30.58,50000000.0,50000000.0,67,2026-02-03 03:10:34.927364
PNR,60.68,60.67,60.69,50000000.0,50000000.0,67,2026-02-03 03:10:34.927364
FSR,30.57,30.56,30.58,50000000.0,50000000.0,67,2026-02-03 03:10:34.927364
ATB,61.73,61.72,61.74,50000000.0,50000000.0,67,2026-02-03 03:10:34.927364
SPK,51.68,51.67,51.69,50000000.0,50000000.0,67,2026-02-03 03:10:34.927364
EEC,46.64,46.63,46.65,50000000.0,50000000.0,67,2026-02-03 03:10:34.927364
TGX,43.39,43.38,43.4,50000000.0,50000000.0,68,2026-02-03 03:10:35.976565
PHR,47.85,47.84,47.86,50000000.0,50000000.0,68,2026-02-03 03:10:35.976565
BYL,40.77,40.76,40.78,50000000.0,50000000.0,68,2026-02-03 03:10:35.976565
CLD,69.78,69.77,69.79,50000000.0,50000000.0,68,2026-02-03 03:10:35.976565
GGD,30.6,30.59,30.61,50000000.0,50000000.0,68,2026-02-03 03:10:35.976565
PNR,60.52,60.51,60.53,50000000.0,50000000.0,68,2026-02-03 03:10:35.976565
FSR,30.55,30.54,30.56,50000000.0,50000000.0,68,2026-02-03 03:10:35.976565
ATB,62.25,62.24,62.26,50000000.0,50000000.0,68,2026-02-03 03:10:35.976565
SPK,51.69,51.68,51.7,50000000.0,50000000.0,68,2026-02-03 03:10:35.976565
EEC,46.63,46.62,46.64,50000000.0,50000000.0,68,2026-02-03 03:10:35.976565
TGX,43.33,43.32,43.34,50000000.0,50000000.0,69,2026-02-03 03:10:37.007560
PHR,47.94,47.93,47.95,50000000.0,50000000.0,69,2026-02-03 03:10:37.007560
BYL,40.77,40.76,40.78,50000000.0,50000000.0,69,2026-02-03 03:10:37.007560
CLD,69.73,69.72,69.74,50000000.0,50000000.0,69,2026-02-03 03:10:37.007560
GGD,30.67,30.66,30.68,50000000.0,50000000.0,69,2026-02-03 03:10:37.007560
PNR,60.86,60.85,60.87,50000000.0,50000000.0,69,2026-02-03 03:10:37.007560
FSR,30.58,30.57,30.59,50000000.0,50000000.0,69,2026-02-03 03:10:37.007560
ATB,62.11,62.1,62.12,50000000.0,50000000.0,69,2026-02-03 03:10:37.007560
SPK,51.93,51.92,51.94,50000000.0,50000000.0,69,2026-02-03 03:10:37.007560
EEC,46.89,46.88,46.9,50000000.0,50000000.0,69,2026-02-03 03:10:37.007560
TGX,43.31,43.3,43.32,50000000.0,50000000.0,70,2026-02-03 03:10:38.042243
PHR,47.9,47.89,47.91,50000000.0,50000000.0,70,2026-02-03 03:10:38.042243
BYL,40.63,40.62,40.64,50000000.0,50000000.0,70,2026-02-03 03:10:38.042243
CLD,69.3,69.29,69.31,50000000.0,50000000.0,70,2026-02-03 03:10:38.042243
GGD,30.68,30.67,30.69,50000000.0,50000000.0,70,2026-02-03 03:10:38.042243
PNR,60.86,60.85,60.87,50000000.0,50000000.0,70,2026-02-03 03:10:38.042243
FSR,30.6,30.59,30.61,50000000.0,50000000.0,70,2026-02-03 03:10:38.042243
ATB,62.08,62.07,62.09,50000000.0,50000000.0,70,2026-02-03 03:10:38.042243
SPK,52.11,52.1,52.12,50000000.0,50000000.0,70,2026-02-03 03:10:38.042243
EEC,47.33,47.32,47.34,50000000.0,50000000.0,70,2026-02-03 03:10:38.042243
TGX,43.42,43.41,43.43,50000000.0,50000000.0,71,2026-02-03 03:10:39.075285
PHR,47.85,47.84,47.86,50000000.0,50000000.0,71,2026-02-03 03:10:39.075285
BYL,40.73,40.72,40.74,50000000.0,50000000.0,71,2026-02-03 03:10:39.075285
CLD,69.48,69.47,69.49,50000000.0,50000000.0,71,2026-02-03 03:10:39.075285
GGD,30.66,30.65,30.67,50000000.0,50000000.0,71,2026-02-03 03:10:39.075285
PNR,60.84,60.83,60.85,50000000.0,50000000.0,71,2026-02-03 03:10:39.075285
FSR,30.66,30.65,30.67,50000000.0,50000000.0,71,2026-02-03 03:10:39.075285
ATB,61.76,61.75,61.77,50000000.0,50000000.0,71,2026-02-03 03:10:39.075285
SPK,52.05,52.04,52.06,50000000.0,50000000.0,71,2026-02-03 03:10:39.075285
EEC,47.17,47.16,47.18,50000000.0,50000000.0,71,2026-02-03 03:10:39.075285
TGX,43.36,43.35,43.37,50000000.0,50000000.0,72,2026-02-03 03:10:39.607340
PHR,47.94,47.93,47.95,50000000.0,50000000.0,72,2026-02-03 03:10:39.607340
BYL,41.16,41.15,41.17,50000000.0,50000000.0,72,2026-02-03 03:10:39.607340
CLD,70.19,70.18,70.2,50000000.0,50000000.0,72,2026-02-03 03:10:39.607340
GGD,30.75,30.74,30.76,50000000.0,50000000.0,72,2026-02-03 03:10:39.607340
PNR,61.21,61.2,61.22,50000000.0,50000000.0,72,2026-02-03 03:10:39.607340
FSR,30.66,30.65,30.67,50000000.0,50000000.0,72,2026-02-03 03:10:39.607340
ATB,61.78,61.77,61.79,50000000.0,50000000.0,72,2026-02-03 03:10:39.607340
SPK,51.78,51.77,51.79,50000000.0,50000000.0,72,2026-02-03 03:10:39.607340
EEC,46.73,46.72,46.74,50000000.0,50000000.0,72,2026-02-03 03:10:39.607340
TGX,43.35,43.34,43.36,50000000.0,50000000.0,73,2026-02-03 03:10:40.651105
PHR,47.95,47.94,47.96,50000000.0,50000000.0,73,2026-02-03 03:10:40.651105
BYL,40.63,40.62,40.64,50000000.0,50000000.0,73,2026-02-03 03:10:40.651105
CLD,68.94,68.93,68.95,50000000.0,50000000.0,73,2026-02-03 03:10:40.651105
GGD,30.79,30.78,30.8,50000000.0,50000000.0,73,2026-02-03 03:10:40.651105
PNR,61.45,61.44,61.46,50000000.0,50000000.0,73,2026-02-03 03:10:40.651105
FSR,30.67,30.66,30.68,50000000.0,50000000.0,73,2026-02-03 03:10:40.651105
ATB,61.15,61.14,61.16,50000000.0,50000000.0,73,2026-02-03 03:10:40.651105
SPK,51.68,51.67,51.69,50000000.0,50000000.0,73,2026-02-03 03:10:40.651105
EEC,46.52,46.51,46.53,50000000.0,50000000.0,73,2026-02-03 03:10:40.651105
TGX,43.39,43.38,43.4,50000000.0,50000000.0,74,2026-02-03 03:10:41.689541
PHR,47.98,47.97,47.99,50000000.0,50000000.0,74,2026-02-03 03:10:41.689541
BYL,40.83,40.82,40.84,50000000.0,50000000.0,74,2026-02-03 03:10:41.689541
CLD,69.43,69.42,69.44,50000000.0,50000000.0,74,2026-02-03 03:10:41.689541
GGD,30.83,30.82,30.84,50000000.0,50000000.0,74,2026-02-03 03:10:41.689541
PNR,61.3,61.29,61.31,50000000.0,50000000.0,74,2026-02-03 03:10:41.689541
FSR,30.73,30.72,30.74,50000000.0,50000000.0,74,2026-02-03 03:10:41.689541
ATB,61.21,61.2,61.22,50000000.0,50000000.0,74,2026-02-03 03:10:41.689541
SPK,51.86,51.85,51.87,50000000.0,50000000.0,74,2026-02-03 03:10:41.689541
EEC,46.66,46.65,46.67,50000000.0,50000000.0,74,2026-02-03 03:10:41.689541
TGX,43.38,43.37,43.39,50000000.0,50000000.0,75,2026-02-03 03:10:42.727525
PHR,47.83,47.82,47.84,50000000.0,50000000.0,75,2026-02-03 03:10:42.727525
BYL,40.5,40.49,40.51,50000000.0,50000000.0,75,2026-02-03 03:10:42.727525
CLD,68.92,68.91,68.93,50000000.0,50000000.0,75,2026-02-03 03:10:42.727525
GGD,30.79,30.78,30.8,50000000.0,50000000.0,75,2026-02-03 03:10:42.727525
PNR,61.01,61.0,61.02,50000000.0,50000000.0,75,2026-02-03 03:10:42.727525
FSR,30.73,30.72,30.74,50000000.0,50000000.0,75,2026-02-03 03:10:42.727525
ATB,61.38,61.37,61.39,50000000.0,50000000.0,75,2026-02-03 03:10:42.727525
SPK,51.45,51.44,51.46,50000000.0,50000000.0,75,2026-02-03 03:10:42.727525
EEC,45.94,45.93,45.95,50000000.0,50000000.0,75,2026-02-03 03:10:42.727525
TGX,43.36,43.35,43.37,50000000.0,50000000.0,76,2026-02-03 03:10:43.770034
PHR,47.83,47.82,47.84,50000000.0,50000000.0,76,2026-02-03 03:10:43.770034
BYL,40.47,40.46,40.48,50000000.0,50000000.0,76,2026-02-03 03:10:43.770034
CLD,68.83,68.82,68.84,50000000.0,50000000.0,76,2026-02-03 03:10:43.770034
GGD,30.83,30.82,30.84,50000000.0,50000000.0,76,2026-02-03 03:10:43.770034
PNR,60.95,60.94,60.96,50000000.0,50000000.0,76,2026-02-03 03:10:43.770034
FSR,30.74,30.73,30.75,50000000.0,50000000.0,76,2026-02-03 03:10:43.770034
ATB,61.42,61.41,61.43,50000000.0,50000000.0,76,2026-02-03 03:10:43.770034
SPK,51.32,51.31,51.33,50000000.0,50000000.0,76,2026-02-03 03:10:43.770034
EEC,45.73,45.72,45.74,50000000.0,50000000.0,76,2026-02-03 03:10:43.770034
TGX,43.39,43.38,43.4,50000000.0,50000000.0,77,2026-02-03 03:10:44.810531
PHR,48.0,47.99,48.01,50000000.0,50000000.0,77,2026-02-03 03:10:44.810531
BYL,40.39,40.38,40.4,50000000.0,50000000.0,77,2026-02-03 03:10:44.810531
CLD,68.65,68.64,68.66,50000000.0,50000000.0,77,2026-02-03 03:10:44.810531
GGD,30.8,30.79,30.81,50000000.0,50000000.0,77,2026-02-03 03:10:44.810531
PNR,60.98,60.97,60.99,50000000.0,50000000.0,77,2026-02-03 03:10:44.810531
FSR,30.77,30.76,30.78,50000000.0,50000000.0,77,2026-02-03 03:10:44.810531
ATB,61.47,61.46,61.48,50000000.0,50000000.0,77,2026-02-03 03:10:44.810531
SPK,51.38,51.37,51.39,50000000.0,50000000.0,77,2026-02-03 03:10:44.810531
EEC,45.84,45.83,45.85,50000000.0,50000000.0,77,2026-02-03 03:10:44.810531
TGX,43.46,43.45,43.47,50000000.0,50000000.0,78,2026-02-03 03:10:45.850537
PHR,47.95,47.94,47.96,50000000.0,50000000.0,78,2026-02-03 03:10:45.850537
BYL,40.16,40.15,40.17,50000000.0,50000000.0,78,2026-02-03 03:10:45.850537
CLD,67.97,67.96,67.98,50000000.0,50000000.0,78,2026-02-03 03:10:45.850537
GGD,30.82,30.81,30.83,50000000.0,50000000.0,78,2026-02-03 03:10:45.850537
PNR,60.66,60.65,60.67,50000000.0,50000000.0,78,2026-02-03 03:10:45.850537
FSR,30.75,30.74,30.76,50000000.0,50000000.0,78,2026-02-03 03:10:45.850537
ATB,61.38,61.37,61.39,50000000.0,50000000.0,78,2026-02-03 03:10:45.850537
SPK,50.89,50.88,50.9,50000000.0,50000000.0,78,2026-02-03 03:10:45.850537
EEC,45.06,45.05,45.07,50000000.0,50000000.0,78,2026-02-03 03:10:45.850537
TGX,43.44,43.43,43.45,50000000.0,50000000.0,79,2026-02-03 03:10:46.898875
PHR,48.0,47.99,48.01,50000000.0,50000000.0,79,2026-02-03 03:10:46.898875
BYL,40.38,40.37,40.39,50000000.0,50000000.0,79,2026-02-03 03:10:46.898875
CLD,68.65,68.64,68.66,50000000.0,50000000.0,79,2026-02-03 03:10:46.898875
GGD,30.78,30.77,30.79,50000000.0,50000000.0,79,2026-02-03 03:10:46.898875
PNR,60.62,60.61,60.63,50000000.0,50000000.0,79,2026-02-03 03:10:46.898875
FSR,30.8,30.79,30.81,50000000.0,50000000.0,79,2026-02-03 03:10:46.898875
ATB,61.39,61.38,61.4,50000000.0,50000000.0,79,2026-02-03 03:10:46.898875
SPK,50.65,50.64,50.66,50000000.0,50000000.0,79,2026-02-03 03:10:46.898875
EEC,44.58,44.57,44.59,50000000.0,50000000.0,79,2026-02-03 03:10:46.898875
TGX,43.47,43.46,43.48,50000000.0,50000000.0,80,2026-02-03 03:10:47.937411,6.0,1.0,79.0,D4-FSR/ATB,Consumer Advocacy Groups File Opposition,National consumer groups formally oppose citing concerns about fee structures and service quality.
PHR,48.14,48.13,48.15,50000000.0,50000000.0,80,2026-02-03 03:10:47.937411,,,,,,
BYL,40.35,40.34,40.36,50000000.0,50000000.0,80,2026-02-03 03:10:47.937411,,,,,,
CLD,68.68,68.67,68.69,50000000.0,50000000.0,80,2026-02-03 03:10:47.937411,,,,,,
GGD,30.75,30.74,30.76,50000000.0,50000000.0,80,2026-02-03 03:10:47.937411,,,,,,
PNR,60.58,60.57,60.59,50000000.0,50000000.0,80,2026-02-03 03:10:47.937411,,,,,,
FSR,30.78,30.77,30.79,50000000.0,50000000.0,80,2026-02-03 03:10:47.937411,,,,,,
ATB,61.17,61.16,61.18,50000000.0,50000000.0,80,2026-02-03 03:10:47.937411,,,,,,
SPK,50.5,50.49,50.51,50000000.0,50000000.0,80,2026-02-03 03:10:47.937411,,,,,,
EEC,44.31,44.3,44.32,50000000.0,50000000.0,80,2026-02-03 03:10:47.937411,,,,,,
TGX,43.47,43.46,43.48,50000000.0,50000000.0,81,2026-02-03 03:10:48.971911
PHR,48.08,48.07,48.09,50000000.0,50000000.0,81,2026-02-03 03:10:48.971911
BYL,40.19,40.18,40.2,50000000.0,50000000.0,81,2026-02-03 03:10:48.971911
CLD,68.31,68.3,68.32,50000000.0,50000000.0,81,2026-02-03 03:10:48.971911
GGD,30.8,30.79,30.81,50000000.0,50000000.0,81,2026-02-03 03:10:48.971911
PNR,60.52,60.51,60.53,50000000.0,50000000.0,81,2026-02-03 03:10:48.971911
FSR,30.81,30.8,30.82,50000000.0,50000000.0,81,2026-02-03 03:10:48.971911
ATB,61.11,61.1,61.12,50000000.0,50000000.0,81,2026-02-03 03:10:48.971911
SPK,50.63,50.62,50.64,50000000.0,50000000.0,81,2026-02-03 03:10:48.971911
EEC,44.55,44.54,44.56,50000000.0,50000000.0,81,2026-02-03 03:10:48.971911
TGX,43.42,43.41,43.43,50000000.0,50000000.0,82,2026-02-03 03:10:50.004093
PHR,48.0,47.99,48.01,50000000.0,50000000.0,82,2026-02-03 03:10:50.004093
BYL,40.04,40.03,40.05,50000000.0,50000000.0,82,2026-02-03 03:10:50.004093
CLD,67.97,67.96,67.98,50000000.0,50000000.0,82,2026-02-03 03:10:50.004093
GGD,30.79,30.78,30.8,50000000.0,50000000.0,82,2026-02-03 03:10:50.004093
PNR,60.42,60.41,60.43,50000000.0,50000000.0,82,2026-02-03 03:10:50.004093
FSR,30.83,30.82,30.84,50000000.0,50000000.0,82,2026-02-03 03:10:50.004093
ATB,61.14,61.13,61.15,50000000.0,50000000.0,82,2026-02-03 03:10:50.004093
SPK,50.73,50.72,50.74,50000000.0,50000000.0,82,2026-02-03 03:10:50.004093
EEC,44.62,44.61,44.63,50000000.0,50000000.0,82,2026-02-03 03:10:50.004093
TGX,43.44,43.43,43.45,50000000.0,50000000.0,83,2026-02-03 03:10:51.039361
PHR,48.12,48.11,48.13,50000000.0,50000000.0,83,2026-02-03 03:10:51.039361
BYL,39.53,39.52,39.54,50000000.0,50000000.0,83,2026-02-03 03:10:51.039361
CLD,66.86,66.85,66.87,50000000.0,50000000.0,83,2026-02-03 03:10:51.039361
GGD,30.68,30.67,30.69,50000000.0,50000000.0,83,2026-02-03 03:10:51.039361
PNR,60.63,60.62,60.64,50000000.0,50000000.0,83,2026-02-03 03:10:51.039361
FSR,30.84,30.83,30.85,50000000.0,50000000.0,83,2026-02-03 03:10:51.039361
ATB,60.9,60.89,60.91,50000000.0,50000000.0,83,2026-02-03 03:10:51.039361
SPK,50.46,50.45,50.47,50000000.0,50000000.0,83,2026-02-03 03:10:51.039361
EEC,44.08,44.07,44.09,50000000.0,50000000.0,83,2026-02-03 03:10:51.039361
TGX,43.46,43.45,43.47,50000000.0,50000000.0,84,2026-02-03 03:10:52.078952
PHR,48.15,48.14,48.16,50000000.0,50000000.0,84,2026-02-03 03:10:52.078952
BYL,39.41,39.4,39.42,50000000.0,50000000.0,84,2026-02-03 03:10:52.078952
CLD,66.65,66.64,66.66,50000000.0,50000000.0,84,2026-02-03 03:10:52.078952
GGD,30.78,30.77,30.79,50000000.0,50000000.0,84,2026-02-03 03:10:52.078952
PNR,60.79,60.78,60.8,50000000.0,50000000.0,84,2026-02-03 03:10:52.078952
FSR,30.84,30.83,30.85,50000000.0,50000000.0,84,2026-02-03 03:10:52.078952
ATB,61.19,61.18,61.2,50000000.0,50000000.0,84,2026-02-03 03:10:52.078952
SPK,50.3,50.29,50.31,50000000.0,50000000.0,84,2026-02-03 03:10:52.078952
EEC,43.86,43.85,43.87,50000000.0,50000000.0,84,2026-02-03 03:10:52.078952
TGX,43.41,43.4,43.42,50000000.0,50000000.0,85,2026-02-03 03:10:53.113100
PHR,48.17,48.16,48.18,50000000.0,50000000.0,85,2026-02-03 03:10:53.113100
BYL,39.43,39.42,39.44,50000000.0,50000000.0,85,2026-02-03 03:10:53.113100
CLD,66.67,66.66,66.68,50000000.0,50000000.0,85,2026-02-03 03:10:53.113100
GGD,30.76,30.75,30.77,50000000.0,50000000.0,85,2026-02-03 03:10:53.113100
PNR,61.06,61.05,61.07,50000000.0,50000000.0,85,2026-02-03 03:10:53.113100
FSR,30.86,30.85,30.87,50000000.0,50000000.0,85,2026-02-03 03:10:53.113100
ATB,61.3,61.29,61.31,50000000.0,50000000.0,85,2026-02-03 03:10:53.113100
SPK,49.99,49.98,50.0,50000000.0,50000000.0,85,2026-02-03 03:10:53.113100
EEC,43.31,43.3,43.32,50000000.0,50000000.0,85,2026-02-03 03:10:53.113100
TGX,43.41,43.4,43.42,50000000.0,50000000.0,86,2026-02-03 03:10:53.650602
PHR,48.33,48.32,48.34,50000000.0,50000000.0,86,2026-02-03 03:10:53.650602
BYL,39.48,39.47,39.49,50000000.0,50000000.0,86,2026-02-03 03:10:53.650602
CLD,66.87,66.86,66.88,50000000.0,50000000.0,86,2026-02-03 03:10:53.650602
GGD,30.71,30.7,30.72,50000000.0,50000000.0,86,2026-02-03 03:10:53.650602
PNR,60.99,60.98,61.0,50000000.0,50000000.0,86,2026-02-03 03:10:53.650602
FSR,30.89,30.88,30.9,50000000.0,50000000.0,86,2026-02-03 03:10:53.650602
ATB,61.37,61.36,61.38,50000000.0,50000000.0,86,2026-02-03 03:10:53.650602
SPK,50.02,50.01,50.03,50000000.0,50000000.0,86,2026-02-03 03:10:53.650602
EEC,43.38,43.37,43.39,50000000.0,50000000.0,86,2026-02-03 03:10:53.650602
TGX,43.31,43.3,43.32,50000000.0,50000000.0,87,2026-02-03 03:10:54.696376
PHR,48.3,48.29,48.31,50000000.0,50000000.0,87,2026-02-03 03:10:54.696376
BYL,39.58,39.57,39.59,50000000.0,50000000.0,87,2026-02-03 03:10:54.696376
CLD,67.09,67.08,67.1,50000000.0,50000000.0,87,2026-02-03 03:10:54.696376
GGD,30.73,30.72,30.74,50000000.0,50000000.0,87,2026-02-03 03:10:54.696376
PNR,60.89,60.88,60.9,50000000.0,50000000.0,87,2026-02-03 03:10:54.696376
FSR,30.92,30.91,30.93,50000000.0,50000000.0,87,2026-02-03 03:10:54.696376
ATB,61.51,61.5,61.52,50000000.0,50000000.0,87,2026-02-03 03:10:54.696376
SPK,50.02,50.01,50.03,50000000.0,50000000.0,87,2026-02-03 03:10:54.696376
EEC,43.48,43.47,43.49,50000000.0,50000000.0,87,2026-02-03 03:10:54.696376
TGX,43.36,43.35,43.37,50000000.0,50000000.0,88,2026-02-03 03:10:55.738604,7.0,1.0,87.0,D5-SPK/EEC,Sector Multiple Compression,Renewable energy valuations compress as interest rates rise and growth expectations moderate.
PHR,48.34,48.33,48.35,50000000.0,50000000.0,88,2026-02-03 03:10:55.738604,,,,,,
BYL,39.68,39.67,39.69,50000000.0,50000000.0,88,2026-02-03 03:10:55.738604,,,,,,
CLD,67.26,67.25,67.27,50000000.0,50000000.0,88,2026-02-03 03:10:55.738604,,,,,,
GGD,30.73,30.72,30.74,50000000.0,50000000.0,88,2026-02-03 03:10:55.738604,,,,,,
PNR,61.15,61.14,61.16,50000000.0,50000000.0,88,2026-02-03 03:10:55.738604,,,,,,
FSR,30.94,30.93,30.95,50000000.0,50000000.0,88,2026-02-03 03:10:55.738604,,,,,,
ATB,61.57,61.56,61.58,50000000.0,50000000.0,88,2026-02-03 03:10:55.738604,,,,,,
SPK,49.85,49.84,49.86,50000000.0,50000000.0,88,2026-02-03 03:10:55.738604,,,,,,
EEC,43.0,42.99,43.01,50000000.0,50000000.0,88,2026-02-03 03:10:55.738604,,,,,,
TGX,43.33,43.32,43.34,50000000.0,50000000.0,89,2026-02-03 03:10:56.783849,8.0,1.0,88.0,D3-GGD/PNR,Employee Retention Packages Offered,Retention agreements covering 85 key technical and operational personnel across both companies.
PHR,48.3,48.29,48.31,50000000.0,50000000.0,89,2026-02-03 03:10:56.783849,,,,,,
BYL,39.74,39.73,39.75,50000000.0,50000000.0,89,2026-02-03 03:10:56.783849,,,,,,
CLD,67.34,67.33,67.35,50000000.0,50000000.0,89,2026-02-03 03:10:56.783849,,,,,,
GGD,30.76,30.75,30.77,50000000.0,50000000.0,89,2026-02-03 03:10:56.783849,,,,,,
PNR,61.09,61.08,61.1,50000000.0,50000000.0,89,2026-02-03 03:10:56.783849,,,,,,
FSR,30.91,30.9,30.92,50000000.0,50000000.0,89,2026-02-03 03:10:56.783849,,,,,,
ATB,61.44,61.43,61.45,50000000.0,50000000.0,89,2026-02-03 03:10:56.783849,,,,,,
SPK,49.77,49.76,49.78,50000000.0,50000000.0,89,2026-02-03 03:10:56.783849,,,,,,
EEC,42.99,42.98,43.0,50000000.0,50000000.0,89,2026-02-03 03:10:56.783849,,,,,,
TGX,43.36,43.35,43.37,50000000.0,50000000.0,90,2026-02-03 03:10:57.828454
PHR,48.19,48.18,48.2,50000000.0,50000000.0,90,2026-02-03 03:10:57.828454
BYL,39.46,39.45,39.47,50000000.0,50000000.0,90,2026-02-03 03:10:57.828454
CLD,66.77,66.76,66.78,50000000.0,50000000.0,90,2026-02-03 03:10:57.828454
GGD,30.77,30.76,30.78,50000000.0,50000000.0,90,2026-02-03 03:10:57.828454
PNR,60.53,60.52,60.54,50000000.0,50000000.0,90,2026-02-03 03:10:57.828454
FSR,30.92,30.91,30.93,50000000.0,50000000.0,90,2026-02-03 03:10:57.828454
ATB,61.35,61.34,61.36,50000000.0,50000000.0,90,2026-02-03 03:10:57.828454
SPK,49.8,49.79,49.81,50000000.0,50000000.0,90,2026-02-03 03:10:57.828454
EEC,43.05,43.04,43.06,50000000.0,50000000.0,90,2026-02-03 03:10:57.828454
TGX,43.35,43.34,43.36,50000000.0,50000000.0,91,2026-02-03 03:10:58.873406
PHR,48.17,48.16,48.18,50000000.0,50000000.0,91,2026-02-03 03:10:58.873406
BYL,39.62,39.61,39.63,50000000.0,50000000.0,91,2026-02-03 03:10:58.873406
CLD,67.09,67.08,67.1,50000000.0,50000000.0,91,2026-02-03 03:10:58.873406
GGD,30.73,30.72,30.74,50000000.0,50000000.0,91,2026-02-03 03:10:58.873406
PNR,60.84,60.83,60.85,50000000.0,50000000.0,91,2026-02-03 03:10:58.873406
FSR,30.92,30.91,30.93,50000000.0,50000000.0,91,2026-02-03 03:10:58.873406
ATB,61.41,61.4,61.42,50000000.0,50000000.0,91,2026-02-03 03:10:58.873406
SPK,49.84,49.83,49.85,50000000.0,50000000.0,91,2026-02-03 03:10:58.873406
EEC,43.08,43.07,43.09,50000000.0,50000000.0,91,2026-02-03 03:10:58.873406
TGX,43.32,43.31,43.33,50000000.0,50000000.0,92,2026-02-03 03:11:00.029585
PHR,48.03,48.02,48.04,50000000.0,50000000.0,92,2026-02-03 03:11:00.029585
BYL,39.26,39.25,39.27,50000000.0,50000000.0,92,2026-02-03 03:11:00.029585
CLD,66.35,66.34,66.36,50000000.0,50000000.0,92,2026-02-03 03:11:00.029585
GGD,30.74,30.73,30.75,50000000.0,50000000.0,92,2026-02-03 03:11:00.029585
PNR,60.69,60.68,60.7,50000000.0,50000000.0,92,2026-02-03 03:11:00.029585
FSR,30.94,30.93,30.95,50000000.0,50000000.0,92,2026-02-03 03:11:00.029585
ATB,61.81,61.8,61.82,50000000.0,50000000.0,92,2026-02-03 03:11:00.029585
SPK,49.69,49.68,49.7,50000000.0,50000000.0,92,2026-02-03 03:11:00.029585
EEC,42.94,42.93,42.95,50000000.0,50000000.0,92,2026-02-03 03:11:00.029585
TGX,43.35,43.34,43.36,50000000.0,50000000.0,93,2026-02-03 03:11:01.142229
PHR,48.11,48.1,48.12,50000000.0,50000000.0,93,2026-02-03 03:11:01.142229
BYL,39.43,39.42,39.44,50000000.0,50000000.0,93,2026-02-03 03:11:01.142229
CLD,66.9,66.89,66.91,50000000.0,50000000.0,93,2026-02-03 03:11:01.142229
GGD,30.72,30.71,30.73,50000000.0,50000000.0,93,2026-02-03 03:11:01.142229
PNR,60.67,60.66,60.68,50000000.0,50000000.0,93,2026-02-03 03:11:01.142229
FSR,30.92,30.91,30.93,50000000.0,50000000.0,93,2026-02-03 03:11:01.142229
ATB,62.04,62.03,62.05,50000000.0,50000000.0,93,2026-02-03 03:11:01.142229
SPK,49.78,49.77,49.79,50000000.0,50000000.0,93,2026-02-03 03:11:01.142229
EEC,43.13,43.12,43.14,50000000.0,50000000.0,93,2026-02-03 03:11:01.142229
TGX,43.38,43.37,43.39,50000000.0,50000000.0,94,2026-02-03 03:11:02.183347
PHR,48.09,48.08,48.1,50000000.0,50000000.0,94,2026-02-03 03:11:02.183347
BYL,39.38,39.37,39.39,50000000.0,50000000.0,94,2026-02-03 03:11:02.183347
CLD,66.68,66.67,66.69,50000000.0,50000000.0,94,2026-02-03 03:11:02.183347
GGD,30.69,30.68,30.7,50000000.0,50000000.0,94,2026-02-03 03:11:02.183347
PNR,60.63,60.62,60.64,50000000.0,50000000.0,94,2026-02-03 03:11:02.183347
FSR,30.9,30.89,30.91,50000000.0,50000000.0,94,2026-02-03 03:11:02.183347
ATB,62.38,62.37,62.39,50000000.0,50000000.0,94,2026-02-03 03:11:02.183347
SPK,49.9,49.89,49.91,50000000.0,50000000.0,94,2026-02-03 03:11:02.183347
EEC,43.37,43.36,43.38,50000000.0,50000000.0,94,2026-02-03 03:11:02.183347
TGX,43.35,43.34,43.36,50000000.0,50000000.0,95,2026-02-03 03:11:02.723490
PHR,48.04,48.03,48.05,50000000.0,50000000.0,95,2026-02-03 03:11:02.723490
BYL,39.33,39.32,39.34,50000000.0,50000000.0,95,2026-02-03 03:11:02.723490
CLD,66.62,66.61,66.63,50000000.0,50000000.0,95,2026-02-03 03:11:02.723490
GGD,30.61,30.6,30.62,50000000.0,50000000.0,95,2026-02-03 03:11:02.723490
PNR,60.32,60.31,60.33,50000000.0,50000000.0,95,2026-02-03 03:11:02.723490
FSR,30.9,30.89,30.91,50000000.0,50000000.0,95,2026-02-03 03:11:02.723490
ATB,62.78,62.77,62.79,50000000.0,50000000.0,95,2026-02-03 03:11:02.723490
SPK,49.96,49.95,49.97,50000000.0,50000000.0,95,2026-02-03 03:11:02.723490
EEC,43.59,43.58,43.6,50000000.0,50000000.0,95,2026-02-03 03:11:02.723490
TGX,43.26,43.25,43.27,50000000.0,50000000.0,96,2026-02-03 03:11:03.766501
PHR,48.11,48.1,48.12,50000000.0,50000000.0,96,2026-02-03 03:11:03.766501
BYL,39.32,39.31,39.33,50000000.0,50000000.0,96,2026-02-03 03:11:03.766501
CLD,66.46,66.45,66.47,50000000.0,50000000.0,96,2026-02-03 03:11:03.766501
GGD,30.6,30.59,30.61,50000000.0,50000000.0,96,2026-02-03 03:11:03.766501
PNR,60.45,60.44,60.46,50000000.0,50000000.0,96,2026-02-03 03:11:03.766501
FSR,30.89,30.88,30.9,50000000.0,50000000.0,96,2026-02-03 03:11:03.766501
ATB,62.58,62.57,62.59,50000000.0,50000000.0,96,2026-02-03 03:11:03.766501
SPK,50.01,50.0,50.02,50000000.0,50000000.0,96,2026-02-03 03:11:03.766501
EEC,43.55,43.54,43.56,50000000.0,50000000.0,96,2026-02-03 03:11:03.766501
TGX,43.26,43.25,43.27,50000000.0,50000000.0,97,2026-02-03 03:11:04.811194
PHR,48.07,48.06,48.08,50000000.0,50000000.0,97,2026-02-03 03:11:04.811194
BYL,38.93,38.92,38.94,50000000.0,50000000.0,97,2026-02-03 03:11:04.811194
CLD,65.71,65.7,65.72,50000000.0,50000000.0,97,2026-02-03 03:11:04.811194
GGD,30.66,30.65,30.67,50000000.0,50000000.0,97,2026-02-03 03:11:04.811194
PNR,60.56,60.55,60.57,50000000.0,50000000.0,97,2026-02-03 03:11:04.811194
FSR,29.86,29.85,29.87,50000000.0,50000000.0,97,2026-02-03 03:11:04.811194
ATB,62.76,62.75,62.77,50000000.0,50000000.0,97,2026-02-03 03:11:04.811194
SPK,49.89,49.88,49.9,50000000.0,50000000.0,97,2026-02-03 03:11:04.811194
EEC,43.29,43.28,43.3,50000000.0,50000000.0,97,2026-02-03 03:11:04.811194
TGX,43.3,43.29,43.31,50000000.0,50000000.0,98,2026-02-03 03:11:05.857581
PHR,48.13,48.12,48.14,50000000.0,50000000.0,98,2026-02-03 03:11:05.857581
BYL,38.78,38.77,38.79,50000000.0,50000000.0,98,2026-02-03 03:11:05.857581
CLD,65.52,65.51,65.53,50000000.0,50000000.0,98,2026-02-03 03:11:05.857581
GGD,30.69,30.68,30.7,50000000.0,50000000.0,98,2026-02-03 03:11:05.857581
PNR,60.19,60.18,60.2,50000000.0,50000000.0,98,2026-02-03 03:11:05.857581
FSR,29.85,29.84,29.86,50000000.0,50000000.0,98,2026-02-03 03:11:05.857581
ATB,61.92,61.91,61.93,50000000.0,50000000.0,98,2026-02-03 03:11:05.857581
SPK,49.96,49.95,49.97,50000000.0,50000000.0,98,2026-02-03 03:11:05.857581
EEC,43.41,43.4,43.42,50000000.0,50000000.0,98,2026-02-03 03:11:05.857581
TGX,43.27,43.26,43.28,50000000.0,50000000.0,99,2026-02-03 03:11:06.890527
PHR,48.34,48.33,48.35,50000000.0,50000000.0,99,2026-02-03 03:11:06.890527
BYL,38.7,38.69,38.71,50000000.0,50000000.0,99,2026-02-03 03:11:06.890527
CLD,65.48,65.47,65.49,50000000.0,50000000.0,99,2026-02-03 03:11:06.890527
GGD,30.68,30.67,30.69,50000000.0,50000000.0,99,2026-02-03 03:11:06.890527
PNR,60.18,60.17,60.19,50000000.0,50000000.0,99,2026-02-03 03:11:06.890527
FSR,29.82,29.81,29.83,50000000.0,50000000.0,99,2026-02-03 03:11:06.890527
ATB,62.2,62.19,62.21,50000000.0,50000000.0,99,2026-02-03 03:11:06.890527
SPK,50.01,50.0,50.02,50000000.0,50000000.0,99,2026-02-03 03:11:06.890527
EEC,43.54,43.53,43.55,50000000.0,50000000.0,99,2026-02-03 03:11:06.890527
TGX,43.26,43.25,43.27,50000000.0,50000000.0,100,2026-02-03 03:11:07.928547
PHR,48.21,48.2,48.22,50000000.0,50000000.0,100,2026-02-03 03:11:07.928547
BYL,38.83,38.82,38.84,50000000.0,50000000.0,100,2026-02-03 03:11:07.928547
CLD,65.75,65.74,65.76,50000000.0,50000000.0,100,2026-02-03 03:11:07.928547
GGD,30.62,30.61,30.63,50000000.0,50000000.0,100,2026-02-03 03:11:07.928547
PNR,60.1,60.09,60.11,50000000.0,50000000.0,100,2026-02-03 03:11:07.928547
FSR,28.85,28.84,28.86,50000000.0,50000000.0,100,2026-02-03 03:11:07.928547
ATB,62.52,62.51,62.53,50000000.0,50000000.0,100,2026-02-03 03:11:07.928547
SPK,50.26,50.25,50.27,50000000.0,50000000.0,100,2026-02-03 03:11:07.928547
EEC,44.02,44.01,44.03,50000000.0,50000000.0,100,2026-02-03 03:11:07.928547
TGX,43.27,43.26,43.28,50000000.0,50000000.0,101,2026-02-03 03:11:08.963964
PHR,48.22,48.21,48.23,50000000.0,50000000.0,101,2026-02-03 03:11:08.963964
BYL,38.78,38.77,38.79,50000000.0,50000000.0,101,2026-02-03 03:11:08.963964
CLD,65.59,65.58,65.6,50000000.0,50000000.0,101,2026-02-03 03:11:08.963964
GGD,30.69,30.68,30.7,50000000.0,50000000.0,101,2026-02-03 03:11:08.963964
PNR,59.89,59.88,59.9,50000000.0,50000000.0,101,2026-02-03 03:11:08.963964
FSR,28.85,28.84,28.86,50000000.0,50000000.0,101,2026-02-03 03:11:08.963964
ATB,62.49,62.48,62.5,50000000.0,50000000.0,101,2026-02-03 03:11:08.963964
SPK,50.2,50.19,50.21,50000000.0,50000000.0,101,2026-02-03 03:11:08.963964
EEC,43.77,43.76,43.78,50000000.0,50000000.0,101,2026-02-03 03:11:08.963964
TGX,43.33,43.32,43.34,50000000.0,50000000.0,102,2026-02-03 03:11:10.002268
PHR,48.31,48.3,48.32,50000000.0,50000000.0,102,2026-02-03 03:11:10.002268
BYL,38.79,38.78,38.8,50000000.0,50000000.0,102,2026-02-03 03:11:10.002268
CLD,65.69,65.68,65.7,50000000.0,50000000.0,102,2026-02-03 03:11:10.002268
GGD,30.67,30.66,30.68,50000000.0,50000000.0,102,2026-02-03 03:11:10.002268
PNR,59.74,59.73,59.75,50000000.0,50000000.0,102,2026-02-03 03:11:10.002268
FSR,28.85,28.84,28.86,50000000.0,50000000.0,102,2026-02-03 03:11:10.002268
ATB,62.66,62.65,62.67,50000000.0,50000000.0,102,2026-02-03 03:11:10.002268
SPK,49.87,49.86,49.88,50000000.0,50000000.0,102,2026-02-03 03:11:10.002268
EEC,43.18,43.17,43.19,50000000.0,50000000.0,102,2026-02-03 03:11:10.002268
TGX,43.34,43.33,43.35,50000000.0,50000000.0,103,2026-02-03 03:11:11.041580
PHR,48.42,48.41,48.43,50000000.0,50000000.0,103,2026-02-03 03:11:11.041580
BYL,38.79,38.78,38.8,50000000.0,50000000.0,103,2026-02-03 03:11:11.041580
CLD,65.4,65.39,65.41,50000000.0,50000000.0,103,2026-02-03 03:11:11.041580
GGD,30.71,30.7,30.72,50000000.0,50000000.0,103,2026-02-03 03:11:11.041580
PNR,60.14,60.13,60.15,50000000.0,50000000.0,103,2026-02-03 03:11:11.041580
FSR,28.86,28.85,28.87,50000000.0,50000000.0,103,2026-02-03 03:11:11.041580
ATB,62.92,62.91,62.93,50000000.0,50000000.0,103,2026-02-03 03:11:11.041580
SPK,49.99,49.98,50.0,50000000.0,50000000.0,103,2026-02-03 03:11:11.041580
EEC,43.43,43.42,43.44,50000000.0,50000000.0,103,2026-02-03 03:11:11.041580
TGX,43.39,43.38,43.4,50000000.0,50000000.0,104,2026-02-03 03:11:12.076869
PHR,48.42,48.41,48.43,50000000.0,50000000.0,104,2026-02-03 03:11:12.076869
BYL,39.06,39.05,39.07,50000000.0,50000000.0,104,2026-02-03 03:11:12.076869
CLD,66.0,65.99,66.01,50000000.0,50000000.0,104,2026-02-03 03:11:12.076869
GGD,30.73,30.72,30.74,50000000.0,50000000.0,104,2026-02-03 03:11:12.076869
PNR,60.63,60.62,60.64,50000000.0,50000000.0,104,2026-02-03 03:11:12.076869
FSR,28.87,28.86,28.88,50000000.0,50000000.0,104,2026-02-03 03:11:12.076869
ATB,62.91,62.9,62.92,50000000.0,50000000.0,104,2026-02-03 03:11:12.076869
SPK,49.96,49.95,49.97,50000000.0,50000000.0,104,2026-02-03 03:11:12.076869
EEC,43.19,43.18,43.2,50000000.0,50000000.0,104,2026-02-03 03:11:12.076869
TGX,43.44,43.43,43.45,50000000.0,50000000.0,105,2026-02-03 03:11:13.115362
PHR,48.44,48.43,48.45,50000000.0,50000000.0,105,2026-02-03 03:11:13.115362
BYL,39.34,39.33,39.35,50000000.0,50000000.0,105,2026-02-03 03:11:13.115362
CLD,66.65,66.64,66.66,50000000.0,50000000.0,105,2026-02-03 03:11:13.115362
GGD,30.8,30.79,30.81,50000000.0,50000000.0,105,2026-02-03 03:11:13.115362
PNR,61.09,61.08,61.1,50000000.0,50000000.0,105,2026-02-03 03:11:13.115362
FSR,28.88,28.87,28.89,50000000.0,50000000.0,105,2026-02-03 03:11:13.115362
ATB,63.16,63.15,63.17,50000000.0,50000000.0,105,2026-02-03 03:11:13.115362
SPK,49.9,49.89,49.91,50000000.0,50000000.0,105,2026-02-03 03:11:13.115362
EEC,43.03,43.02,43.04,50000000.0,50000000.0,105,2026-02-03 03:11:13.115362
TGX,43.48,43.47,43.49,50000000.0,50000000.0,106,2026-02-03 03:11:14.151690
PHR,48.5,48.49,48.51,50000000.0,50000000.0,106,2026-02-03 03:11:14.151690
BYL,39.86,39.85,39.87,50000000.0,50000000.0,106,2026-02-03 03:11:14.151690
CLD,67.69,67.68,67.7,50000000.0,50000000.0,106,2026-02-03 03:11:14.151690
GGD,30.88,30.87,30.89,50000000.0,50000000.0,106,2026-02-03 03:11:14.151690
PNR,61.21,61.2,61.22,50000000.0,50000000.0,106,2026-02-03 03:11:14.151690
FSR,28.9,28.89,28.91,50000000.0,50000000.0,106,2026-02-03 03:11:14.151690
ATB,62.77,62.76,62.78,50000000.0,50000000.0,106,2026-02-03 03:11:14.151690
SPK,50.2,50.19,50.21,50000000.0,50000000.0,106,2026-02-03 03:11:14.151690
EEC,43.66,43.65,43.67,50000000.0,50000000.0,106,2026-02-03 03:11:14.151690
TGX,43.49,43.48,43.5,50000000.0,50000000.0,107,2026-02-03 03:11:15.191607
PHR,48.4,48.39,48.41,50000000.0,50000000.0,107,2026-02-03 03:11:15.191607
BYL,39.69,39.68,39.7,50000000.0,50000000.0,107,2026-02-03 03:11:15.191607
CLD,67.44,67.43,67.45,50000000.0,50000000.0,107,2026-02-03 03:11:15.191607
GGD,30.86,30.85,30.87,50000000.0,50000000.0,107,2026-02-03 03:11:15.191607
PNR,61.49,61.48,61.5,50000000.0,50000000.0,107,2026-02-03 03:11:15.191607
FSR,28.89,28.88,28.9,50000000.0,50000000.0,107,2026-02-03 03:11:15.191607
ATB,62.37,62.36,62.38,50000000.0,50000000.0,107,2026-02-03 03:11:15.191607
SPK,50.39,50.38,50.4,50000000.0,50000000.0,107,2026-02-03 03:11:15.191607
EEC,43.93,43.92,43.94,50000000.0,50000000.0,107,2026-02-03 03:11:15.191607
TGX,43.49,43.48,43.5,50000000.0,50000000.0,108,2026-02-03 03:11:16.227992
PHR,48.35,48.34,48.36,50000000.0,50000000.0,108,2026-02-03 03:11:16.227992
BYL,39.98,39.97,39.99,50000000.0,50000000.0,108,2026-02-03 03:11:16.227992
CLD,68.09,68.08,68.1,50000000.0,50000000.0,108,2026-02-03 03:11:16.227992
GGD,30.86,30.85,30.87,50000000.0,50000000.0,108,2026-02-03 03:11:16.227992
PNR,61.92,61.91,61.93,50000000.0,50000000.0,108,2026-02-03 03:11:16.227992
FSR,28.87,28.86,28.88,50000000.0,50000000.0,108,2026-02-03 03:11:16.227992
ATB,62.75,62.74,62.76,50000000.0,50000000.0,108,2026-02-03 03:11:16.227992
SPK,50.31,50.3,50.32,50000000.0,50000000.0,108,2026-02-03 03:11:16.227992
EEC,43.73,43.72,43.74,50000000.0,50000000.0,108,2026-02-03 03:11:16.227992
TGX,43.5,43.49,43.51,50000000.0,50000000.0,109,2026-02-03 03:11:16.772870
PHR,48.36,48.35,48.37,50000000.0,50000000.0,109,2026-02-03 03:11:16.772870
BYL,39.87,39.86,39.88,50000000.0,50000000.0,109,2026-02-03 03:11:16.772870
CLD,67.99,67.98,68.0,50000000.0,50000000.0,109,2026-02-03 03:11:16.772870
GGD,30.83,30.82,30.84,50000000.0,50000000.0,109,2026-02-03 03:11:16.772870
PNR,62.1,62.09,62.11,50000000.0,50000000.0,109,2026-02-03 03:11:16.772870
FSR,28.87,28.86,28.88,50000000.0,50000000.0,109,2026-02-03 03:11:16.772870
ATB,62.75,62.74,62.76,50000000.0,50000000.0,109,2026-02-03 03:11:16.772870
SPK,50.43,50.42,50.44,50000000.0,50000000.0,109,2026-02-03 03:11:16.772870
EEC,44.06,44.05,44.07,50000000.0,50000000.0,109,2026-02-03 03:11:16.772870
TGX,43.47,43.46,43.48,50000000.0,50000000.0,110,2026-02-03 03:11:17.846887
PHR,48.47,48.46,48.48,50000000.0,50000000.0,110,2026-02-03 03:11:17.846887
BYL,39.95,39.94,39.96,50000000.0,50000000.0,110,2026-02-03 03:11:17.846887
CLD,68.06,68.05,68.07,50000000.0,50000000.0,110,2026-02-03 03:11:17.846887
GGD,30.87,30.86,30.88,50000000.0,50000000.0,110,2026-02-03 03:11:17.846887
PNR,62.32,62.31,62.33,50000000.0,50000000.0,110,2026-02-03 03:11:17.846887
FSR,28.86,28.85,28.87,50000000.0,50000000.0,110,2026-02-03 03:11:17.846887
ATB,63.02,63.01,63.03,50000000.0,50000000.0,110,2026-02-03 03:11:17.846887
SPK,50.43,50.42,50.44,50000000.0,50000000.0,110,2026-02-03 03:11:17.846887
EEC,43.78,43.77,43.79,50000000.0,50000000.0,110,2026-02-03 03:11:17.846887
TGX,43.48,43.47,43.49,50000000.0,50000000.0,111,2026-02-03 03:11:18.882586
PHR,48.57,48.56,48.58,50000000.0,50000000.0,111,2026-02-03 03:11:18.882586
BYL,40.14,40.13,40.15,50000000.0,50000000.0,111,2026-02-03 03:11:18.882586
CLD,68.5,68.49,68.51,50000000.0,50000000.0,111,2026-02-03 03:11:18.882586
GGD,30.85,30.84,30.86,50000000.0,50000000.0,111,2026-02-03 03:11:18.882586
PNR,62.33,62.32,62.34,50000000.0,50000000.0,111,2026-02-03 03:11:18.882586
FSR,28.87,28.86,28.88,50000000.0,50000000.0,111,2026-02-03 03:11:18.882586
ATB,63.13,63.12,63.14,50000000.0,50000000.0,111,2026-02-03 03:11:18.882586
SPK,50.63,50.62,50.64,50000000.0,50000000.0,111,2026-02-03 03:11:18.882586
EEC,43.98,43.97,43.99,50000000.0,50000000.0,111,2026-02-03 03:11:18.882586
TGX,43.4,43.39,43.41,50000000.0,50000000.0,112,2026-02-03 03:11:19.915088
PHR,48.43,48.42,48.44,50000000.0,50000000.0,112,2026-02-03 03:11:19.915088
BYL,40.12,40.11,40.13,50000000.0,50000000.0,112,2026-02-03 03:11:19.915088
CLD,68.53,68.52,68.54,50000000.0,50000000.0,112,2026-02-03 03:11:19.915088
GGD,30.9,30.89,30.91,50000000.0,50000000.0,112,2026-02-03 03:11:19.915088
PNR,62.79,62.78,62.8,50000000.0,50000000.0,112,2026-02-03 03:11:19.915088
FSR,28.9,28.89,28.91,50000000.0,50000000.0,112,2026-02-03 03:11:19.915088
ATB,63.15,63.14,63.16,50000000.0,50000000.0,112,2026-02-03 03:11:19.915088
SPK,50.89,50.88,50.9,50000000.0,50000000.0,112,2026-02-03 03:11:19.915088
EEC,44.38,44.37,44.39,50000000.0,50000000.0,112,2026-02-03 03:11:19.915088
TGX,43.41,43.4,43.42,50000000.0,50000000.0,113,2026-02-03 03:11:20.945338
PHR,48.37,48.36,48.38,50000000.0,50000000.0,113,2026-02-03 03:11:20.945338
BYL,40.4,40.39,40.41,50000000.0,50000000.0,113,2026-02-03 03:11:20.945338
CLD,69.29,69.28,69.3,50000000.0,50000000.0,113,2026-02-03 03:11:20.945338
GGD,30.91,30.9,30.92,50000000.0,50000000.0,113,2026-02-03 03:11:20.945338
PNR,62.76,62.75,62.77,50000000.0,50000000.0,113,2026-02-03 03:11:20.945338
FSR,28.89,28.88,28.9,50000000.0,50000000.0,113,2026-02-03 03:11:20.945338
ATB,63.83,63.82,63.84,50000000.0,50000000.0,113,2026-02-03 03:11:20.945338
SPK,51.21,51.2,51.22,50000000.0,50000000.0,113,2026-02-03 03:11:20.945338
EEC,44.92,44.91,44.93,50000000.0,50000000.0,113,2026-02-03 03:11:20.945338
TGX,43.39,43.38,43.4,50000000.0,50000000.0,114,2026-02-03 03:11:21.974865
PHR,48.29,48.28,48.3,50000000.0,50000000.0,114,2026-02-03 03:11:21.974865
BYL,40.48,40.47,40.49,50000000.0,50000000.0,114,2026-02-03 03:11:21.974865
CLD,69.52,69.51,69.53,50000000.0,50000000.0,114,2026-02-03 03:11:21.974865
GGD,30.89,30.88,30.9,50000000.0,50000000.0,114,2026-02-03 03:11:21.974865
PNR,62.76,62.75,62.77,50000000.0,50000000.0,114,2026-02-03 03:11:21.974865
FSR,28.86,28.85,28.87,50000000.0,50000000.0,114,2026-02-03 03:11:21.974865
ATB,63.65,63.64,63.66,50000000.0,50000000.0,114,2026-02-03 03:11:21.974865
SPK,51.34,51.33,51.35,50000000.0,50000000.0,114,2026-02-03 03:11:21.974865
EEC,45.25,45.24,45.26,50000000.0,50000000.0,114,2026-02-03 03:11:21.974865
TGX,43.27,43.26,43.28,50000000.0,50000000.0,115,2026-02-03 03:11:23.014567
PHR,48.31,48.3,48.32,50000000.0,50000000.0,115,2026-02-03 03:11:23.014567
BYL,40.46,40.45,40.47,50000000.0,50000000.0,115,2026-02-03 03:11:23.014567
CLD,69.49,69.48,69.5,50000000.0,50000000.0,115,2026-02-03 03:11:23.014567
GGD,30.79,30.78,30.8,50000000.0,50000000.0,115,2026-02-03 03:11:23.014567
PNR,62.1,62.09,62.11,50000000.0,50000000.0,115,2026-02-03 03:11:23.014567
FSR,28.85,28.84,28.86,50000000.0,50000000.0,115,2026-02-03 03:11:23.014567
ATB,63.57,63.56,63.58,50000000.0,50000000.0,115,2026-02-03 03:11:23.014567
SPK,51.13,51.12,51.14,50000000.0,50000000.0,115,2026-02-03 03:11:23.014567
EEC,44.99,44.98,45.0,50000000.0,50000000.0,115,2026-02-03 03:11:23.014567
TGX,43.33,43.32,43.34,50000000.0,50000000.0,116,2026-02-03 03:11:24.045059
PHR,48.21,48.2,48.22,50000000.0,50000000.0,116,2026-02-03 03:11:24.045059
BYL,40.25,40.24,40.26,50000000.0,50000000.0,116,2026-02-03 03:11:24.045059
CLD,69.04,69.03,69.05,50000000.0,50000000.0,116,2026-02-03 03:11:24.045059
GGD,30.77,30.76,30.78,50000000.0,50000000.0,116,2026-02-03 03:11:24.045059
PNR,62.01,62.0,62.02,50000000.0,50000000.0,116,2026-02-03 03:11:24.045059
FSR,28.82,28.81,28.83,50000000.0,50000000.0,116,2026-02-03 03:11:24.045059
ATB,63.44,63.43,63.45,50000000.0,50000000.0,116,2026-02-03 03:11:24.045059
SPK,51.28,51.27,51.29,50000000.0,50000000.0,116,2026-02-03 03:11:24.045059
EEC,45.31,45.3,45.32,50000000.0,50000000.0,116,2026-02-03 03:11:24.045059
TGX,43.31,43.3,43.32,50000000.0,50000000.0,117,2026-02-03 03:11:25.080005
PHR,48.15,48.14,48.16,50000000.0,50000000.0,117,2026-02-03 03:11:25.080005
BYL,40.39,40.38,40.4,50000000.0,50000000.0,117,2026-02-03 03:11:25.080005
CLD,69.23,69.22,69.24,50000000.0,50000000.0,117,2026-02-03 03:11:25.080005
GGD,30.79,30.78,30.8,50000000.0,50000000.0,117,2026-02-03 03:11:25.080005
PNR,62.02,62.01,62.03,50000000.0,50000000.0,117,2026-02-03 03:11:25.080005
FSR,28.84,28.83,28.85,50000000.0,50000000.0,117,2026-02-03 03:11:25.080005
ATB,63.77,63.76,63.78,50000000.0,50000000.0,117,2026-02-03 03:11:25.080005
SPK,51.29,51.28,51.3,50000000.0,50000000.0,117,2026-02-03 03:11:25.080005
EEC,45.41,45.4,45.42,50000000.0,50000000.0,117,2026-02-03 03:11:25.080005
TGX,43.21,43.2,43.22,50000000.0,50000000.0,118,2026-02-03 03:11:26.114523
PHR,48.02,48.01,48.03,50000000.0,50000000.0,118,2026-02-03 03:11:26.114523
BYL,40.38,40.37,40.39,50000000.0,50000000.0,118,2026-02-03 03:11:26.114523
CLD,69.21,69.2,69.22,50000000.0,50000000.0,118,2026-02-03 03:11:26.114523
GGD,30.78,30.77,30.79,50000000.0,50000000.0,118,2026-02-03 03:11:26.114523
PNR,62.12,62.11,62.13,50000000.0,50000000.0,118,2026-02-03 03:11:26.114523
FSR,28.84,28.83,28.85,50000000.0,50000000.0,118,2026-02-03 03:11:26.114523
ATB,63.73,63.72,63.74,50000000.0,50000000.0,118,2026-02-03 03:11:26.114523
SPK,51.0,50.99,51.01,50000000.0,50000000.0,118,2026-02-03 03:11:26.114523
EEC,45.06,45.05,45.07,50000000.0,50000000.0,118,2026-02-03 03:11:26.114523
TGX,43.24,43.23,43.25,50000000.0,50000000.0,119,2026-02-03 03:11:27.153374
PHR,48.18,48.17,48.19,50000000.0,50000000.0,119,2026-02-03 03:11:27.153374
BYL,40.46,40.45,40.47,50000000.0,50000000.0,119,2026-02-03 03:11:27.153374
CLD,69.59,69.58,69.6,50000000.0,50000000.0,119,2026-02-03 03:11:27.153374
GGD,30.76,30.75,30.77,50000000.0,50000000.0,119,2026-02-03 03:11:27.153374
PNR,62.04,62.03,62.05,50000000.0,50000000.0,119,2026-02-03 03:11:27.153374
FSR,28.85,28.84,28.86,50000000.0,50000000.0,119,2026-02-03 03:11:27.153374
ATB,63.3,63.29,63.31,50000000.0,50000000.0,119,2026-02-03 03:11:27.153374
SPK,50.64,50.63,50.65,50000000.0,50000000.0,119,2026-02-03 03:11:27.153374
EEC,44.43,44.42,44.44,50000000.0,50000000.0,119,2026-02-03 03:11:27.153374
TGX,43.3,43.29,43.31,50000000.0,50000000.0,120,2026-02-03 03:11:28.189511
PHR,48.03,48.02,48.04,50000000.0,50000000.0,120,2026-02-03 03:11:28.189511
BYL,40.55,40.54,40.56,50000000.0,50000000.0,120,2026-02-03 03:11:28.189511
CLD,69.95,69.94,69.96,50000000.0,50000000.0,120,2026-02-03 03:11:28.189511
GGD,30.77,30.76,30.78,50000000.0,50000000.0,120,2026-02-03 03:11:28.189511
PNR,62.29,62.28,62.3,50000000.0,50000000.0,120,2026-02-03 03:11:28.189511
FSR,28.83,28.82,28.84,50000000.0,50000000.0,120,2026-02-03 03:11:28.189511
ATB,62.97,62.96,62.98,50000000.0,50000000.0,120,2026-02-03 03:11:28.189511
SPK,50.45,50.44,50.46,50000000.0,50000000.0,120,2026-02-03 03:11:28.189511
EEC,44.11,44.1,44.12,50000000.0,50000000.0,120,2026-02-03 03:11:28.189511
TGX,43.22,43.21,43.23,50000000.0,50000000.0,121,2026-02-03 03:11:29.228621
PHR,48.22,48.21,48.23,50000000.0,50000000.0,121,2026-02-03 03:11:29.228621
BYL,40.7,40.69,40.71,50000000.0,50000000.0,121,2026-02-03 03:11:29.228621
CLD,70.35,70.34,70.36,50000000.0,50000000.0,121,2026-02-03 03:11:29.228621
GGD,30.75,30.74,30.76,50000000.0,50000000.0,121,2026-02-03 03:11:29.228621
PNR,62.49,62.48,62.5,50000000.0,50000000.0,121,2026-02-03 03:11:29.228621
FSR,28.81,28.8,28.82,50000000.0,50000000.0,121,2026-02-03 03:11:29.228621
ATB,62.9,62.89,62.91,50000000.0,50000000.0,121,2026-02-03 03:11:29.228621
SPK,50.69,50.68,50.7,50000000.0,50000000.0,121,2026-02-03 03:11:29.228621
EEC,44.44,44.43,44.45,50000000.0,50000000.0,121,2026-02-03 03:11:29.228621
TGX,43.28,43.27,43.29,50000000.0,50000000.0,122,2026-02-03 03:11:30.266822
PHR,48.02,48.01,48.03,50000000.0,50000000.0,122,2026-02-03 03:11:30.266822
BYL,40.98,40.97,40.99,50000000.0,50000000.0,122,2026-02-03 03:11:30.266822
CLD,70.88,70.87,70.89,50000000.0,50000000.0,122,2026-02-03 03:11:30.266822
GGD,30.79,30.78,30.8,50000000.0,50000000.0,122,2026-02-03 03:11:30.266822
PNR,62.81,62.8,62.82,50000000.0,50000000.0,122,2026-02-03 03:11:30.266822
FSR,28.78,28.77,28.79,50000000.0,50000000.0,122,2026-02-03 03:11:30.266822
ATB,62.86,62.85,62.87,50000000.0,50000000.0,122,2026-02-03 03:11:30.266822
SPK,50.62,50.61,50.63,50000000.0,50000000.0,122,2026-02-03 03:11:30.266822
EEC,44.33,44.32,44.34,50000000.0,50000000.0,122,2026-02-03 03:11:30.266822
TGX,43.22,43.21,43.23,50000000.0,50000000.0,123,2026-02-03 03:11:30.868228
PHR,48.1,48.09,48.11,50000000.0,50000000.0,123,2026-02-03 03:11:30.868228
BYL,41.2,41.19,41.21,50000000.0,50000000.0,123,2026-02-03 03:11:30.868228
CLD,71.23,71.22,71.24,50000000.0,50000000.0,123,2026-02-03 03:11:30.868228
GGD,30.75,30.74,30.76,50000000.0,50000000.0,123,2026-02-03 03:11:30.868228
PNR,62.42,62.41,62.43,50000000.0,50000000.0,123,2026-02-03 03:11:30.868228
FSR,28.79,28.78,28.8,50000000.0,50000000.0,123,2026-02-03 03:11:30.868228
ATB,63.09,63.08,63.1,50000000.0,50000000.0,123,2026-02-03 03:11:30.868228
SPK,50.45,50.44,50.46,50000000.0,50000000.0,123,2026-02-03 03:11:30.868228
EEC,44.18,44.17,44.19,50000000.0,50000000.0,123,2026-02-03 03:11:30.868228
TGX,43.27,43.26,43.28,50000000.0,50000000.0,124,2026-02-03 03:11:31.938745
PHR,48.07,48.06,48.08,50000000.0,50000000.0,124,2026-02-03 03:11:31.938745
BYL,41.28,41.27,41.29,50000000.0,50000000.0,124,2026-02-03 03:11:31.938745
CLD,71.3,71.29,71.31,50000000.0,50000000.0,124,2026-02-03 03:11:31.938745
GGD,30.82,30.81,30.83,50000000.0,50000000.0,124,2026-02-03 03:11:31.938745
PNR,62.58,62.57,62.59,50000000.0,50000000.0,124,2026-02-03 03:11:31.938745
FSR,28.78,28.77,28.79,50000000.0,50000000.0,124,2026-02-03 03:11:31.938745
ATB,63.59,63.58,63.6,50000000.0,50000000.0,124,2026-02-03 03:11:31.938745
SPK,50.19,50.18,50.2,50000000.0,50000000.0,124,2026-02-03 03:11:31.938745
EEC,43.61,43.6,43.62,50000000.0,50000000.0,124,2026-02-03 03:11:31.938745
TGX,43.24,43.23,43.25,50000000.0,50000000.0,125,2026-02-03 03:11:32.973735
PHR,48.16,48.15,48.17,50000000.0,50000000.0,125,2026-02-03 03:11:32.973735
BYL,41.65,41.64,41.66,50000000.0,50000000.0,125,2026-02-03 03:11:32.973735
CLD,72.21,72.2,72.22,50000000.0,50000000.0,125,2026-02-03 03:11:32.973735
GGD,30.91,30.9,30.92,50000000.0,50000000.0,125,2026-02-03 03:11:32.973735
PNR,62.88,62.87,62.89,50000000.0,50000000.0,125,2026-02-03 03:11:32.973735
FSR,28.78,28.77,28.79,50000000.0,50000000.0,125,2026-02-03 03:11:32.973735
ATB,63.56,63.55,63.57,50000000.0,50000000.0,125,2026-02-03 03:11:32.973735
SPK,50.07,50.06,50.08,50000000.0,50000000.0,125,2026-02-03 03:11:32.973735
EEC,43.36,43.35,43.37,50000000.0,50000000.0,125,2026-02-03 03:11:32.973735
TGX,43.21,43.2,43.22,50000000.0,50000000.0,126,2026-02-03 03:11:34.010678
PHR,48.05,48.04,48.06,50000000.0,50000000.0,126,2026-02-03 03:11:34.010678
BYL,41.75,41.74,41.76,50000000.0,50000000.0,126,2026-02-03 03:11:34.010678
CLD,72.47,72.46,72.48,50000000.0,50000000.0,126,2026-02-03 03:11:34.010678
GGD,30.92,30.91,30.93,50000000.0,50000000.0,126,2026-02-03 03:11:34.010678
PNR,62.74,62.73,62.75,50000000.0,50000000.0,126,2026-02-03 03:11:34.010678
FSR,28.75,28.74,28.76,50000000.0,50000000.0,126,2026-02-03 03:11:34.010678
ATB,64.28,64.27,64.29,50000000.0,50000000.0,126,2026-02-03 03:11:34.010678
SPK,50.04,50.03,50.05,50000000.0,50000000.0,126,2026-02-03 03:11:34.010678
EEC,43.2,43.19,43.21,50000000.0,50000000.0,126,2026-02-03 03:11:34.010678
TGX,43.29,43.28,43.3,50000000.0,50000000.0,127,2026-02-03 03:11:35.050630
PHR,48.05,48.04,48.06,50000000.0,50000000.0,127,2026-02-03 03:11:35.050630
BYL,41.75,41.74,41.76,50000000.0,50000000.0,127,2026-02-03 03:11:35.050630
CLD,72.31,72.3,72.32,50000000.0,50000000.0,127,2026-02-03 03:11:35.050630
GGD,30.84,30.83,30.85,50000000.0,50000000.0,127,2026-02-03 03:11:35.050630
PNR,62.41,62.4,62.42,50000000.0,50000000.0,127,2026-02-03 03:11:35.050630
FSR,28.75,28.74,28.76,50000000.0,50000000.0,127,2026-02-03 03:11:35.050630
ATB,64.7,64.69,64.71,50000000.0,50000000.0,127,2026-02-03 03:11:35.050630
SPK,50.03,50.02,50.04,50000000.0,50000000.0,127,2026-02-03 03:11:35.050630
EEC,43.14,43.13,43.15,50000000.0,50000000.0,127,2026-02-03 03:11:35.050630
TGX,43.19,43.18,43.2,50000000.0,50000000.0,128,2026-02-03 03:11:36.087562
PHR,47.94,47.93,47.95,50000000.0,50000000.0,128,2026-02-03 03:11:36.087562
BYL,41.96,41.95,41.97,50000000.0,50000000.0,128,2026-02-03 03:11:36.087562
CLD,72.53,72.52,72.54,50000000.0,50000000.0,128,2026-02-03 03:11:36.087562
GGD,30.86,30.85,30.87,50000000.0,50000000.0,128,2026-02-03 03:11:36.087562
PNR,62.38,62.37,62.39,50000000.0,50000000.0,128,2026-02-03 03:11:36.087562
FSR,28.72,28.71,28.73,50000000.0,50000000.0,128,2026-02-03 03:11:36.087562
ATB,64.69,64.68,64.7,50000000.0,50000000.0,128,2026-02-03 03:11:36.087562
SPK,50.22,50.21,50.23,50000000.0,50000000.0,128,2026-02-03 03:11:36.087562
EEC,43.37,43.36,43.38,50000000.0,50000000.0,128,2026-02-03 03:11:36.087562
TGX,43.22,43.21,43.23,50000000.0,50000000.0,129,2026-02-03 03:11:37.122494
PHR,47.95,47.94,47.96,50000000.0,50000000.0,129,2026-02-03 03:11:37.122494
BYL,41.97,41.96,41.98,50000000.0,50000000.0,129,2026-02-03 03:11:37.122494
CLD,72.49,72.48,72.5,50000000.0,50000000.0,129,2026-02-03 03:11:37.122494
GGD,30.9,30.89,30.91,50000000.0,50000000.0,129,2026-02-03 03:11:37.122494
PNR,62.26,62.25,62.27,50000000.0,50000000.0,129,2026-02-03 03:11:37.122494
FSR,28.74,28.73,28.75,50000000.0,50000000.0,129,2026-02-03 03:11:37.122494
ATB,64.36,64.35,64.37,50000000.0,50000000.0,129,2026-02-03 03:11:37.122494
SPK,50.13,50.12,50.14,50000000.0,50000000.0,129,2026-02-03 03:11:37.122494
EEC,43.34,43.33,43.35,50000000.0,50000000.0,129,2026-02-03 03:11:37.122494
TGX,43.22,43.21,43.23,50000000.0,50000000.0,130,2026-02-03 03:11:38.154673,9.0,1.0,129.0,D1-TGX/PHR,UK CMA Provisionally Clears Deal,The UK Competition and Markets Authority has issued a provisional finding that the transaction does not raise substantial competition concerns in UK markets.
PHR,47.95,47.94,47.96,50000000.0,50000000.0,130,2026-02-03 03:11:38.154673,,,,,,
BYL,42.06,42.05,42.07,50000000.0,50000000.0,130,2026-02-03 03:11:38.154673,,,,,,
CLD,72.51,72.5,72.52,50000000.0,50000000.0,130,2026-02-03 03:11:38.154673,,,,,,
GGD,30.91,30.9,30.92,50000000.0,50000000.0,130,2026-02-03 03:11:38.154673,,,,,,
PNR,62.25,62.24,62.26,50000000.0,50000000.0,130,2026-02-03 03:11:38.154673,,,,,,
FSR,28.76,28.75,28.77,50000000.0,50000000.0,130,2026-02-03 03:11:38.154673,,,,,,
ATB,64.85,64.84,64.86,50000000.0,50000000.0,130,2026-02-03 03:11:38.154673,,,,,,
SPK,49.94,49.93,49.95,50000000.0,50000000.0,130,2026-02-03 03:11:38.154673,,,,,,
EEC,43.03,43.02,43.04,50000000.0,50000000.0,130,2026-02-03 03:11:38.154673,,,,,,
TGX,43.17,43.16,43.18,50000000.0,50000000.0,131,2026-02-03 03:11:39.190777,10.0,1.0,130.0,D4-FSR/ATB,Strong Quarterly Results Reported,Atlas Bank reports better-than-expected earnings with stable deposit base and improving NIM.
PHR,47.99,47.98,48.0,50000000.0,50000000.0,131,2026-02-03 03:11:39.190777,,,,,,
BYL,41.67,41.66,41.68,50000000.0,50000000.0,131,2026-02-03 03:11:39.190777,,,,,,
CLD,71.68,71.67,71.69,50000000.0,50000000.0,131,2026-02-03 03:11:39.190777,,,,,,
GGD,30.89,30.88,30.9,50000000.0,50000000.0,131,2026-02-03 03:11:39.190777,,,,,,
PNR,62.3,62.29,62.31,50000000.0,50000000.0,131,2026-02-03 03:11:39.190777,,,,,,
FSR,28.77,28.76,28.78,50000000.0,50000000.0,131,2026-02-03 03:11:39.190777,,,,,,
ATB,64.51,64.5,64.52,50000000.0,50000000.0,131,2026-02-03 03:11:39.190777,,,,,,
SPK,49.91,49.9,49.92,50000000.0,50000000.0,131,2026-02-03 03:11:39.190777,,,,,,
