ticker,last_price,bid_price,ask_price,BUY_ZUAI-5,BUY_ZUAI-2,SELL_ZUAI-5,BUY_ANON,SELL_ANON,SELL_WRSW-6,BUY_OTWA-1,BUY_WRSW-6,tick,timestamp
TGX,0.0,0.0,0.0,0,0,0,0,0,0,0,0,0,2026-02-03 19:21:52.068425
PHR,0.0,0.0,0.0,0,0,0,0,0,0,0,0,0,2026-02-03 19:21:52.068425
BYL,0.0,0.0,0.0,0,0,0,0,0,0,0,0,0,2026-02-03 19:21:52.068425
CLD,0.0,0.0,0.0,0,0,0,0,0,0,0,0,0,2026-02-03 19:21:52.068425
GGD,0.0,0.0,0.0,0,0,0,0,0,0,0,0,0,2026-02-03 19:21:52.068425
PNR,0.0,0.0,0.0,0,0,0,0,0,0,0,0,0,2026-02-03 19:21:52.068425
FSR,0.0,0.0,0.0,0,0,0,0,0,0,0,0,0,2026-02-03 19:21:52.068425
ATB,0.0,0.0,0.0,0,0,0,0,0,0,0,0,0,2026-02-03 19:21:52.068425
SPK,0.0,0.0,0.0,0,0,0,0,0,0,0,0,0,2026-02-03 19:21:52.068425
EEC,0.0,0.0,0.0,0,0,0,0,0,0,0,0,0,2026-02-03 19:21:52.068425
TGX,43.73,0.0,0.0,50000000.0,50000000.0,0,0,0,0,0,0,1,2026-02-03 19:21:52.604403,1.0,1.0,1.0,,Welcome to the RITC 2026 Merger Arbitrage Case - practice server,Good Luck!
PHR,47.5,0.0,0.0,50000000.0,50000000.0,0,0,0,0,0,0,1,2026-02-03 19:21:52.604403,,,,,,
BYL,43.43,0.0,0.0,50000000.0,50000000.0,0,0,0,0,0,0,1,2026-02-03 19:21:52.604403,,,,,,
CLD,79.3,0.0,0.0,50000000.0,50000000.0,0,0,0,0,0,0,1,2026-02-03 19:21:52.604403,,,,,,
GGD,31.54,0.0,0.0,50000000.0,50000000.0,0,0,0,0,0,0,1,2026-02-03 19:21:52.604403,,,,,,
PNR,59.8,0.0,0.0,50000000.0,50000000.0,0,0,0,0,0,0,1,2026-02-03 19:21:52.604403,,,,,,
FSR,30.46,0.0,0.0,50000000.0,50000000.0,0,0,0,0,0,0,1,2026-02-03 19:21:52.604403,,,,,,
ATB,62.2,0.0,0.0,50000000.0,50000000.0,0,0,0,0,0,0,1,2026-02-03 19:21:52.604403,,,,,,
SPK,52.77,0.0,0.0,50000000.0,50000000.0,0,0,0,0,0,0,1,2026-02-03 19:21:52.604403,,,,,,
EEC,48.0,0.0,0.0,50000000.0,50000000.0,0,0,0,0,0,0,1,2026-02-03 19:21:52.604403,,,,,,
TGX,43.71,43.7,43.72,50000000.0,50000000.0,0,0,0,0,0,0,2,2026-02-03 19:21:53.658427
PHR,47.38,47.37,47.39,50000000.0,50000000.0,0,0,0,0,0,0,2,2026-02-03 19:21:53.658427
BYL,43.46,43.45,43.47,50000000.0,50000000.0,0,0,0,0,0,0,2,2026-02-03 19:21:53.658427
CLD,79.35,79.34,79.36,50000000.0,50000000.0,0,0,0,0,0,0,2,2026-02-03 19:21:53.658427
GGD,31.52,31.51,31.53,50000000.0,50000000.0,0,0,0,0,0,0,2,2026-02-03 19:21:53.658427
PNR,59.57,59.56,59.58,50000000.0,50000000.0,0,0,0,0,0,0,2,2026-02-03 19:21:53.658427
FSR,30.46,30.45,30.47,50000000.0,50000000.0,0,0,0,0,0,0,2,2026-02-03 19:21:53.658427
ATB,61.9,61.89,61.91,50000000.0,50000000.0,0,0,0,0,0,0,2,2026-02-03 19:21:53.658427
SPK,52.56,52.55,52.57,50000000.0,50000000.0,0,0,0,0,0,0,2,2026-02-03 19:21:53.658427
EEC,47.64,47.63,47.65,50000000.0,50000000.0,0,0,0,0,0,0,2,2026-02-03 19:21:53.658427
TGX,43.72,43.71,43.73,50000000.0,50000000.0,0,0,0,0,0,0,3,2026-02-03 19:21:54.236360
PHR,46.9,46.89,46.91,50000000.0,50000000.0,0,0,0,0,0,0,3,2026-02-03 19:21:54.236360
BYL,43.48,43.47,43.49,50000000.0,50000000.0,0,0,0,0,0,0,3,2026-02-03 19:21:54.236360
CLD,79.42,79.41,79.43,50000000.0,50000000.0,0,0,0,0,0,0,3,2026-02-03 19:21:54.236360
GGD,31.59,31.58,31.6,50000000.0,50000000.0,0,0,0,0,0,0,3,2026-02-03 19:21:54.236360
PNR,59.81,59.8,59.82,50000000.0,50000000.0,0,0,0,0,0,0,3,2026-02-03 19:21:54.236360
FSR,30.5,30.49,30.51,50000000.0,50000000.0,0,0,0,0,0,0,3,2026-02-03 19:21:54.236360
ATB,61.79,61.78,61.8,50000000.0,50000000.0,0,0,0,0,0,0,3,2026-02-03 19:21:54.236360
SPK,52.71,52.7,52.72,50000000.0,50000000.0,0,0,0,0,0,0,3,2026-02-03 19:21:54.236360
EEC,47.94,47.93,47.95,50000000.0,50000000.0,0,0,0,0,0,0,3,2026-02-03 19:21:54.236360
TGX,43.73,43.72,43.74,50000000.0,50000000.0,0,0,0,0,0,0,4,2026-02-03 19:21:55.266883
PHR,47.14,47.13,47.15,50000000.0,50000000.0,0,0,0,0,0,0,4,2026-02-03 19:21:55.266883
BYL,43.48,43.47,43.49,50000000.0,50000000.0,0,0,0,0,0,0,4,2026-02-03 19:21:55.266883
CLD,79.43,79.42,79.44,50000000.0,50000000.0,0,0,0,0,0,0,4,2026-02-03 19:21:55.266883
GGD,31.56,31.55,31.57,50000000.0,50000000.0,0,0,0,0,0,0,4,2026-02-03 19:21:55.266883
PNR,59.83,59.82,59.84,50000000.0,50000000.0,0,0,0,0,0,0,4,2026-02-03 19:21:55.266883
FSR,30.51,30.5,30.52,50000000.0,50000000.0,0,0,0,0,0,0,4,2026-02-03 19:21:55.266883
ATB,61.92,61.91,61.93,50000000.0,50000000.0,0,0,0,0,0,0,4,2026-02-03 19:21:55.266883
SPK,52.86,52.85,52.87,50000000.0,50000000.0,0,0,0,0,0,0,4,2026-02-03 19:21:55.266883
EEC,48.05,48.04,48.06,50000000.0,50000000.0,0,0,0,0,0,0,4,2026-02-03 19:21:55.266883
TGX,43.73,43.72,43.74,50000000.0,50000000.0,0,0,0,0,0,0,5,2026-02-03 19:21:56.295843
PHR,47.35,47.34,47.36,50000000.0,50000000.0,0,0,0,0,0,0,5,2026-02-03 19:21:56.295843
BYL,43.48,43.47,43.49,50000000.0,50000000.0,0,0,0,0,0,0,5,2026-02-03 19:21:56.295843
CLD,79.41,79.4,79.42,50000000.0,50000000.0,0,0,0,0,0,0,5,2026-02-03 19:21:56.295843
GGD,31.62,31.61,31.63,50000000.0,50000000.0,0,0,0,0,0,0,5,2026-02-03 19:21:56.295843
PNR,60.08,60.07,60.09,50000000.0,50000000.0,0,0,0,0,0,0,5,2026-02-03 19:21:56.295843
FSR,30.54,30.53,30.55,50000000.0,50000000.0,0,0,0,0,0,0,5,2026-02-03 19:21:56.295843
ATB,61.63,61.62,61.64,50000000.0,50000000.0,0,0,0,0,0,0,5,2026-02-03 19:21:56.295843
SPK,52.81,52.8,52.82,50000000.0,50000000.0,0,0,0,0,0,0,5,2026-02-03 19:21:56.295843
EEC,47.99,47.98,48.0,50000000.0,50000000.0,0,0,0,0,0,0,5,2026-02-03 19:21:56.295843
TGX,43.74,43.73,43.75,50000000.0,50000000.0,0,0,0,0,0,0,6,2026-02-03 19:21:57.324389
PHR,47.47,47.46,47.48,50000000.0,50000000.0,0,0,0,0,0,0,6,2026-02-03 19:21:57.324389
BYL,43.32,43.31,43.33,50000000.0,50000000.0,0,0,0,0,0,0,6,2026-02-03 19:21:57.324389
CLD,79.1,79.09,79.11,50000000.0,50000000.0,0,0,0,0,0,0,6,2026-02-03 19:21:57.324389
GGD,31.65,31.64,31.66,50000000.0,50000000.0,0,0,0,0,0,0,6,2026-02-03 19:21:57.324389
PNR,60.2,60.19,60.21,50000000.0,50000000.0,0,0,0,0,0,0,6,2026-02-03 19:21:57.324389
FSR,30.53,30.52,30.54,50000000.0,50000000.0,0,0,0,0,0,0,6,2026-02-03 19:21:57.324389
ATB,61.37,61.36,61.38,50000000.0,50000000.0,0,0,0,0,0,0,6,2026-02-03 19:21:57.324389
SPK,53.12,53.11,53.13,50000000.0,50000000.0,0,0,0,0,0,0,6,2026-02-03 19:21:57.324389
EEC,48.65,48.64,48.66,50000000.0,50000000.0,0,0,0,0,0,0,6,2026-02-03 19:21:57.324389
TGX,43.74,43.73,43.75,50000000.0,50000000.0,0,0,0,0,0,0,7,2026-02-03 19:21:58.355271
PHR,47.68,47.67,47.69,50000000.0,50000000.0,0,0,0,0,0,0,7,2026-02-03 19:21:58.355271
BYL,43.3,43.29,43.31,50000000.0,50000000.0,0,0,0,0,0,0,7,2026-02-03 19:21:58.355271
CLD,79.1,79.09,79.11,50000000.0,50000000.0,0,0,0,0,0,0,7,2026-02-03 19:21:58.355271
GGD,31.65,31.64,31.66,50000000.0,50000000.0,0,0,0,0,0,0,7,2026-02-03 19:21:58.355271
PNR,60.18,60.17,60.19,50000000.0,50000000.0,0,0,0,0,0,0,7,2026-02-03 19:21:58.355271
FSR,30.53,30.52,30.54,50000000.0,50000000.0,0,0,0,0,0,0,7,2026-02-03 19:21:58.355271
ATB,61.39,61.38,61.4,50000000.0,50000000.0,0,0,0,0,0,0,7,2026-02-03 19:21:58.355271
SPK,53.16,53.15,53.17,50000000.0,50000000.0,0,0,0,0,0,0,7,2026-02-03 19:21:58.355271
EEC,48.45,48.44,48.46,50000000.0,50000000.0,0,0,0,0,0,0,7,2026-02-03 19:21:58.355271
TGX,43.75,43.74,43.76,50000000.0,50000000.0,0,0,0,0,0,0,8,2026-02-03 19:21:59.388905
PHR,47.68,47.67,47.69,50000000.0,50000000.0,0,0,0,0,0,0,8,2026-02-03 19:21:59.388905
BYL,43.28,43.27,43.29,50000000.0,50000000.0,0,0,0,0,0,0,8,2026-02-03 19:21:59.388905
CLD,78.94,78.93,78.95,50000000.0,50000000.0,0,0,0,0,0,0,8,2026-02-03 19:21:59.388905
GGD,31.66,31.65,31.67,50000000.0,50000000.0,0,0,0,0,0,0,8,2026-02-03 19:21:59.388905
PNR,60.12,60.11,60.13,50000000.0,50000000.0,0,0,0,0,0,0,8,2026-02-03 19:21:59.388905
FSR,30.53,30.52,30.54,50000000.0,50000000.0,0,0,0,0,0,0,8,2026-02-03 19:21:59.388905
ATB,61.43,61.42,61.44,50000000.0,50000000.0,0,0,0,0,0,0,8,2026-02-03 19:21:59.388905
SPK,53.38,53.37,53.39,50000000.0,50000000.0,0,0,0,0,0,0,8,2026-02-03 19:21:59.388905
EEC,48.77,48.76,48.78,50000000.0,50000000.0,0,0,0,0,0,0,8,2026-02-03 19:21:59.388905
TGX,43.76,43.75,43.77,50000000.0,50000000.0,0,0,0,0,0,0,9,2026-02-03 19:22:00.422409
PHR,47.82,47.81,47.83,50000000.0,50000000.0,0,0,0,0,0,0,9,2026-02-03 19:22:00.422409
BYL,43.25,43.24,43.26,50000000.0,50000000.0,0,0,0,0,0,0,9,2026-02-03 19:22:00.422409
CLD,78.88,78.87,78.89,50000000.0,50000000.0,0,0,0,0,0,0,9,2026-02-03 19:22:00.422409
GGD,31.63,31.62,31.64,50000000.0,50000000.0,0,0,0,0,0,0,9,2026-02-03 19:22:00.422409
PNR,60.1,60.09,60.11,50000000.0,50000000.0,0,0,0,0,0,0,9,2026-02-03 19:22:00.422409
FSR,30.5,30.49,30.51,50000000.0,50000000.0,0,0,0,0,0,0,9,2026-02-03 19:22:00.422409
ATB,61.44,61.43,61.45,50000000.0,50000000.0,0,0,0,0,0,0,9,2026-02-03 19:22:00.422409
SPK,53.59,53.58,53.6,50000000.0,50000000.0,0,0,0,0,0,0,9,2026-02-03 19:22:00.422409
EEC,48.99,48.98,49.0,50000000.0,50000000.0,0,0,0,0,0,0,9,2026-02-03 19:22:00.422409
TGX,43.74,43.73,43.75,50000000.0,50000000.0,0,0,0,0,0,0,10,2026-02-03 19:22:01.453873
PHR,48.04,48.03,48.05,50000000.0,50000000.0,0,0,0,0,0,0,10,2026-02-03 19:22:01.453873
BYL,43.31,43.3,43.32,50000000.0,50000000.0,0,0,0,0,0,0,10,2026-02-03 19:22:01.453873
CLD,79.01,79.0,79.02,50000000.0,50000000.0,0,0,0,0,0,0,10,2026-02-03 19:22:01.453873
GGD,31.63,31.62,31.64,50000000.0,50000000.0,0,0,0,0,0,0,10,2026-02-03 19:22:01.453873
PNR,60.24,60.23,60.25,50000000.0,50000000.0,0,0,0,0,0,0,10,2026-02-03 19:22:01.453873
FSR,30.51,30.5,30.52,50000000.0,50000000.0,0,0,0,0,0,0,10,2026-02-03 19:22:01.453873
ATB,61.61,61.6,61.62,50000000.0,50000000.0,0,0,0,0,0,0,10,2026-02-03 19:22:01.453873
SPK,53.47,53.46,53.48,50000000.0,50000000.0,0,0,0,0,0,0,10,2026-02-03 19:22:01.453873
EEC,48.87,48.86,48.88,50000000.0,50000000.0,0,0,0,0,0,0,10,2026-02-03 19:22:01.453873
TGX,43.68,43.67,43.69,50000000.0,50000000.0,0,0,0,0,0,0,11,2026-02-03 19:22:02.483947
PHR,48.14,48.13,48.15,50000000.0,50000000.0,0,0,0,0,0,0,11,2026-02-03 19:22:02.483947
BYL,43.27,43.26,43.28,50000000.0,50000000.0,0,0,0,0,0,0,11,2026-02-03 19:22:02.483947
CLD,79.08,79.07,79.09,50000000.0,50000000.0,0,0,0,0,0,0,11,2026-02-03 19:22:02.483947
GGD,31.63,31.62,31.64,50000000.0,50000000.0,0,0,0,0,0,0,11,2026-02-03 19:22:02.483947
PNR,60.1,60.09,60.11,50000000.0,50000000.0,0,0,0,0,0,0,11,2026-02-03 19:22:02.483947
FSR,30.53,30.52,30.54,50000000.0,50000000.0,0,0,0,0,0,0,11,2026-02-03 19:22:02.483947
ATB,61.82,61.81,61.83,50000000.0,50000000.0,0,0,0,0,0,0,11,2026-02-03 19:22:02.483947
SPK,53.52,53.51,53.53,50000000.0,50000000.0,0,0,0,0,0,0,11,2026-02-03 19:22:02.483947
EEC,48.9,48.89,48.91,50000000.0,50000000.0,0,0,0,0,0,0,11,2026-02-03 19:22:02.483947
TGX,43.68,43.67,43.69,50000000.0,50000000.0,0,0,0,0,0,0,12,2026-02-03 19:22:03.519081
PHR,48.33,48.32,48.34,50000000.0,50000000.0,0,0,0,0,0,0,12,2026-02-03 19:22:03.519081
BYL,43.28,43.27,43.29,50000000.0,50000000.0,0,0,0,0,0,0,12,2026-02-03 19:22:03.519081
CLD,79.03,79.02,79.04,50000000.0,50000000.0,0,0,0,0,0,0,12,2026-02-03 19:22:03.519081
GGD,31.65,31.64,31.66,50000000.0,50000000.0,0,0,0,0,0,0,12,2026-02-03 19:22:03.519081
PNR,60.04,60.03,60.05,50000000.0,50000000.0,0,0,0,0,0,0,12,2026-02-03 19:22:03.519081
FSR,30.55,30.54,30.56,50000000.0,50000000.0,0,0,0,0,0,0,12,2026-02-03 19:22:03.519081
ATB,62.06,62.05,62.07,50000000.0,50000000.0,0,0,0,0,0,0,12,2026-02-03 19:22:03.519081
SPK,53.5,53.49,53.51,50000000.0,50000000.0,0,0,0,0,0,0,12,2026-02-03 19:22:03.519081
EEC,48.82,48.81,48.83,50000000.0,50000000.0,0,0,0,0,0,0,12,2026-02-03 19:22:03.519081
TGX,43.71,43.7,43.72,50000000.0,50000000.0,0,0,0,0,0,0,13,2026-02-03 19:22:04.552156
PHR,48.25,48.24,48.26,50000000.0,50000000.0,0,0,0,0,0,0,13,2026-02-03 19:22:04.552156
BYL,43.53,43.52,43.54,50000000.0,50000000.0,0,0,0,0,0,0,13,2026-02-03 19:22:04.552156
CLD,79.39,79.38,79.4,50000000.0,50000000.0,0,0,0,0,0,0,13,2026-02-03 19:22:04.552156
GGD,31.63,31.62,31.64,50000000.0,50000000.0,0,0,0,0,0,0,13,2026-02-03 19:22:04.552156
PNR,59.99,59.98,60.0,50000000.0,50000000.0,0,0,0,0,0,0,13,2026-02-03 19:22:04.552156
FSR,30.56,30.55,30.57,50000000.0,50000000.0,0,0,0,0,0,0,13,2026-02-03 19:22:04.552156
ATB,62.23,62.22,62.24,50000000.0,50000000.0,0,0,0,0,0,0,13,2026-02-03 19:22:04.552156
SPK,53.66,53.65,53.67,50000000.0,50000000.0,0,0,0,0,0,0,13,2026-02-03 19:22:04.552156
EEC,49.07,49.06,49.08,50000000.0,50000000.0,0,0,0,0,0,0,13,2026-02-03 19:22:04.552156
TGX,43.69,43.68,43.7,50000000.0,50000000.0,0,0,0,0,0,0,14,2026-02-03 19:22:05.586232
PHR,48.52,48.51,48.53,50000000.0,50000000.0,0,0,0,0,0,0,14,2026-02-03 19:22:05.586232
BYL,43.45,43.44,43.46,50000000.0,50000000.0,0,0,0,0,0,0,14,2026-02-03 19:22:05.586232
CLD,79.05,79.04,79.06,50000000.0,50000000.0,0,0,0,0,0,0,14,2026-02-03 19:22:05.586232
GGD,31.61,31.6,31.62,50000000.0,50000000.0,0,0,0,0,0,0,14,2026-02-03 19:22:05.586232
PNR,59.88,59.87,59.89,50000000.0,50000000.0,0,0,0,0,0,0,14,2026-02-03 19:22:05.586232
FSR,30.56,30.55,30.57,50000000.0,50000000.0,0,0,0,0,0,0,14,2026-02-03 19:22:05.586232
ATB,62.17,62.16,62.18,50000000.0,50000000.0,0,0,0,0,0,0,14,2026-02-03 19:22:05.586232
SPK,53.46,53.45,53.47,50000000.0,50000000.0,0,0,0,0,0,0,14,2026-02-03 19:22:05.586232
EEC,48.73,48.72,48.74,50000000.0,50000000.0,0,0,0,0,0,0,14,2026-02-03 19:22:05.586232
TGX,43.72,43.71,43.73,50000000.0,50000000.0,0,0,0,0,0,0,15,2026-02-03 19:22:06.629406
PHR,48.67,48.66,48.68,50000000.0,50000000.0,0,0,0,0,0,0,15,2026-02-03 19:22:06.629406
BYL,43.38,43.37,43.39,50000000.0,50000000.0,0,0,0,0,0,0,15,2026-02-03 19:22:06.629406
CLD,79.05,79.04,79.06,50000000.0,50000000.0,0,0,0,0,0,0,15,2026-02-03 19:22:06.629406
GGD,31.58,31.57,31.59,50000000.0,50000000.0,0,0,0,0,0,0,15,2026-02-03 19:22:06.629406
PNR,59.99,59.98,60.0,50000000.0,50000000.0,0,0,0,0,0,0,15,2026-02-03 19:22:06.629406
FSR,30.54,30.53,30.55,50000000.0,50000000.0,0,0,0,0,0,0,15,2026-02-03 19:22:06.629406
ATB,61.76,61.75,61.77,50000000.0,50000000.0,0,0,0,0,0,0,15,2026-02-03 19:22:06.629406
SPK,53.58,53.57,53.59,50000000.0,50000000.0,0,0,0,0,0,0,15,2026-02-03 19:22:06.629406
EEC,48.84,48.83,48.85,50000000.0,50000000.0,0,0,0,0,0,0,15,2026-02-03 19:22:06.629406
TGX,43.76,43.75,43.77,50000000.0,50000000.0,0,0,0,0,0,0,16,2026-02-03 19:22:07.659768
PHR,48.79,48.78,48.8,50000000.0,50000000.0,0,0,0,0,0,0,16,2026-02-03 19:22:07.659768
BYL,43.52,43.51,43.53,50000000.0,50000000.0,0,0,0,0,0,0,16,2026-02-03 19:22:07.659768
CLD,79.42,79.41,79.43,50000000.0,50000000.0,0,0,0,0,0,0,16,2026-02-03 19:22:07.659768
GGD,31.56,31.55,31.57,50000000.0,50000000.0,0,0,0,0,0,0,16,2026-02-03 19:22:07.659768
PNR,59.95,59.94,59.96,50000000.0,50000000.0,0,0,0,0,0,0,16,2026-02-03 19:22:07.659768
FSR,30.56,30.55,30.57,50000000.0,50000000.0,0,0,0,0,0,0,16,2026-02-03 19:22:07.659768
ATB,61.87,61.86,61.88,50000000.0,50000000.0,0,0,0,0,0,0,16,2026-02-03 19:22:07.659768
SPK,53.56,53.55,53.57,50000000.0,50000000.0,0,0,0,0,0,0,16,2026-02-03 19:22:07.659768
EEC,48.73,48.72,48.74,50000000.0,50000000.0,0,0,0,0,0,0,16,2026-02-03 19:22:07.659768
TGX,43.73,43.72,43.74,50000000.0,50000000.0,0,0,0,0,0,0,17,2026-02-03 19:22:08.689898
PHR,48.81,48.8,48.82,50000000.0,50000000.0,0,0,0,0,0,0,17,2026-02-03 19:22:08.689898
BYL,43.63,43.62,43.64,50000000.0,50000000.0,0,0,0,0,0,0,17,2026-02-03 19:22:08.689898
CLD,79.62,79.61,79.63,50000000.0,50000000.0,0,0,0,0,0,0,17,2026-02-03 19:22:08.689898
GGD,31.53,31.52,31.54,50000000.0,50000000.0,0,0,0,0,0,0,17,2026-02-03 19:22:08.689898
PNR,59.9,59.89,59.91,50000000.0,50000000.0,0,0,0,0,0,0,17,2026-02-03 19:22:08.689898
FSR,30.56,30.55,30.57,50000000.0,50000000.0,0,0,0,0,0,0,17,2026-02-03 19:22:08.689898
ATB,61.81,61.8,61.82,50000000.0,50000000.0,0,0,0,0,0,0,17,2026-02-03 19:22:08.689898
SPK,53.42,53.41,53.43,50000000.0,50000000.0,0,0,0,0,0,0,17,2026-02-03 19:22:08.689898
EEC,48.42,48.41,48.43,50000000.0,50000000.0,0,0,0,0,0,0,17,2026-02-03 19:22:08.689898
TGX,43.71,43.7,43.72,50000000.0,50000000.0,0,0,0,0,0,0,18,2026-02-03 19:22:09.719080
PHR,48.62,48.61,48.63,50000000.0,50000000.0,0,0,0,0,0,0,18,2026-02-03 19:22:09.719080
BYL,43.56,43.55,43.57,50000000.0,50000000.0,0,0,0,0,0,0,18,2026-02-03 19:22:09.719080
CLD,79.56,79.55,79.57,50000000.0,50000000.0,0,0,0,0,0,0,18,2026-02-03 19:22:09.719080
GGD,31.54,31.53,31.55,50000000.0,50000000.0,0,0,0,0,0,0,18,2026-02-03 19:22:09.719080
PNR,60.0,59.99,60.01,50000000.0,50000000.0,0,0,0,0,0,0,18,2026-02-03 19:22:09.719080
FSR,30.58,30.57,30.59,50000000.0,50000000.0,0,0,0,0,0,0,18,2026-02-03 19:22:09.719080
ATB,61.97,61.96,61.98,50000000.0,50000000.0,0,0,0,0,0,0,18,2026-02-03 19:22:09.719080
SPK,53.26,53.25,53.27,50000000.0,50000000.0,0,0,0,0,0,0,18,2026-02-03 19:22:09.719080
EEC,48.23,48.22,48.24,50000000.0,50000000.0,0,0,0,0,0,0,18,2026-02-03 19:22:09.719080
TGX,43.69,43.68,43.7,50000000.0,50000000.0,0,0,0,0,0,0,19,2026-02-03 19:22:10.249161
PHR,48.86,48.85,48.87,50000000.0,50000000.0,0,0,0,0,0,0,19,2026-02-03 19:22:10.249161
BYL,43.62,43.61,43.63,50000000.0,50000000.0,0,0,0,0,0,0,19,2026-02-03 19:22:10.249161
CLD,79.83,79.82,79.84,50000000.0,50000000.0,0,0,0,0,0,0,19,2026-02-03 19:22:10.249161
GGD,31.59,31.58,31.6,50000000.0,50000000.0,0,0,0,0,0,0,19,2026-02-03 19:22:10.249161
PNR,60.19,60.18,60.2,50000000.0,50000000.0,0,0,0,0,0,0,19,2026-02-03 19:22:10.249161
FSR,30.58,30.57,30.59,50000000.0,50000000.0,0,0,0,0,0,0,19,2026-02-03 19:22:10.249161
ATB,61.65,61.64,61.66,50000000.0,50000000.0,0,0,0,0,0,0,19,2026-02-03 19:22:10.249161
SPK,52.82,52.81,52.83,50000000.0,50000000.0,0,0,0,0,0,0,19,2026-02-03 19:22:10.249161
EEC,47.35,47.34,47.36,50000000.0,50000000.0,0,0,0,0,0,0,19,2026-02-03 19:22:10.249161
TGX,43.69,43.68,43.7,50000000.0,50000000.0,0,0,0,0,0,0,20,2026-02-03 19:22:11.280229,2.0,1.0,19.0,D2-BYL/CLD,Termination Fee Structure Disclosed,Merger agreement includes $420M termination fee payable under specified circumstances.
PHR,48.95,48.94,48.96,50000000.0,50000000.0,0,0,0,0,0,0,20,2026-02-03 19:22:11.280229,,,,,,
BYL,43.73,43.72,43.74,50000000.0,50000000.0,0,0,0,0,0,0,20,2026-02-03 19:22:11.280229,,,,,,
CLD,79.99,79.98,80.0,50000000.0,50000000.0,0,0,0,0,0,0,20,2026-02-03 19:22:11.280229,,,,,,
GGD,31.58,31.57,31.59,50000000.0,50000000.0,0,0,0,0,0,0,20,2026-02-03 19:22:11.280229,,,,,,
PNR,60.19,60.18,60.2,50000000.0,50000000.0,0,0,0,0,0,0,20,2026-02-03 19:22:11.280229,,,,,,
FSR,30.54,30.53,30.55,50000000.0,50000000.0,0,0,0,0,0,0,20,2026-02-03 19:22:11.280229,,,,,,
ATB,61.81,61.8,61.82,50000000.0,50000000.0,0,0,0,0,0,0,20,2026-02-03 19:22:11.280229,,,,,,
SPK,52.57,52.56,52.58,50000000.0,50000000.0,0,0,0,0,0,0,20,2026-02-03 19:22:11.280229,,,,,,
EEC,46.78,46.77,46.79,50000000.0,50000000.0,0,0,0,0,0,0,20,2026-02-03 19:22:11.280229,,,,,,
TGX,43.68,43.67,43.69,50000000.0,50000000.0,0,0,0,0,0,0,21,2026-02-03 19:22:12.309589,3.0,1.0,20.0,D3-GGD/PNR,PetroNorth Management Provides Updated Market Outlook,"PetroNorth management has updated its forward guidance in a routine investor communication, revising certain operating assumptions while maintaining its overall strategic outlook. The revised projections reflect mixed conditions in the energy infrastructure sector, with some metrics trending above prior expectations and others showing softness. Market participants are debating whether the update strengthens or weakens the economic rationale for the proposed combination with GreenGrid."
PHR,48.78,48.77,48.79,50000000.0,50000000.0,0,0,0,0,0,0,21,2026-02-03 19:22:12.309589,,,,,,
BYL,43.75,43.74,43.76,50000000.0,50000000.0,0,0,0,0,0,0,21,2026-02-03 19:22:12.309589,,,,,,
CLD,80.03,80.02,80.04,50000000.0,50000000.0,0,0,0,0,0,0,21,2026-02-03 19:22:12.309589,,,,,,
GGD,31.59,31.58,31.6,50000000.0,50000000.0,0,0,0,0,0,0,21,2026-02-03 19:22:12.309589,,,,,,
PNR,60.24,60.23,60.25,50000000.0,50000000.0,0,0,0,0,0,0,21,2026-02-03 19:22:12.309589,,,,,,
FSR,30.53,30.52,30.54,50000000.0,50000000.0,0,0,0,0,0,0,21,2026-02-03 19:22:12.309589,,,,,,
ATB,61.69,61.68,61.7,50000000.0,50000000.0,0,0,0,0,0,0,21,2026-02-03 19:22:12.309589,,,,,,
SPK,52.42,52.41,52.43,50000000.0,50000000.0,0,0,0,0,0,0,21,2026-02-03 19:22:12.309589,,,,,,
EEC,46.53,46.52,46.54,50000000.0,50000000.0,0,0,0,0,0,0,21,2026-02-03 19:22:12.309589,,,,,,
TGX,43.68,43.67,43.69,50000000.0,50000000.0,0,0,0,0,0,0,22,2026-02-03 19:22:13.340839
PHR,48.94,48.93,48.95,50000000.0,50000000.0,0,0,0,0,0,0,22,2026-02-03 19:22:13.340839
BYL,43.57,43.56,43.58,50000000.0,50000000.0,0,0,0,0,0,0,22,2026-02-03 19:22:13.340839
CLD,79.58,79.57,79.59,50000000.0,50000000.0,0,0,0,0,0,0,22,2026-02-03 19:22:13.340839
GGD,31.52,31.51,31.53,50000000.0,50000000.0,0,0,0,0,0,0,22,2026-02-03 19:22:13.340839
PNR,60.2,60.19,60.21,50000000.0,50000000.0,0,0,0,0,0,0,22,2026-02-03 19:22:13.340839
FSR,30.52,30.51,30.53,50000000.0,50000000.0,0,0,0,0,0,0,22,2026-02-03 19:22:13.340839
ATB,62.23,62.22,62.24,50000000.0,50000000.0,0,0,0,0,0,0,22,2026-02-03 19:22:13.340839
SPK,52.32,52.31,52.33,50000000.0,50000000.0,0,0,0,0,0,0,22,2026-02-03 19:22:13.340839
EEC,46.51,46.5,46.52,50000000.0,50000000.0,0,0,0,0,0,0,22,2026-02-03 19:22:13.340839
TGX,43.7,43.69,43.71,50000000.0,50000000.0,0,0,0,0,0,0,23,2026-02-03 19:22:14.374069
PHR,49.03,49.02,49.04,50000000.0,50000000.0,0,0,0,0,0,0,23,2026-02-03 19:22:14.374069
BYL,43.75,43.74,43.76,50000000.0,50000000.0,0,0,0,0,0,0,23,2026-02-03 19:22:14.374069
CLD,80.08,80.07,80.09,50000000.0,50000000.0,0,0,0,0,0,0,23,2026-02-03 19:22:14.374069
GGD,31.52,31.51,31.53,50000000.0,50000000.0,0,0,0,0,0,0,23,2026-02-03 19:22:14.374069
PNR,60.15,60.14,60.16,50000000.0,50000000.0,0,0,0,0,0,0,23,2026-02-03 19:22:14.374069
FSR,30.52,30.51,30.53,50000000.0,50000000.0,0,0,0,0,0,0,23,2026-02-03 19:22:14.374069
ATB,62.59,62.58,62.6,50000000.0,50000000.0,0,0,0,0,0,0,23,2026-02-03 19:22:14.374069
SPK,52.4,52.39,52.41,50000000.0,50000000.0,0,0,0,0,0,0,23,2026-02-03 19:22:14.374069
EEC,46.72,46.71,46.73,50000000.0,50000000.0,0,0,0,0,0,0,23,2026-02-03 19:22:14.374069
TGX,43.7,43.69,43.71,50000000.0,50000000.0,0,0,0,0,0,0,24,2026-02-03 19:22:15.410127
PHR,49.0,48.99,49.01,50000000.0,50000000.0,0,0,0,0,0,0,24,2026-02-03 19:22:15.410127
BYL,43.92,43.91,43.93,50000000.0,50000000.0,0,0,0,0,0,0,24,2026-02-03 19:22:15.410127
CLD,80.35,80.34,80.36,50000000.0,50000000.0,0,0,0,0,0,0,24,2026-02-03 19:22:15.410127
GGD,31.53,31.52,31.54,50000000.0,50000000.0,0,0,0,0,0,0,24,2026-02-03 19:22:15.410127
PNR,60.28,60.27,60.29,50000000.0,50000000.0,0,0,0,0,0,0,24,2026-02-03 19:22:15.410127
FSR,30.52,30.51,30.53,50000000.0,50000000.0,0,0,0,0,0,0,24,2026-02-03 19:22:15.410127
ATB,62.4,62.39,62.41,50000000.0,50000000.0,0,0,0,0,0,0,24,2026-02-03 19:22:15.410127
SPK,52.32,52.31,52.33,50000000.0,50000000.0,0,0,0,0,0,0,24,2026-02-03 19:22:15.410127
EEC,46.47,46.46,46.48,50000000.0,50000000.0,0,0,0,0,0,0,24,2026-02-03 19:22:15.410127
TGX,43.72,43.71,43.73,50000000.0,50000000.0,0,0,0,0,0,0,25,2026-02-03 19:22:16.440374
PHR,49.04,49.03,49.05,50000000.0,50000000.0,0,0,0,0,0,0,25,2026-02-03 19:22:16.440374
BYL,43.84,43.83,43.85,50000000.0,50000000.0,0,0,0,0,0,0,25,2026-02-03 19:22:16.440374
CLD,80.29,80.28,80.3,50000000.0,50000000.0,0,0,0,0,0,0,25,2026-02-03 19:22:16.440374
GGD,31.5,31.49,31.51,50000000.0,50000000.0,0,0,0,0,0,0,25,2026-02-03 19:22:16.440374
PNR,60.32,60.31,60.33,50000000.0,50000000.0,0,0,0,0,0,0,25,2026-02-03 19:22:16.440374
FSR,30.53,30.52,30.54,50000000.0,50000000.0,0,0,0,0,0,0,25,2026-02-03 19:22:16.440374
ATB,62.43,62.42,62.44,50000000.0,50000000.0,0,0,0,0,0,0,25,2026-02-03 19:22:16.440374
SPK,52.35,52.34,52.36,50000000.0,50000000.0,0,0,0,0,0,0,25,2026-02-03 19:22:16.440374
EEC,46.6,46.59,46.61,50000000.0,50000000.0,0,0,0,0,0,0,25,2026-02-03 19:22:16.440374
TGX,43.73,43.72,43.74,50000000.0,50000000.0,0,0,0,0,0,0,26,2026-02-03 19:22:17.474005
PHR,49.12,49.11,49.13,50000000.0,50000000.0,0,0,0,0,0,0,26,2026-02-03 19:22:17.474005
BYL,43.7,43.69,43.71,50000000.0,50000000.0,0,0,0,0,0,0,26,2026-02-03 19:22:17.474005
CLD,79.95,79.94,79.96,50000000.0,50000000.0,0,0,0,0,0,0,26,2026-02-03 19:22:17.474005
GGD,31.61,31.6,31.62,50000000.0,50000000.0,0,0,0,0,0,0,26,2026-02-03 19:22:17.474005
PNR,60.31,60.3,60.32,50000000.0,50000000.0,0,0,0,0,0,0,26,2026-02-03 19:22:17.474005
FSR,30.54,30.53,30.55,50000000.0,50000000.0,0,0,0,0,0,0,26,2026-02-03 19:22:17.474005
ATB,62.54,62.53,62.55,50000000.0,50000000.0,0,0,0,0,0,0,26,2026-02-03 19:22:17.474005
SPK,52.52,52.51,52.53,50000000.0,50000000.0,0,0,0,0,0,0,26,2026-02-03 19:22:17.474005
EEC,46.92,46.91,46.93,50000000.0,50000000.0,0,0,0,0,0,0,26,2026-02-03 19:22:17.474005
TGX,43.75,43.74,43.76,50000000.0,50000000.0,0,0,0,0,0,0,27,2026-02-03 19:22:18.508420
PHR,49.27,49.26,49.28,50000000.0,50000000.0,0,0,0,0,0,0,27,2026-02-03 19:22:18.508420
BYL,43.71,43.7,43.72,50000000.0,50000000.0,0,0,0,0,0,0,27,2026-02-03 19:22:18.508420
CLD,80.06,80.05,80.07,50000000.0,50000000.0,0,0,0,0,0,0,27,2026-02-03 19:22:18.508420
GGD,31.63,31.62,31.64,50000000.0,50000000.0,0,0,0,0,0,0,27,2026-02-03 19:22:18.508420
PNR,60.29,60.28,60.3,50000000.0,50000000.0,0,0,0,0,0,0,27,2026-02-03 19:22:18.508420
FSR,30.57,30.56,30.58,50000000.0,50000000.0,0,0,0,0,0,0,27,2026-02-03 19:22:18.508420
ATB,62.59,62.58,62.6,50000000.0,50000000.0,0,0,0,0,0,0,27,2026-02-03 19:22:18.508420
SPK,52.64,52.63,52.65,50000000.0,50000000.0,0,0,0,0,0,0,27,2026-02-03 19:22:18.508420
EEC,47.35,47.34,47.36,50000000.0,50000000.0,0,0,0,0,0,0,27,2026-02-03 19:22:18.508420
TGX,43.75,43.74,43.76,50000000.0,50000000.0,0,0,0,0,0,0,28,2026-02-03 19:22:19.539338,4.0,1.0,27.0,D5-SPK/EEC,All-Stock Structure Eliminates Financing,Pure stock-for-stock exchange eliminates financing risk and cash requirements.
PHR,49.52,49.51,49.53,50000000.0,50000000.0,0,0,0,0,0,0,28,2026-02-03 19:22:19.539338,,,,,,
BYL,43.67,43.66,43.68,50000000.0,50000000.0,0,0,0,0,0,0,28,2026-02-03 19:22:19.539338,,,,,,
CLD,79.87,79.86,79.88,50000000.0,50000000.0,0,0,0,0,0,0,28,2026-02-03 19:22:19.539338,,,,,,
GGD,31.66,31.65,31.67,50000000.0,50000000.0,0,0,0,0,0,0,28,2026-02-03 19:22:19.539338,,,,,,
PNR,60.1,60.09,60.11,50000000.0,50000000.0,0,0,0,0,0,0,28,2026-02-03 19:22:19.539338,,,,,,
FSR,30.6,30.59,30.61,50000000.0,50000000.0,0,0,0,0,0,0,28,2026-02-03 19:22:19.539338,,,,,,
ATB,62.37,62.36,62.38,50000000.0,50000000.0,0,0,0,0,0,0,28,2026-02-03 19:22:19.539338,,,,,,
SPK,52.75,52.74,52.76,50000000.0,50000000.0,0,0,0,0,0,0,28,2026-02-03 19:22:19.539338,,,,,,
EEC,47.57,47.56,47.58,50000000.0,50000000.0,0,0,0,0,0,0,28,2026-02-03 19:22:19.539338,,,,,,
TGX,43.75,43.74,43.76,50000000.0,50000000.0,0,0,0,0,0,0,29,2026-02-03 19:22:20.569733,5.0,1.0,28.0,D2-BYL/CLD,Independent Fairness Review Generates Board Discussion,"An independent financial advisor retained by the ByteLayer board has presented a supplemental fairness analysis that reaches nuanced conclusions regarding the adequacy of the 0.75 CLD shares per BYL share offer. While the analysis does not formally contradict the original fairness opinion, it highlights sensitivity to key assumptions around standalone growth rates and comparable transaction multiples. Board members are reportedly weighing whether additional disclosure to shareholders is warranted."
PHR,49.35,49.34,49.36,50000000.0,50000000.0,0,0,0,0,0,0,29,2026-02-03 19:22:20.569733,,,,,,
BYL,43.82,43.81,43.83,50000000.0,50000000.0,0,0,0,0,0,0,29,2026-02-03 19:22:20.569733,,,,,,
CLD,80.04,80.03,80.05,50000000.0,50000000.0,0,0,0,0,0,0,29,2026-02-03 19:22:20.569733,,,,,,
GGD,31.68,31.67,31.69,50000000.0,50000000.0,0,0,0,0,0,0,29,2026-02-03 19:22:20.569733,,,,,,
PNR,60.15,60.14,60.16,50000000.0,50000000.0,0,0,0,0,0,0,29,2026-02-03 19:22:20.569733,,,,,,
FSR,30.58,30.57,30.59,50000000.0,50000000.0,0,0,0,0,0,0,29,2026-02-03 19:22:20.569733,,,,,,
ATB,62.91,62.9,62.92,50000000.0,50000000.0,0,0,0,0,0,0,29,2026-02-03 19:22:20.569733,,,,,,
SPK,52.98,52.97,52.99,50000000.0,50000000.0,0,0,0,0,0,0,29,2026-02-03 19:22:20.569733,,,,,,
EEC,47.86,47.85,47.87,50000000.0,50000000.0,0,0,0,0,0,0,29,2026-02-03 19:22:20.569733,,,,,,
TGX,43.75,43.74,43.76,50000000.0,50000000.0,0,0,0,0,0,0,30,2026-02-03 19:22:21.599470
PHR,49.3,49.29,49.31,50000000.0,50000000.0,0,0,0,0,0,0,30,2026-02-03 19:22:21.599470
BYL,43.94,43.93,43.95,50000000.0,50000000.0,0,0,0,0,0,0,30,2026-02-03 19:22:21.599470
CLD,80.36,80.35,80.37,50000000.0,50000000.0,0,0,0,0,0,0,30,2026-02-03 19:22:21.599470
GGD,31.66,31.65,31.67,50000000.0,50000000.0,0,0,0,0,0,0,30,2026-02-03 19:22:21.599470
PNR,60.27,60.26,60.28,50000000.0,50000000.0,0,0,0,0,0,0,30,2026-02-03 19:22:21.599470
FSR,30.58,30.57,30.59,50000000.0,50000000.0,0,0,0,0,0,0,30,2026-02-03 19:22:21.599470
ATB,62.69,62.68,62.7,50000000.0,50000000.0,0,0,0,0,0,0,30,2026-02-03 19:22:21.599470
SPK,53.15,53.14,53.16,50000000.0,50000000.0,0,0,0,0,0,0,30,2026-02-03 19:22:21.599470
EEC,48.11,48.1,48.12,50000000.0,50000000.0,0,0,0,0,0,0,30,2026-02-03 19:22:21.599470
TGX,43.73,43.72,43.74,50000000.0,50000000.0,0,0,0,0,0,0,31,2026-02-03 19:22:22.637396
PHR,49.15,49.14,49.16,50000000.0,50000000.0,0,0,0,0,0,0,31,2026-02-03 19:22:22.637396
BYL,43.94,43.93,43.95,50000000.0,50000000.0,0,0,0,0,0,0,31,2026-02-03 19:22:22.637396
CLD,80.3,80.29,80.31,50000000.0,50000000.0,0,0,0,0,0,0,31,2026-02-03 19:22:22.637396
GGD,31.72,31.71,31.73,50000000.0,50000000.0,0,0,0,0,0,0,31,2026-02-03 19:22:22.637396
PNR,60.28,60.27,60.29,50000000.0,50000000.0,0,0,0,0,0,0,31,2026-02-03 19:22:22.637396
FSR,30.62,30.61,30.63,50000000.0,50000000.0,0,0,0,0,0,0,31,2026-02-03 19:22:22.637396
ATB,62.45,62.44,62.46,50000000.0,50000000.0,0,0,0,0,0,0,31,2026-02-03 19:22:22.637396
SPK,53.38,53.37,53.39,50000000.0,50000000.0,0,0,0,0,0,0,31,2026-02-03 19:22:22.637396
EEC,48.43,48.42,48.44,50000000.0,50000000.0,0,0,0,0,0,0,31,2026-02-03 19:22:22.637396
TGX,43.74,43.73,43.75,50000000.0,50000000.0,0,0,0,0,0,0,32,2026-02-03 19:22:23.670209
PHR,49.38,49.37,49.39,50000000.0,50000000.0,0,0,0,0,0,0,32,2026-02-03 19:22:23.670209
BYL,43.81,43.8,43.82,50000000.0,50000000.0,0,0,0,0,0,0,32,2026-02-03 19:22:23.670209
CLD,79.9,79.89,79.91,50000000.0,50000000.0,0,0,0,0,0,0,32,2026-02-03 19:22:23.670209
GGD,31.73,31.72,31.74,50000000.0,50000000.0,0,0,0,0,0,0,32,2026-02-03 19:22:23.670209
PNR,60.41,60.4,60.42,50000000.0,50000000.0,0,0,0,0,0,0,32,2026-02-03 19:22:23.670209
FSR,30.56,30.55,30.57,50000000.0,50000000.0,0,0,0,0,0,0,32,2026-02-03 19:22:23.670209
ATB,62.19,62.18,62.2,50000000.0,50000000.0,0,0,0,0,0,0,32,2026-02-03 19:22:23.670209
SPK,53.31,53.3,53.32,50000000.0,50000000.0,0,0,0,0,0,0,32,2026-02-03 19:22:23.670209
EEC,48.3,48.29,48.31,50000000.0,50000000.0,0,0,0,0,0,0,32,2026-02-03 19:22:23.670209
TGX,43.73,43.72,43.74,50000000.0,50000000.0,0,0,0,0,0,0,33,2026-02-03 19:22:24.701776
PHR,49.62,49.61,49.63,50000000.0,50000000.0,0,0,0,0,0,0,33,2026-02-03 19:22:24.701776
BYL,43.55,43.54,43.56,50000000.0,50000000.0,0,0,0,0,0,0,33,2026-02-03 19:22:24.701776
CLD,79.53,79.52,79.54,50000000.0,50000000.0,0,0,0,0,0,0,33,2026-02-03 19:22:24.701776
GGD,31.79,31.78,31.8,50000000.0,50000000.0,0,0,0,0,0,0,33,2026-02-03 19:22:24.701776
PNR,60.4,60.39,60.41,50000000.0,50000000.0,0,0,0,0,0,0,33,2026-02-03 19:22:24.701776
FSR,30.54,30.53,30.55,50000000.0,50000000.0,0,0,0,0,0,0,33,2026-02-03 19:22:24.701776
ATB,62.06,62.05,62.07,50000000.0,50000000.0,0,0,0,0,0,0,33,2026-02-03 19:22:24.701776
SPK,53.46,53.45,53.47,50000000.0,50000000.0,0,0,0,0,0,0,33,2026-02-03 19:22:24.701776
EEC,48.57,48.56,48.58,50000000.0,50000000.0,0,0,0,0,0,0,33,2026-02-03 19:22:24.701776
TGX,43.72,43.71,43.73,50000000.0,50000000.0,0,0,0,0,0,0,34,2026-02-03 19:22:25.736264,7.0,1.0,33.0,D5-SPK/EEC,Tax Credit Extension Uncertainty,Congressional uncertainty about renewable tax credit extension impacts sector valuations.
PHR,49.27,49.26,49.28,50000000.0,50000000.0,0,0,0,0,0,0,34,2026-02-03 19:22:25.736264,6.0,1.0,33.0,D4-FSR/ATB,State Banking Regulators Provide Clearance,Key state banking departments approve transaction across all relevant jurisdictions.
BYL,43.58,43.57,43.59,50000000.0,50000000.0,0,0,0,0,0,0,34,2026-02-03 19:22:25.736264,,,,,,
CLD,79.54,79.53,79.55,50000000.0,50000000.0,0,0,0,0,0,0,34,2026-02-03 19:22:25.736264,,,,,,
GGD,31.73,31.72,31.74,50000000.0,50000000.0,0,0,0,0,0,0,34,2026-02-03 19:22:25.736264,,,,,,
PNR,60.3,60.29,60.31,50000000.0,50000000.0,0,0,0,0,0,0,34,2026-02-03 19:22:25.736264,,,,,,
FSR,30.52,30.51,30.53,50000000.0,50000000.0,0,0,0,0,0,0,34,2026-02-03 19:22:25.736264,,,,,,
ATB,62.48,62.47,62.49,50000000.0,50000000.0,0,0,0,0,0,0,34,2026-02-03 19:22:25.736264,,,,,,
SPK,53.26,53.25,53.27,50000000.0,50000000.0,0,0,0,0,0,0,34,2026-02-03 19:22:25.736264,,,,,,
EEC,48.21,48.2,48.22,50000000.0,50000000.0,0,0,0,0,0,0,34,2026-02-03 19:22:25.736264,,,,,,
TGX,43.71,43.7,43.72,50000000.0,50000000.0,0,0,0,0,0,0,35,2026-02-03 19:22:26.773108
PHR,49.21,49.2,49.22,50000000.0,50000000.0,0,0,0,0,0,0,35,2026-02-03 19:22:26.773108
BYL,43.61,43.6,43.62,50000000.0,50000000.0,0,0,0,0,0,0,35,2026-02-03 19:22:26.773108
CLD,79.58,79.57,79.59,50000000.0,50000000.0,0,0,0,0,0,0,35,2026-02-03 19:22:26.773108
GGD,31.74,31.73,31.75,50000000.0,50000000.0,0,0,0,0,0,0,35,2026-02-03 19:22:26.773108
PNR,60.33,60.32,60.34,50000000.0,50000000.0,0,0,0,0,0,0,35,2026-02-03 19:22:26.773108
FSR,30.45,30.44,30.46,50000000.0,50000000.0,0,0,0,0,0,0,35,2026-02-03 19:22:26.773108
ATB,61.82,61.81,61.83,50000000.0,50000000.0,0,0,0,0,0,0,35,2026-02-03 19:22:26.773108
SPK,53.12,53.11,53.13,50000000.0,50000000.0,0,0,0,0,0,0,35,2026-02-03 19:22:26.773108
EEC,47.99,47.98,48.0,50000000.0,50000000.0,0,0,0,0,0,0,35,2026-02-03 19:22:26.773108
TGX,43.7,43.69,43.71,50000000.0,50000000.0,0,0,0,0,0,0,36,2026-02-03 19:22:27.804153
PHR,49.46,49.45,49.47,50000000.0,50000000.0,0,0,0,0,0,0,36,2026-02-03 19:22:27.804153
BYL,43.67,43.66,43.68,50000000.0,50000000.0,0,0,0,0,0,0,36,2026-02-03 19:22:27.804153
CLD,79.82,79.81,79.83,50000000.0,50000000.0,0,0,0,0,0,0,36,2026-02-03 19:22:27.804153
GGD,31.71,31.7,31.72,50000000.0,50000000.0,0,0,0,0,0,0,36,2026-02-03 19:22:27.804153
PNR,60.31,60.3,60.32,50000000.0,50000000.0,0,0,0,0,0,0,36,2026-02-03 19:22:27.804153
FSR,30.44,30.43,30.45,50000000.0,50000000.0,0,0,0,0,0,0,36,2026-02-03 19:22:27.804153
ATB,62.09,62.08,62.1,50000000.0,50000000.0,0,0,0,0,0,0,36,2026-02-03 19:22:27.804153
SPK,52.57,52.56,52.58,50000000.0,50000000.0,0,0,0,0,0,0,36,2026-02-03 19:22:27.804153
EEC,47.0,46.99,47.01,50000000.0,50000000.0,0,0,0,0,0,0,36,2026-02-03 19:22:27.804153
TGX,43.72,43.71,43.73,50000000.0,50000000.0,0,0,0,0,0,0,37,2026-02-03 19:22:28.345244
PHR,49.32,49.31,49.33,50000000.0,50000000.0,0,0,0,0,0,0,37,2026-02-03 19:22:28.345244
BYL,45.55,45.54,45.56,50000000.0,50000000.0,0,0,0,0,0,0,37,2026-02-03 19:22:28.345244
CLD,79.99,79.98,80.0,50000000.0,50000000.0,0,0,0,0,0,0,37,2026-02-03 19:22:28.345244
GGD,31.67,31.66,31.68,50000000.0,50000000.0,0,0,0,0,0,0,37,2026-02-03 19:22:28.345244
PNR,60.26,60.25,60.27,50000000.0,50000000.0,0,0,0,0,0,0,37,2026-02-03 19:22:28.345244
FSR,30.45,30.44,30.46,50000000.0,50000000.0,0,0,0,0,0,0,37,2026-02-03 19:22:28.345244
ATB,61.6,61.59,61.61,50000000.0,50000000.0,0,0,0,0,0,0,37,2026-02-03 19:22:28.345244
SPK,52.69,52.68,52.7,50000000.0,50000000.0,0,0,0,0,0,0,37,2026-02-03 19:22:28.345244
EEC,47.15,47.14,47.16,50000000.0,50000000.0,0,0,0,0,0,0,37,2026-02-03 19:22:28.345244
TGX,43.72,43.71,43.73,50000000.0,50000000.0,0,0,0,0,0,0,38,2026-02-03 19:22:29.376180
PHR,49.21,49.2,49.22,50000000.0,50000000.0,0,0,0,0,0,0,38,2026-02-03 19:22:29.376180
BYL,45.5,45.49,45.51,50000000.0,50000000.0,0,0,0,0,0,0,38,2026-02-03 19:22:29.376180
CLD,79.7,79.69,79.71,50000000.0,50000000.0,0,0,0,0,0,0,38,2026-02-03 19:22:29.376180
GGD,31.67,31.66,31.68,50000000.0,50000000.0,0,0,0,0,0,0,38,2026-02-03 19:22:29.376180
PNR,60.32,60.31,60.33,50000000.0,50000000.0,0,0,0,0,0,0,38,2026-02-03 19:22:29.376180
FSR,30.41,30.4,30.42,50000000.0,50000000.0,0,0,0,0,0,0,38,2026-02-03 19:22:29.376180
ATB,61.6,61.59,61.61,50000000.0,50000000.0,0,0,0,0,0,0,38,2026-02-03 19:22:29.376180
SPK,52.74,52.73,52.75,50000000.0,50000000.0,0,0,0,0,0,0,38,2026-02-03 19:22:29.376180
EEC,47.14,47.13,47.15,50000000.0,50000000.0,0,0,0,0,0,0,38,2026-02-03 19:22:29.376180
TGX,43.74,43.73,43.75,50000000.0,50000000.0,0,0,0,0,0,0,39,2026-02-03 19:22:30.410568
PHR,49.07,49.06,49.08,50000000.0,50000000.0,0,0,0,0,0,0,39,2026-02-03 19:22:30.410568
BYL,45.2,45.19,45.21,50000000.0,50000000.0,0,0,0,0,0,0,39,2026-02-03 19:22:30.410568
CLD,79.21,79.2,79.22,50000000.0,50000000.0,0,0,0,0,0,0,39,2026-02-03 19:22:30.410568
GGD,31.66,31.65,31.67,50000000.0,50000000.0,0,0,0,0,0,0,39,2026-02-03 19:22:30.410568
PNR,60.17,60.16,60.18,50000000.0,50000000.0,0,0,0,0,0,0,39,2026-02-03 19:22:30.410568
FSR,30.37,30.36,30.38,50000000.0,50000000.0,0,0,0,0,0,0,39,2026-02-03 19:22:30.410568
ATB,61.72,61.71,61.73,50000000.0,50000000.0,0,0,0,0,0,0,39,2026-02-03 19:22:30.410568
SPK,52.48,52.47,52.49,50000000.0,50000000.0,0,0,0,0,0,0,39,2026-02-03 19:22:30.410568
EEC,46.79,46.78,46.8,50000000.0,50000000.0,0,0,0,0,0,0,39,2026-02-03 19:22:30.410568
TGX,43.73,43.72,43.74,50000000.0,50000000.0,0,0,0,0,0,0,40,2026-02-03 19:22:31.445894
PHR,48.73,48.72,48.74,50000000.0,50000000.0,0,0,0,0,0,0,40,2026-02-03 19:22:31.445894
BYL,45.1,45.09,45.11,50000000.0,50000000.0,0,0,0,0,0,0,40,2026-02-03 19:22:31.445894
CLD,79.03,79.02,79.04,50000000.0,50000000.0,0,0,0,0,0,0,40,2026-02-03 19:22:31.445894
GGD,31.68,31.67,31.69,50000000.0,50000000.0,0,0,0,0,0,0,40,2026-02-03 19:22:31.445894
PNR,60.14,60.13,60.15,50000000.0,50000000.0,0,0,0,0,0,0,40,2026-02-03 19:22:31.445894
FSR,30.42,30.41,30.43,50000000.0,50000000.0,0,0,0,0,0,0,40,2026-02-03 19:22:31.445894
ATB,61.98,61.97,61.99,50000000.0,50000000.0,0,0,0,0,0,0,40,2026-02-03 19:22:31.445894
SPK,52.42,52.41,52.43,50000000.0,50000000.0,0,0,0,0,0,0,40,2026-02-03 19:22:31.445894
EEC,46.7,46.69,46.71,50000000.0,50000000.0,0,0,0,0,0,0,40,2026-02-03 19:22:31.445894
TGX,43.7,43.69,43.71,50000000.0,50000000.0,0,0,0,0,0,0,41,2026-02-03 19:22:32.476088
PHR,48.86,48.85,48.87,50000000.0,50000000.0,0,0,0,0,0,0,41,2026-02-03 19:22:32.476088
BYL,45.14,45.13,45.15,50000000.0,50000000.0,0,0,0,0,0,0,41,2026-02-03 19:22:32.476088
CLD,79.2,79.19,79.21,50000000.0,50000000.0,0,0,0,0,0,0,41,2026-02-03 19:22:32.476088
GGD,31.72,31.71,31.73,50000000.0,50000000.0,0,0,0,0,0,0,41,2026-02-03 19:22:32.476088
PNR,60.04,60.03,60.05,50000000.0,50000000.0,0,0,0,0,0,0,41,2026-02-03 19:22:32.476088
FSR,30.48,30.47,30.49,50000000.0,50000000.0,0,0,0,0,0,0,41,2026-02-03 19:22:32.476088
ATB,61.37,61.36,61.38,50000000.0,50000000.0,0,0,0,0,0,0,41,2026-02-03 19:22:32.476088
SPK,52.25,52.24,52.26,50000000.0,50000000.0,0,0,0,0,0,0,41,2026-02-03 19:22:32.476088
EEC,46.34,46.33,46.35,50000000.0,50000000.0,0,0,0,0,0,0,41,2026-02-03 19:22:32.476088
TGX,43.72,43.71,43.73,50000000.0,50000000.0,0,0,0,0,0,0,42,2026-02-03 19:22:33.505973
PHR,48.82,48.81,48.83,50000000.0,50000000.0,0,0,0,0,0,0,42,2026-02-03 19:22:33.505973
BYL,45.17,45.16,45.18,50000000.0,50000000.0,0,0,0,0,0,0,42,2026-02-03 19:22:33.505973
CLD,79.28,79.27,79.29,50000000.0,50000000.0,0,0,0,0,0,0,42,2026-02-03 19:22:33.505973
GGD,31.77,31.76,31.78,50000000.0,50000000.0,0,0,0,0,0,0,42,2026-02-03 19:22:33.505973
PNR,60.19,60.18,60.2,50000000.0,50000000.0,0,0,0,0,0,0,42,2026-02-03 19:22:33.505973
FSR,30.47,30.46,30.48,50000000.0,50000000.0,0,0,0,0,0,0,42,2026-02-03 19:22:33.505973
ATB,61.46,61.45,61.47,50000000.0,50000000.0,0,0,0,0,0,0,42,2026-02-03 19:22:33.505973
SPK,52.3,52.29,52.31,50000000.0,50000000.0,0,0,0,0,0,0,42,2026-02-03 19:22:33.505973
EEC,46.44,46.43,46.45,50000000.0,50000000.0,0,0,0,0,0,0,42,2026-02-03 19:22:33.505973
TGX,43.71,43.7,43.72,50000000.0,50000000.0,0,0,0,0,0,0,43,2026-02-03 19:22:34.541233
PHR,48.8,48.79,48.81,50000000.0,50000000.0,0,0,0,0,0,0,43,2026-02-03 19:22:34.541233
BYL,45.23,45.22,45.24,50000000.0,50000000.0,0,0,0,0,0,0,43,2026-02-03 19:22:34.541233
CLD,79.42,79.41,79.43,50000000.0,50000000.0,0,0,0,0,0,0,43,2026-02-03 19:22:34.541233
GGD,31.72,31.71,31.73,50000000.0,50000000.0,0,0,0,0,0,0,43,2026-02-03 19:22:34.541233
PNR,60.18,60.17,60.19,50000000.0,50000000.0,0,0,0,0,0,0,43,2026-02-03 19:22:34.541233
FSR,30.49,30.48,30.5,50000000.0,50000000.0,0,0,0,0,0,0,43,2026-02-03 19:22:34.541233
ATB,61.36,61.35,61.37,50000000.0,50000000.0,0,0,0,0,0,0,43,2026-02-03 19:22:34.541233
SPK,52.15,52.14,52.16,50000000.0,50000000.0,0,0,0,0,0,0,43,2026-02-03 19:22:34.541233
EEC,46.18,46.17,46.19,50000000.0,50000000.0,0,0,0,0,0,0,43,2026-02-03 19:22:34.541233
TGX,43.7,43.69,43.71,50000000.0,50000000.0,0,0,0,0,0,0,44,2026-02-03 19:22:35.572520
PHR,48.74,48.73,48.75,50000000.0,50000000.0,0,0,0,0,0,0,44,2026-02-03 19:22:35.572520
BYL,45.24,45.23,45.25,50000000.0,50000000.0,0,0,0,0,0,0,44,2026-02-03 19:22:35.572520
CLD,79.41,79.4,79.42,50000000.0,50000000.0,0,0,0,0,0,0,44,2026-02-03 19:22:35.572520
GGD,31.68,31.67,31.69,50000000.0,50000000.0,0,0,0,0,0,0,44,2026-02-03 19:22:35.572520
PNR,60.1,60.09,60.11,50000000.0,50000000.0,0,0,0,0,0,0,44,2026-02-03 19:22:35.572520
FSR,30.51,30.5,30.52,50000000.0,50000000.0,0,0,0,0,0,0,44,2026-02-03 19:22:35.572520
ATB,61.45,61.44,61.46,50000000.0,50000000.0,0,0,0,0,0,0,44,2026-02-03 19:22:35.572520
SPK,51.87,51.86,51.88,50000000.0,50000000.0,0,0,0,0,0,0,44,2026-02-03 19:22:35.572520
EEC,45.62,45.61,45.63,50000000.0,50000000.0,0,0,0,0,0,0,44,2026-02-03 19:22:35.572520
TGX,43.72,43.71,43.73,50000000.0,50000000.0,0,0,0,0,0,0,45,2026-02-03 19:22:36.602481
PHR,48.47,48.46,48.48,50000000.0,50000000.0,0,0,0,0,0,0,45,2026-02-03 19:22:36.602481
BYL,45.22,45.21,45.23,50000000.0,50000000.0,0,0,0,0,0,0,45,2026-02-03 19:22:36.602481
CLD,79.34,79.33,79.35,50000000.0,50000000.0,0,0,0,0,0,0,45,2026-02-03 19:22:36.602481
GGD,31.66,31.65,31.67,50000000.0,50000000.0,0,0,0,0,0,0,45,2026-02-03 19:22:36.602481
PNR,60.18,60.17,60.19,50000000.0,50000000.0,0,0,0,0,0,0,45,2026-02-03 19:22:36.602481
FSR,30.47,30.46,30.48,50000000.0,50000000.0,0,0,0,0,0,0,45,2026-02-03 19:22:36.602481
ATB,61.44,61.43,61.45,50000000.0,50000000.0,0,0,0,0,0,0,45,2026-02-03 19:22:36.602481
SPK,51.71,51.7,51.72,50000000.0,50000000.0,0,0,0,0,0,0,45,2026-02-03 19:22:36.602481
EEC,45.4,45.39,45.41,50000000.0,50000000.0,0,0,0,0,0,0,45,2026-02-03 19:22:36.602481
TGX,43.76,43.75,43.77,50000000.0,50000000.0,0,0,0,0,0,0,46,2026-02-03 19:22:37.634115
PHR,48.36,48.35,48.37,50000000.0,50000000.0,0,0,0,0,0,0,46,2026-02-03 19:22:37.634115
BYL,45.29,45.28,45.3,50000000.0,50000000.0,0,0,0,0,0,0,46,2026-02-03 19:22:37.634115
CLD,79.51,79.5,79.52,50000000.0,50000000.0,0,0,0,0,0,0,46,2026-02-03 19:22:37.634115
GGD,31.72,31.71,31.73,50000000.0,50000000.0,0,0,0,0,0,0,46,2026-02-03 19:22:37.634115
PNR,60.15,60.14,60.16,50000000.0,50000000.0,0,0,0,0,0,0,46,2026-02-03 19:22:37.634115
FSR,30.47,30.46,30.48,50000000.0,50000000.0,0,0,0,0,0,0,46,2026-02-03 19:22:37.634115
ATB,61.43,61.42,61.44,50000000.0,50000000.0,0,0,0,0,0,0,46,2026-02-03 19:22:37.634115
SPK,51.6,51.59,51.61,50000000.0,50000000.0,0,0,0,0,0,0,46,2026-02-03 19:22:37.634115
EEC,45.3,45.29,45.31,50000000.0,50000000.0,0,0,0,0,0,0,46,2026-02-03 19:22:37.634115
TGX,43.73,43.72,43.74,50000000.0,50000000.0,0,0,0,0,0,0,47,2026-02-03 19:22:38.666859
PHR,48.51,48.5,48.52,50000000.0,50000000.0,0,0,0,0,0,0,47,2026-02-03 19:22:38.666859
BYL,45.31,45.3,45.32,50000000.0,50000000.0,0,0,0,0,0,0,47,2026-02-03 19:22:38.666859
CLD,79.54,79.53,79.55,50000000.0,50000000.0,0,0,0,0,0,0,47,2026-02-03 19:22:38.666859
GGD,31.76,31.75,31.77,50000000.0,50000000.0,0,0,0,0,0,0,47,2026-02-03 19:22:38.666859
PNR,60.17,60.16,60.18,50000000.0,50000000.0,0,0,0,0,0,0,47,2026-02-03 19:22:38.666859
FSR,30.47,30.46,30.48,50000000.0,50000000.0,0,0,0,0,0,0,47,2026-02-03 19:22:38.666859
ATB,61.8,61.79,61.81,50000000.0,50000000.0,0,0,0,0,0,0,47,2026-02-03 19:22:38.666859
SPK,51.68,51.67,51.69,50000000.0,50000000.0,0,0,0,0,0,0,47,2026-02-03 19:22:38.666859
EEC,45.49,45.48,45.5,50000000.0,50000000.0,0,0,0,0,0,0,47,2026-02-03 19:22:38.666859
TGX,43.68,43.67,43.69,50000000.0,50000000.0,0,0,0,0,0,0,48,2026-02-03 19:22:39.698909
PHR,48.85,48.84,48.86,50000000.0,50000000.0,0,0,0,0,0,0,48,2026-02-03 19:22:39.698909
BYL,45.43,45.42,45.44,50000000.0,50000000.0,0,0,0,0,0,0,48,2026-02-03 19:22:39.698909
CLD,79.92,79.91,79.93,50000000.0,50000000.0,0,0,0,0,0,0,48,2026-02-03 19:22:39.698909
GGD,31.78,31.77,31.79,50000000.0,50000000.0,0,0,0,0,0,0,48,2026-02-03 19:22:39.698909
PNR,60.13,60.12,60.14,50000000.0,50000000.0,0,0,0,0,0,0,48,2026-02-03 19:22:39.698909
FSR,30.46,30.45,30.47,50000000.0,50000000.0,0,0,0,0,0,0,48,2026-02-03 19:22:39.698909
ATB,62.2,62.19,62.21,50000000.0,50000000.0,0,0,0,0,0,0,48,2026-02-03 19:22:39.698909
SPK,51.63,51.62,51.64,50000000.0,50000000.0,0,0,0,0,0,0,48,2026-02-03 19:22:39.698909
EEC,45.49,45.48,45.5,50000000.0,50000000.0,0,0,0,0,0,0,48,2026-02-03 19:22:39.698909
TGX,43.65,43.64,43.66,50000000.0,50000000.0,0,0,0,0,0,0,49,2026-02-03 19:22:40.729967
PHR,48.76,48.75,48.77,50000000.0,50000000.0,0,0,0,0,0,0,49,2026-02-03 19:22:40.729967
BYL,45.63,45.62,45.64,50000000.0,50000000.0,0,0,0,0,0,0,49,2026-02-03 19:22:40.729967
CLD,80.26,80.25,80.27,50000000.0,50000000.0,0,0,0,0,0,0,49,2026-02-03 19:22:40.729967
GGD,31.83,31.82,31.84,50000000.0,50000000.0,0,0,0,0,0,0,49,2026-02-03 19:22:40.729967
PNR,60.04,60.03,60.05,50000000.0,50000000.0,0,0,0,0,0,0,49,2026-02-03 19:22:40.729967
FSR,30.52,30.51,30.53,50000000.0,50000000.0,0,0,0,0,0,0,49,2026-02-03 19:22:40.729967
ATB,61.99,61.98,62.0,50000000.0,50000000.0,0,0,0,0,0,0,49,2026-02-03 19:22:40.729967
SPK,51.62,51.61,51.63,50000000.0,50000000.0,0,0,0,0,0,0,49,2026-02-03 19:22:40.729967
EEC,45.36,45.35,45.37,50000000.0,50000000.0,0,0,0,0,0,0,49,2026-02-03 19:22:40.729967
TGX,43.64,43.63,43.65,50000000.0,50000000.0,0,0,0,0,0,0,50,2026-02-03 19:22:41.760257
PHR,48.69,48.68,48.7,50000000.0,50000000.0,0,0,0,0,0,0,50,2026-02-03 19:22:41.760257
BYL,45.67,45.66,45.68,50000000.0,50000000.0,0,0,0,0,0,0,50,2026-02-03 19:22:41.760257
CLD,80.35,80.34,80.36,50000000.0,50000000.0,0,0,0,0,0,0,50,2026-02-03 19:22:41.760257
GGD,31.82,31.81,31.83,50000000.0,50000000.0,0,0,0,0,0,0,50,2026-02-03 19:22:41.760257
PNR,60.13,60.12,60.14,50000000.0,50000000.0,0,0,0,0,0,0,50,2026-02-03 19:22:41.760257
FSR,30.57,30.56,30.58,50000000.0,50000000.0,0,0,0,0,0,0,50,2026-02-03 19:22:41.760257
ATB,61.71,61.7,61.72,50000000.0,50000000.0,0,0,0,0,0,0,50,2026-02-03 19:22:41.760257
SPK,51.59,51.58,51.6,50000000.0,50000000.0,0,0,0,0,0,0,50,2026-02-03 19:22:41.760257
EEC,45.34,45.33,45.35,50000000.0,50000000.0,0,0,0,0,0,0,50,2026-02-03 19:22:41.760257
TGX,43.63,43.62,43.64,50000000.0,50000000.0,0,0,0,0,0,0,51,2026-02-03 19:22:42.791876
PHR,48.46,48.45,48.47,50000000.0,50000000.0,0,0,0,0,0,0,51,2026-02-03 19:22:42.791876
BYL,45.59,45.58,45.6,50000000.0,50000000.0,0,0,0,0,0,0,51,2026-02-03 19:22:42.791876
CLD,80.18,80.17,80.19,50000000.0,50000000.0,0,0,0,0,0,0,51,2026-02-03 19:22:42.791876
GGD,31.78,31.77,31.79,50000000.0,50000000.0,0,0,0,0,0,0,51,2026-02-03 19:22:42.791876
PNR,60.11,60.1,60.12,50000000.0,50000000.0,0,0,0,0,0,0,51,2026-02-03 19:22:42.791876
FSR,30.54,30.53,30.55,50000000.0,50000000.0,0,0,0,0,0,0,51,2026-02-03 19:22:42.791876
ATB,61.55,61.54,61.56,50000000.0,50000000.0,0,0,0,0,0,0,51,2026-02-03 19:22:42.791876
SPK,51.69,51.68,51.7,50000000.0,50000000.0,0,0,0,0,0,0,51,2026-02-03 19:22:42.791876
EEC,45.07,45.06,45.08,50000000.0,50000000.0,0,0,0,0,0,0,51,2026-02-03 19:22:42.791876
TGX,43.6,43.59,43.61,50000000.0,50000000.0,0,0,0,0,0,0,52,2026-02-03 19:22:43.824944
PHR,48.11,48.1,48.12,50000000.0,50000000.0,0,0,0,0,0,0,52,2026-02-03 19:22:43.824944
BYL,45.58,45.57,45.59,50000000.0,50000000.0,0,0,0,0,0,0,52,2026-02-03 19:22:43.824944
CLD,80.15,80.14,80.16,50000000.0,50000000.0,0,0,0,0,0,0,52,2026-02-03 19:22:43.824944
GGD,31.72,31.71,31.73,50000000.0,50000000.0,0,0,0,0,0,0,52,2026-02-03 19:22:43.824944
PNR,60.17,60.16,60.18,50000000.0,50000000.0,0,0,0,0,0,0,52,2026-02-03 19:22:43.824944
FSR,30.5,30.49,30.51,50000000.0,50000000.0,0,0,0,0,0,0,52,2026-02-03 19:22:43.824944
ATB,61.35,61.34,61.36,50000000.0,50000000.0,0,0,0,0,0,0,52,2026-02-03 19:22:43.824944
SPK,52.0,51.99,52.01,50000000.0,50000000.0,0,0,0,0,0,0,52,2026-02-03 19:22:43.824944
EEC,45.61,45.6,45.62,50000000.0,50000000.0,0,0,0,0,0,0,52,2026-02-03 19:22:43.824944
TGX,43.61,43.6,43.62,50000000.0,50000000.0,0,0,0,0,0,0,53,2026-02-03 19:22:44.856141
PHR,48.17,48.16,48.18,50000000.0,50000000.0,0,0,0,0,0,0,53,2026-02-03 19:22:44.856141
BYL,45.56,45.55,45.57,50000000.0,50000000.0,0,0,0,0,0,0,53,2026-02-03 19:22:44.856141
CLD,80.21,80.2,80.22,50000000.0,50000000.0,0,0,0,0,0,0,53,2026-02-03 19:22:44.856141
GGD,31.69,31.68,31.7,50000000.0,50000000.0,0,0,0,0,0,0,53,2026-02-03 19:22:44.856141
PNR,60.22,60.21,60.23,50000000.0,50000000.0,0,0,0,0,0,0,53,2026-02-03 19:22:44.856141
FSR,30.52,30.51,30.53,50000000.0,50000000.0,0,0,0,0,0,0,53,2026-02-03 19:22:44.856141
ATB,61.68,61.67,61.69,50000000.0,50000000.0,0,0,0,0,0,0,53,2026-02-03 19:22:44.856141
SPK,51.83,51.82,51.84,50000000.0,50000000.0,0,0,0,0,0,0,53,2026-02-03 19:22:44.856141
EEC,45.35,45.34,45.36,50000000.0,50000000.0,0,0,0,0,0,0,53,2026-02-03 19:22:44.856141
TGX,43.61,43.6,43.62,50000000.0,50000000.0,0,0,0,0,0,0,54,2026-02-03 19:22:45.885611
PHR,48.3,48.29,48.31,50000000.0,50000000.0,0,0,0,0,0,0,54,2026-02-03 19:22:45.885611
BYL,45.67,45.66,45.68,50000000.0,50000000.0,0,0,0,0,0,0,54,2026-02-03 19:22:45.885611
CLD,80.53,80.52,80.54,50000000.0,50000000.0,0,0,0,0,0,0,54,2026-02-03 19:22:45.885611
GGD,31.66,31.65,31.67,50000000.0,50000000.0,0,0,0,0,0,0,54,2026-02-03 19:22:45.885611
PNR,60.19,60.18,60.2,50000000.0,50000000.0,0,0,0,0,0,0,54,2026-02-03 19:22:45.885611
FSR,30.51,30.5,30.52,50000000.0,50000000.0,0,0,0,0,0,0,54,2026-02-03 19:22:45.885611
ATB,61.73,61.72,61.74,50000000.0,50000000.0,0,0,0,0,0,0,54,2026-02-03 19:22:45.885611
SPK,51.79,51.78,51.8,50000000.0,50000000.0,0,0,0,0,0,0,54,2026-02-03 19:22:45.885611
EEC,45.38,45.37,45.39,50000000.0,50000000.0,0,0,0,0,0,0,54,2026-02-03 19:22:45.885611
TGX,43.63,43.62,43.64,50000000.0,50000000.0,0,0,0,0,0,0,55,2026-02-03 19:22:46.415303
PHR,48.33,48.32,48.34,50000000.0,50000000.0,0,0,0,0,0,0,55,2026-02-03 19:22:46.415303
BYL,45.64,45.63,45.65,50000000.0,50000000.0,0,0,0,0,0,0,55,2026-02-03 19:22:46.415303
CLD,80.42,80.41,80.43,50000000.0,50000000.0,0,0,0,0,0,0,55,2026-02-03 19:22:46.415303
GGD,31.66,31.65,31.67,50000000.0,50000000.0,0,0,0,0,0,0,55,2026-02-03 19:22:46.415303
PNR,60.33,60.32,60.34,50000000.0,50000000.0,0,0,0,0,0,0,55,2026-02-03 19:22:46.415303
FSR,30.52,30.51,30.53,50000000.0,50000000.0,0,0,0,0,0,0,55,2026-02-03 19:22:46.415303
ATB,61.86,61.85,61.87,50000000.0,50000000.0,0,0,0,0,0,0,55,2026-02-03 19:22:46.415303
SPK,51.67,51.66,51.68,50000000.0,50000000.0,0,0,0,0,0,0,55,2026-02-03 19:22:46.415303
EEC,45.27,45.26,45.28,50000000.0,50000000.0,0,0,0,0,0,0,55,2026-02-03 19:22:46.415303
TGX,43.62,43.61,43.63,50000000.0,50000000.0,0,0,0,0,0,0,56,2026-02-03 19:22:47.447769
PHR,48.18,48.17,48.19,50000000.0,50000000.0,0,0,0,0,0,0,56,2026-02-03 19:22:47.447769
BYL,45.61,45.6,45.62,50000000.0,50000000.0,0,0,0,0,0,0,56,2026-02-03 19:22:47.447769
CLD,80.17,80.16,80.18,50000000.0,50000000.0,0,0,0,0,0,0,56,2026-02-03 19:22:47.447769
GGD,31.7,31.69,31.71,50000000.0,50000000.0,0,0,0,0,0,0,56,2026-02-03 19:22:47.447769
PNR,60.38,60.37,60.39,50000000.0,50000000.0,0,0,0,0,0,0,56,2026-02-03 19:22:47.447769
FSR,30.49,30.48,30.5,50000000.0,50000000.0,0,0,0,0,0,0,56,2026-02-03 19:22:47.447769
ATB,61.62,61.61,61.63,50000000.0,50000000.0,0,0,0,0,0,0,56,2026-02-03 19:22:47.447769
SPK,51.8,51.79,51.81,50000000.0,50000000.0,0,0,0,0,0,0,56,2026-02-03 19:22:47.447769
EEC,45.64,45.63,45.65,50000000.0,50000000.0,0,0,0,0,0,0,56,2026-02-03 19:22:47.447769
TGX,43.61,43.6,43.62,50000000.0,50000000.0,0,0,0,0,0,0,57,2026-02-03 19:22:48.479500
PHR,48.2,48.19,48.21,50000000.0,50000000.0,0,0,0,0,0,0,57,2026-02-03 19:22:48.479500
BYL,45.65,45.64,45.66,50000000.0,50000000.0,0,0,0,0,0,0,57,2026-02-03 19:22:48.479500
CLD,80.31,80.3,80.32,50000000.0,50000000.0,0,0,0,0,0,0,57,2026-02-03 19:22:48.479500
GGD,31.65,31.64,31.66,50000000.0,50000000.0,0,0,0,0,0,0,57,2026-02-03 19:22:48.479500
PNR,60.39,60.38,60.4,50000000.0,50000000.0,0,0,0,0,0,0,57,2026-02-03 19:22:48.479500
FSR,30.52,30.51,30.53,50000000.0,50000000.0,0,0,0,0,0,0,57,2026-02-03 19:22:48.479500
ATB,61.28,61.27,61.29,50000000.0,50000000.0,0,0,0,0,0,0,57,2026-02-03 19:22:48.479500
SPK,51.58,51.57,51.59,50000000.0,50000000.0,0,0,0,0,0,0,57,2026-02-03 19:22:48.479500
EEC,45.37,45.36,45.38,50000000.0,50000000.0,0,0,0,0,0,0,57,2026-02-03 19:22:48.479500
TGX,43.61,43.6,43.62,50000000.0,50000000.0,0,0,0,0,0,0,58,2026-02-03 19:22:49.511533
PHR,47.79,47.78,47.8,50000000.0,50000000.0,0,0,0,0,0,0,58,2026-02-03 19:22:49.511533
BYL,45.75,45.74,45.76,50000000.0,50000000.0,0,0,0,0,0,0,58,2026-02-03 19:22:49.511533
CLD,80.49,80.48,80.5,50000000.0,50000000.0,0,0,0,0,0,0,58,2026-02-03 19:22:49.511533
GGD,31.57,31.56,31.58,50000000.0,50000000.0,0,0,0,0,0,0,58,2026-02-03 19:22:49.511533
PNR,60.14,60.13,60.15,50000000.0,50000000.0,0,0,0,0,0,0,58,2026-02-03 19:22:49.511533
FSR,30.51,30.5,30.52,50000000.0,50000000.0,0,0,0,0,0,0,58,2026-02-03 19:22:49.511533
ATB,61.39,61.38,61.4,50000000.0,50000000.0,0,0,0,0,0,0,58,2026-02-03 19:22:49.511533
SPK,51.43,51.42,51.44,50000000.0,50000000.0,0,0,0,0,0,0,58,2026-02-03 19:22:49.511533
EEC,45.07,45.06,45.08,50000000.0,50000000.0,0,0,0,0,0,0,58,2026-02-03 19:22:49.511533
TGX,43.64,43.63,43.65,50000000.0,50000000.0,0,0,0,0,0,0,59,2026-02-03 19:22:50.541169
PHR,47.92,47.91,47.93,50000000.0,50000000.0,0,0,0,0,0,0,59,2026-02-03 19:22:50.541169
BYL,45.9,45.89,45.91,50000000.0,50000000.0,0,0,0,0,0,0,59,2026-02-03 19:22:50.541169
CLD,80.8,80.79,80.81,50000000.0,50000000.0,0,0,0,0,0,0,59,2026-02-03 19:22:50.541169
GGD,31.55,31.54,31.56,50000000.0,50000000.0,0,0,0,0,0,0,59,2026-02-03 19:22:50.541169
PNR,60.33,60.32,60.34,50000000.0,50000000.0,0,0,0,0,0,0,59,2026-02-03 19:22:50.541169
FSR,30.46,30.45,30.47,50000000.0,50000000.0,0,0,0,0,0,0,59,2026-02-03 19:22:50.541169
ATB,61.49,61.48,61.5,50000000.0,50000000.0,0,0,0,0,0,0,59,2026-02-03 19:22:50.541169
SPK,51.27,51.26,51.28,50000000.0,50000000.0,0,0,0,0,0,0,59,2026-02-03 19:22:50.541169
EEC,44.8,44.79,44.81,50000000.0,50000000.0,0,0,0,0,0,0,59,2026-02-03 19:22:50.541169
TGX,43.64,43.63,43.65,50000000.0,50000000.0,0,0,0,0,0,0,60,2026-02-03 19:22:51.572043
PHR,47.9,47.89,47.91,50000000.0,50000000.0,0,0,0,0,0,0,60,2026-02-03 19:22:51.572043
BYL,46.06,46.05,46.07,50000000.0,50000000.0,0,0,0,0,0,0,60,2026-02-03 19:22:51.572043
CLD,81.19,81.18,81.2,50000000.0,50000000.0,0,0,0,0,0,0,60,2026-02-03 19:22:51.572043
GGD,31.56,31.55,31.57,50000000.0,50000000.0,0,0,0,0,0,0,60,2026-02-03 19:22:51.572043
PNR,60.34,60.33,60.35,50000000.0,50000000.0,0,0,0,0,0,0,60,2026-02-03 19:22:51.572043
FSR,30.48,30.47,30.49,50000000.0,50000000.0,0,0,0,0,0,0,60,2026-02-03 19:22:51.572043
ATB,61.81,61.8,61.82,50000000.0,50000000.0,0,0,0,0,0,0,60,2026-02-03 19:22:51.572043
SPK,51.28,51.27,51.29,50000000.0,50000000.0,0,0,0,0,0,0,60,2026-02-03 19:22:51.572043
EEC,44.96,44.95,44.97,50000000.0,50000000.0,0,0,0,0,0,0,60,2026-02-03 19:22:51.572043
TGX,43.65,43.64,43.66,50000000.0,50000000.0,0,0,0,0,0,0,61,2026-02-03 19:22:52.605863,8.0,1.0,60.0,ALL,Central Bank Announces Enhanced Liquidity Facilities,"The Federal Reserve has announced an expansion of its standing liquidity facilities, providing additional backstop capacity to the banking system and broader credit markets. The announcement has been interpreted as a signal that policymakers remain committed to orderly market functioning and will act to prevent credit market disruptions from impeding economic activity. Deal financing conditions have improved modestly, with committed credit facility margins tightening in secondary trading. Banking sector transactions benefit most directly from the reduced systemic risk perception, while all leveraged transactions see improved financing certainty."
PHR,47.75,47.74,47.76,50000000.0,50000000.0,0,0,0,0,0,0,61,2026-02-03 19:22:52.605863,,,,,,
BYL,46.07,46.06,46.08,50000000.0,50000000.0,0,0,0,0,0,0,61,2026-02-03 19:22:52.605863,,,,,,
CLD,81.36,81.35,81.37,50000000.0,50000000.0,0,0,0,0,0,0,61,2026-02-03 19:22:52.605863,,,,,,
GGD,31.64,31.63,31.65,50000000.0,50000000.0,0,0,0,0,0,0,61,2026-02-03 19:22:52.605863,,,,,,
PNR,60.4,60.39,60.41,50000000.0,50000000.0,0,0,0,0,0,0,61,2026-02-03 19:22:52.605863,,,,,,
FSR,30.52,30.51,30.53,50000000.0,50000000.0,0,0,0,0,0,0,61,2026-02-03 19:22:52.605863,,,,,,
ATB,62.18,62.17,62.19,50000000.0,50000000.0,0,0,0,0,0,0,61,2026-02-03 19:22:52.605863,,,,,,
SPK,51.25,51.24,51.26,50000000.0,50000000.0,0,0,0,0,0,0,61,2026-02-03 19:22:52.605863,,,,,,
EEC,44.89,44.88,44.9,50000000.0,50000000.0,0,0,0,0,0,0,61,2026-02-03 19:22:52.605863,,,,,,
TGX,43.68,43.67,43.69,50000000.0,50000000.0,0,0,0,0,0,0,62,2026-02-03 19:22:53.639229
PHR,47.77,47.76,47.78,50000000.0,50000000.0,0,0,0,0,0,0,62,2026-02-03 19:22:53.639229
BYL,46.08,46.07,46.09,50000000.0,50000000.0,0,0,0,0,0,0,62,2026-02-03 19:22:53.639229
CLD,81.19,81.18,81.2,50000000.0,50000000.0,0,0,0,0,0,0,62,2026-02-03 19:22:53.639229
GGD,31.67,31.66,31.68,50000000.0,50000000.0,0,0,0,0,0,0,62,2026-02-03 19:22:53.639229
PNR,60.51,60.5,60.52,50000000.0,50000000.0,0,0,0,0,0,0,62,2026-02-03 19:22:53.639229
FSR,30.51,30.5,30.52,50000000.0,50000000.0,0,0,0,0,0,0,62,2026-02-03 19:22:53.639229
ATB,62.13,62.12,62.14,50000000.0,50000000.0,0,0,0,0,0,0,62,2026-02-03 19:22:53.639229
SPK,51.41,51.4,51.42,50000000.0,50000000.0,0,0,0,0,0,0,62,2026-02-03 19:22:53.639229
EEC,45.24,45.23,45.25,50000000.0,50000000.0,0,0,0,0,0,0,62,2026-02-03 19:22:53.639229
TGX,43.69,43.68,43.7,50000000.0,50000000.0,0,0,0,0,0,0,63,2026-02-03 19:22:54.671035
PHR,48.02,48.01,48.03,50000000.0,50000000.0,0,0,0,0,0,0,63,2026-02-03 19:22:54.671035
BYL,46.34,46.33,46.35,50000000.0,50000000.0,0,0,0,0,0,0,63,2026-02-03 19:22:54.671035
CLD,81.52,81.51,81.53,50000000.0,50000000.0,0,0,0,0,0,0,63,2026-02-03 19:22:54.671035
GGD,31.61,31.6,31.62,50000000.0,50000000.0,0,0,0,0,0,0,63,2026-02-03 19:22:54.671035
PNR,60.62,60.61,60.63,50000000.0,50000000.0,0,0,0,0,0,0,63,2026-02-03 19:22:54.671035
FSR,30.5,30.49,30.51,50000000.0,50000000.0,0,0,0,0,0,0,63,2026-02-03 19:22:54.671035
ATB,62.04,62.03,62.05,50000000.0,50000000.0,0,0,0,0,0,0,63,2026-02-03 19:22:54.671035
SPK,51.2,51.19,51.21,50000000.0,50000000.0,0,0,0,0,0,0,63,2026-02-03 19:22:54.671035
EEC,44.93,44.92,44.94,50000000.0,50000000.0,0,0,0,0,0,0,63,2026-02-03 19:22:54.671035
TGX,43.67,43.66,43.68,50000000.0,50000000.0,0,0,0,0,0,0,64,2026-02-03 19:22:55.701057
PHR,47.83,47.82,47.84,50000000.0,50000000.0,0,0,0,0,0,0,64,2026-02-03 19:22:55.701057
BYL,46.33,46.32,46.34,50000000.0,50000000.0,0,0,0,0,0,0,64,2026-02-03 19:22:55.701057
CLD,81.48,81.47,81.49,50000000.0,50000000.0,0,0,0,0,0,0,64,2026-02-03 19:22:55.701057
GGD,31.64,31.63,31.65,50000000.0,50000000.0,0,0,0,0,0,0,64,2026-02-03 19:22:55.701057
PNR,60.69,60.68,60.7,50000000.0,50000000.0,0,0,0,0,0,0,64,2026-02-03 19:22:55.701057
FSR,30.46,30.45,30.47,50000000.0,50000000.0,0,0,0,0,0,0,64,2026-02-03 19:22:55.701057
ATB,61.98,61.97,61.99,50000000.0,50000000.0,0,0,0,0,0,0,64,2026-02-03 19:22:55.701057
SPK,51.27,51.26,51.28,50000000.0,50000000.0,0,0,0,0,0,0,64,2026-02-03 19:22:55.701057
EEC,44.99,44.98,45.0,50000000.0,50000000.0,0,0,0,0,0,0,64,2026-02-03 19:22:55.701057
TGX,43.69,43.68,43.7,50000000.0,50000000.0,0,0,0,0,0,0,65,2026-02-03 19:22:56.731038
PHR,47.92,47.91,47.93,50000000.0,50000000.0,0,0,0,0,0,0,65,2026-02-03 19:22:56.731038
BYL,46.42,46.41,46.43,50000000.0,50000000.0,0,0,0,0,0,0,65,2026-02-03 19:22:56.731038
CLD,81.58,81.57,81.59,50000000.0,50000000.0,0,0,0,0,0,0,65,2026-02-03 19:22:56.731038
GGD,31.61,31.6,31.62,50000000.0,50000000.0,0,0,0,0,0,0,65,2026-02-03 19:22:56.731038
PNR,60.68,60.67,60.69,50000000.0,50000000.0,0,0,0,0,0,0,65,2026-02-03 19:22:56.731038
FSR,30.47,30.46,30.48,50000000.0,50000000.0,0,0,0,0,0,0,65,2026-02-03 19:22:56.731038
ATB,61.7,61.69,61.71,50000000.0,50000000.0,0,0,0,0,0,0,65,2026-02-03 19:22:56.731038
SPK,51.09,51.08,51.1,50000000.0,50000000.0,0,0,0,0,0,0,65,2026-02-03 19:22:56.731038
EEC,44.82,44.81,44.83,50000000.0,50000000.0,0,0,0,0,0,0,65,2026-02-03 19:22:56.731038
TGX,43.71,43.7,43.72,50000000.0,50000000.0,0,0,0,0,0,0,66,2026-02-03 19:22:57.767672
PHR,47.68,47.67,47.69,50000000.0,50000000.0,0,0,0,0,0,0,66,2026-02-03 19:22:57.767672
BYL,46.28,46.27,46.29,50000000.0,50000000.0,0,0,0,0,0,0,66,2026-02-03 19:22:57.767672
CLD,81.41,81.4,81.42,50000000.0,50000000.0,0,0,0,0,0,0,66,2026-02-03 19:22:57.767672
GGD,31.57,31.56,31.58,50000000.0,50000000.0,0,0,0,0,0,0,66,2026-02-03 19:22:57.767672
PNR,60.47,60.46,60.48,50000000.0,50000000.0,0,0,0,0,0,0,66,2026-02-03 19:22:57.767672
FSR,30.49,30.48,30.5,50000000.0,50000000.0,0,0,0,0,0,0,66,2026-02-03 19:22:57.767672
ATB,62.0,61.99,62.01,50000000.0,50000000.0,0,0,0,0,0,0,66,2026-02-03 19:22:57.767672
SPK,51.42,51.41,51.43,50000000.0,50000000.0,0,0,0,0,0,0,66,2026-02-03 19:22:57.767672
EEC,45.37,45.36,45.38,50000000.0,50000000.0,0,0,0,0,0,0,66,2026-02-03 19:22:57.767672
TGX,43.72,43.71,43.73,50000000.0,50000000.0,0,0,0,0,0,0,67,2026-02-03 19:22:58.801302
PHR,47.88,47.87,47.89,50000000.0,50000000.0,0,0,0,0,0,0,67,2026-02-03 19:22:58.801302
BYL,46.3,46.29,46.31,50000000.0,50000000.0,0,0,0,0,0,0,67,2026-02-03 19:22:58.801302
CLD,81.54,81.53,81.55,50000000.0,50000000.0,0,0,0,0,0,0,67,2026-02-03 19:22:58.801302
GGD,31.58,31.57,31.59,50000000.0,50000000.0,0,0,0,0,0,0,67,2026-02-03 19:22:58.801302
PNR,60.19,60.18,60.2,50000000.0,50000000.0,0,0,0,0,0,0,67,2026-02-03 19:22:58.801302
FSR,30.48,30.47,30.49,50000000.0,50000000.0,0,0,0,0,0,0,67,2026-02-03 19:22:58.801302
ATB,61.74,61.73,61.75,50000000.0,50000000.0,0,0,0,0,0,0,67,2026-02-03 19:22:58.801302
SPK,51.33,51.32,51.34,50000000.0,50000000.0,0,0,0,0,0,0,67,2026-02-03 19:22:58.801302
EEC,45.29,45.28,45.3,50000000.0,50000000.0,0,0,0,0,0,0,67,2026-02-03 19:22:58.801302
TGX,43.71,43.7,43.72,50000000.0,50000000.0,0,0,0,0,0,0,68,2026-02-03 19:22:59.831957
PHR,47.79,47.78,47.8,50000000.0,50000000.0,0,0,0,0,0,0,68,2026-02-03 19:22:59.831957
BYL,46.27,46.26,46.28,50000000.0,50000000.0,0,0,0,0,0,0,68,2026-02-03 19:22:59.831957
CLD,81.52,81.51,81.53,50000000.0,50000000.0,0,0,0,0,0,0,68,2026-02-03 19:22:59.831957
GGD,31.59,31.58,31.6,50000000.0,50000000.0,0,0,0,0,0,0,68,2026-02-03 19:22:59.831957
PNR,60.26,60.25,60.27,50000000.0,50000000.0,0,0,0,0,0,0,68,2026-02-03 19:22:59.831957
FSR,30.5,30.49,30.51,50000000.0,50000000.0,0,0,0,0,0,0,68,2026-02-03 19:22:59.831957
ATB,61.83,61.82,61.84,50000000.0,50000000.0,0,0,0,0,0,0,68,2026-02-03 19:22:59.831957
SPK,50.9,50.89,50.91,50000000.0,50000000.0,0,0,0,0,0,0,68,2026-02-03 19:22:59.831957
EEC,44.8,44.79,44.81,50000000.0,50000000.0,0,0,0,0,0,0,68,2026-02-03 19:22:59.831957
TGX,43.68,43.67,43.69,50000000.0,50000000.0,0,0,0,0,0,0,69,2026-02-03 19:23:00.861803
PHR,48.17,48.16,48.18,50000000.0,50000000.0,0,0,0,0,0,0,69,2026-02-03 19:23:00.861803
BYL,46.32,46.31,46.33,50000000.0,50000000.0,0,0,0,0,0,0,69,2026-02-03 19:23:00.861803
CLD,81.61,81.6,81.62,50000000.0,50000000.0,0,0,0,0,0,0,69,2026-02-03 19:23:00.861803
GGD,31.58,31.57,31.59,50000000.0,50000000.0,0,0,0,0,0,0,69,2026-02-03 19:23:00.861803
PNR,60.28,60.27,60.29,50000000.0,50000000.0,0,0,0,0,0,0,69,2026-02-03 19:23:00.861803
FSR,30.56,30.55,30.57,50000000.0,50000000.0,0,0,0,0,0,0,69,2026-02-03 19:23:00.861803
ATB,61.8,61.79,61.81,50000000.0,50000000.0,0,0,0,0,0,0,69,2026-02-03 19:23:00.861803
SPK,51.03,51.02,51.04,50000000.0,50000000.0,0,0,0,0,0,0,69,2026-02-03 19:23:00.861803
EEC,45.05,45.04,45.06,50000000.0,50000000.0,0,0,0,0,0,0,69,2026-02-03 19:23:00.861803
TGX,43.67,43.66,43.68,50000000.0,50000000.0,0,0,0,0,0,0,70,2026-02-03 19:23:01.892211
PHR,48.02,48.01,48.03,50000000.0,50000000.0,0,0,0,0,0,0,70,2026-02-03 19:23:01.892211
BYL,46.33,46.32,46.34,50000000.0,50000000.0,0,0,0,0,0,0,70,2026-02-03 19:23:01.892211
CLD,81.52,81.51,81.53,50000000.0,50000000.0,0,0,0,0,0,0,70,2026-02-03 19:23:01.892211
GGD,31.56,31.55,31.57,50000000.0,50000000.0,0,0,0,0,0,0,70,2026-02-03 19:23:01.892211
PNR,60.33,60.32,60.34,50000000.0,50000000.0,0,0,0,0,0,0,70,2026-02-03 19:23:01.892211
FSR,30.52,30.51,30.53,50000000.0,50000000.0,0,0,0,0,0,0,70,2026-02-03 19:23:01.892211
ATB,62.11,62.1,62.12,50000000.0,50000000.0,0,0,0,0,0,0,70,2026-02-03 19:23:01.892211
SPK,51.2,51.19,51.21,50000000.0,50000000.0,0,0,0,0,0,0,70,2026-02-03 19:23:01.892211
EEC,45.08,45.07,45.09,50000000.0,50000000.0,0,0,0,0,0,0,70,2026-02-03 19:23:01.892211
TGX,43.68,43.67,43.69,50000000.0,50000000.0,0,0,0,0,0,0,71,2026-02-03 19:23:02.922207
PHR,48.08,48.07,48.09,50000000.0,50000000.0,0,0,0,0,0,0,71,2026-02-03 19:23:02.922207
BYL,46.51,46.5,46.52,50000000.0,50000000.0,0,0,0,0,0,0,71,2026-02-03 19:23:02.922207
CLD,81.81,81.8,81.82,50000000.0,50000000.0,0,0,0,0,0,0,71,2026-02-03 19:23:02.922207
GGD,31.62,31.61,31.63,50000000.0,50000000.0,0,0,0,0,0,0,71,2026-02-03 19:23:02.922207
PNR,60.47,60.46,60.48,50000000.0,50000000.0,0,0,0,0,0,0,71,2026-02-03 19:23:02.922207
FSR,30.47,30.46,30.48,50000000.0,50000000.0,0,0,0,0,0,0,71,2026-02-03 19:23:02.922207
ATB,62.1,62.09,62.11,50000000.0,50000000.0,0,0,0,0,0,0,71,2026-02-03 19:23:02.922207
SPK,51.33,51.32,51.34,50000000.0,50000000.0,0,0,0,0,0,0,71,2026-02-03 19:23:02.922207
EEC,45.22,45.21,45.23,50000000.0,50000000.0,0,0,0,0,0,0,71,2026-02-03 19:23:02.922207
TGX,43.72,43.71,43.73,50000000.0,50000000.0,0,0,0,0,0,0,72,2026-02-03 19:23:03.956413
PHR,48.16,48.15,48.17,50000000.0,50000000.0,0,0,0,0,0,0,72,2026-02-03 19:23:03.956413
BYL,46.55,46.54,46.56,50000000.0,50000000.0,0,0,0,0,0,0,72,2026-02-03 19:23:03.956413
CLD,81.89,81.88,81.9,50000000.0,50000000.0,0,0,0,0,0,0,72,2026-02-03 19:23:03.956413
GGD,31.7,31.69,31.71,50000000.0,50000000.0,0,0,0,0,0,0,72,2026-02-03 19:23:03.956413
PNR,60.69,60.68,60.7,50000000.0,50000000.0,0,0,0,0,0,0,72,2026-02-03 19:23:03.956413
FSR,30.46,30.45,30.47,50000000.0,50000000.0,0,0,0,0,0,0,72,2026-02-03 19:23:03.956413
ATB,61.94,61.93,61.95,50000000.0,50000000.0,0,0,0,0,0,0,72,2026-02-03 19:23:03.956413
SPK,51.35,51.34,51.36,50000000.0,50000000.0,0,0,0,0,0,0,72,2026-02-03 19:23:03.956413
EEC,45.07,45.06,45.08,50000000.0,50000000.0,0,0,0,0,0,0,72,2026-02-03 19:23:03.956413
TGX,43.7,43.69,43.71,50000000.0,50000000.0,0,0,0,0,0,0,73,2026-02-03 19:23:04.493066
PHR,48.43,48.42,48.44,50000000.0,50000000.0,0,0,0,0,0,0,73,2026-02-03 19:23:04.493066
BYL,46.43,46.42,46.44,50000000.0,50000000.0,0,0,0,0,0,0,73,2026-02-03 19:23:04.493066
CLD,81.73,81.72,81.74,50000000.0,50000000.0,0,0,0,0,0,0,73,2026-02-03 19:23:04.493066
GGD,31.72,31.71,31.73,50000000.0,50000000.0,0,0,0,0,0,0,73,2026-02-03 19:23:04.493066
PNR,60.73,60.72,60.74,50000000.0,50000000.0,0,0,0,0,0,0,73,2026-02-03 19:23:04.493066
FSR,30.48,30.47,30.49,50000000.0,50000000.0,0,0,0,0,0,0,73,2026-02-03 19:23:04.493066
ATB,62.54,62.53,62.55,50000000.0,50000000.0,0,0,0,0,0,0,73,2026-02-03 19:23:04.493066
SPK,51.35,51.34,51.36,50000000.0,50000000.0,0,0,0,0,0,0,73,2026-02-03 19:23:04.493066
EEC,45.23,45.22,45.24,50000000.0,50000000.0,0,0,0,0,0,0,73,2026-02-03 19:23:04.493066
TGX,43.67,43.66,43.68,50000000.0,50000000.0,0,0,0,0,0,0,74,2026-02-03 19:23:05.527430
PHR,48.51,48.5,48.52,50000000.0,50000000.0,0,0,0,0,0,0,74,2026-02-03 19:23:05.527430
BYL,46.38,46.37,46.39,50000000.0,50000000.0,0,0,0,0,0,0,74,2026-02-03 19:23:05.527430
CLD,81.63,81.62,81.64,50000000.0,50000000.0,0,0,0,0,0,0,74,2026-02-03 19:23:05.527430
GGD,31.68,31.67,31.69,50000000.0,50000000.0,0,0,0,0,0,0,74,2026-02-03 19:23:05.527430
PNR,60.72,60.71,60.73,50000000.0,50000000.0,0,0,0,0,0,0,74,2026-02-03 19:23:05.527430
FSR,30.52,30.51,30.53,50000000.0,50000000.0,0,0,0,0,0,0,74,2026-02-03 19:23:05.527430
ATB,62.48,62.47,62.49,50000000.0,50000000.0,0,0,0,0,0,0,74,2026-02-03 19:23:05.527430
SPK,51.29,51.28,51.3,50000000.0,50000000.0,0,0,0,0,0,0,74,2026-02-03 19:23:05.527430
EEC,45.25,45.24,45.26,50000000.0,50000000.0,0,0,0,0,0,0,74,2026-02-03 19:23:05.527430
TGX,43.69,43.68,43.7,50000000.0,50000000.0,0,0,0,0,0,0,75,2026-02-03 19:23:06.557797
PHR,48.37,48.36,48.38,50000000.0,50000000.0,0,0,0,0,0,0,75,2026-02-03 19:23:06.557797
BYL,46.41,46.4,46.42,50000000.0,50000000.0,0,0,0,0,0,0,75,2026-02-03 19:23:06.557797
CLD,81.78,81.77,81.79,50000000.0,50000000.0,0,0,0,0,0,0,75,2026-02-03 19:23:06.557797
GGD,31.65,31.64,31.66,50000000.0,50000000.0,0,0,0,0,0,0,75,2026-02-03 19:23:06.557797
PNR,60.57,60.56,60.58,50000000.0,50000000.0,0,0,0,0,0,0,75,2026-02-03 19:23:06.557797
FSR,30.53,30.52,30.54,50000000.0,50000000.0,0,0,0,0,0,0,75,2026-02-03 19:23:06.557797
ATB,62.52,62.51,62.53,50000000.0,50000000.0,0,0,0,0,0,0,75,2026-02-03 19:23:06.557797
SPK,51.43,51.42,51.44,50000000.0,50000000.0,0,0,0,0,0,0,75,2026-02-03 19:23:06.557797
EEC,45.46,45.45,45.47,50000000.0,50000000.0,0,0,0,0,0,0,75,2026-02-03 19:23:06.557797
TGX,43.7,43.69,43.71,50000000.0,50000000.0,0,0,0,0,0,0,76,2026-02-03 19:23:07.591425
PHR,48.61,48.6,48.62,50000000.0,50000000.0,0,0,0,0,0,0,76,2026-02-03 19:23:07.591425
BYL,47.11,47.1,47.12,50000000.0,50000000.0,0,0,0,0,0,0,76,2026-02-03 19:23:07.591425
CLD,81.53,81.52,81.54,50000000.0,50000000.0,0,0,0,0,0,0,76,2026-02-03 19:23:07.591425
GGD,31.64,31.63,31.65,50000000.0,50000000.0,0,0,0,0,0,0,76,2026-02-03 19:23:07.591425
PNR,60.59,60.58,60.6,50000000.0,50000000.0,0,0,0,0,0,0,76,2026-02-03 19:23:07.591425
FSR,30.51,30.5,30.52,50000000.0,50000000.0,0,0,0,0,0,0,76,2026-02-03 19:23:07.591425
ATB,62.41,62.4,62.42,50000000.0,50000000.0,0,0,0,0,0,0,76,2026-02-03 19:23:07.591425
SPK,51.43,51.42,51.44,50000000.0,50000000.0,0,0,0,0,0,0,76,2026-02-03 19:23:07.591425
EEC,45.46,45.45,45.47,50000000.0,50000000.0,0,0,0,0,0,0,76,2026-02-03 19:23:07.591425
TGX,43.68,43.67,43.69,50000000.0,50000000.0,0,0,0,0,0,0,77,2026-02-03 19:23:08.620578
PHR,48.66,48.65,48.67,50000000.0,50000000.0,0,0,0,0,0,0,77,2026-02-03 19:23:08.620578
BYL,47.35,47.34,47.36,50000000.0,50000000.0,0,0,0,0,0,0,77,2026-02-03 19:23:08.620578
CLD,82.13,82.12,82.14,50000000.0,50000000.0,0,0,0,0,0,0,77,2026-02-03 19:23:08.620578
GGD,31.6,31.59,31.61,50000000.0,50000000.0,0,0,0,0,0,0,77,2026-02-03 19:23:08.620578
PNR,60.45,60.44,60.46,50000000.0,50000000.0,0,0,0,0,0,0,77,2026-02-03 19:23:08.620578
FSR,30.58,30.57,30.59,50000000.0,50000000.0,0,0,0,0,0,0,77,2026-02-03 19:23:08.620578
ATB,62.51,62.5,62.52,50000000.0,50000000.0,0,0,0,0,0,0,77,2026-02-03 19:23:08.620578
SPK,51.19,51.18,51.2,50000000.0,50000000.0,0,0,0,0,0,0,77,2026-02-03 19:23:08.620578
EEC,45.11,45.1,45.12,50000000.0,50000000.0,0,0,0,0,0,0,77,2026-02-03 19:23:08.620578
TGX,43.66,43.65,43.67,50000000.0,50000000.0,0,0,0,0,0,0,78,2026-02-03 19:23:09.675946
PHR,48.83,48.82,48.84,50000000.0,50000000.0,0,0,0,0,0,0,78,2026-02-03 19:23:09.675946
BYL,47.31,47.3,47.32,50000000.0,50000000.0,0,0,0,0,0,0,78,2026-02-03 19:23:09.675946
CLD,82.03,82.02,82.04,50000000.0,50000000.0,0,0,0,0,0,0,78,2026-02-03 19:23:09.675946
GGD,31.55,31.54,31.56,50000000.0,50000000.0,0,0,0,0,0,0,78,2026-02-03 19:23:09.675946
PNR,60.52,60.51,60.53,50000000.0,50000000.0,0,0,0,0,0,0,78,2026-02-03 19:23:09.675946
FSR,30.57,30.56,30.58,50000000.0,50000000.0,0,0,0,0,0,0,78,2026-02-03 19:23:09.675946
ATB,62.21,62.2,62.22,50000000.0,50000000.0,0,0,0,0,0,0,78,2026-02-03 19:23:09.675946
SPK,50.79,50.78,50.8,50000000.0,50000000.0,0,0,0,0,0,0,78,2026-02-03 19:23:09.675946
EEC,44.33,44.32,44.34,50000000.0,50000000.0,0,0,0,0,0,0,78,2026-02-03 19:23:09.675946
TGX,43.68,43.67,43.69,50000000.0,50000000.0,0,0,0,0,0,0,79,2026-02-03 19:23:10.737595,10.0,1.0,78.0,D3-GGD/PNR,FERC Review Initiated for Energy Deal,The Federal Energy Regulatory Commission opens standard review examining market power implications in regional energy markets.
PHR,48.54,48.53,48.55,50000000.0,50000000.0,0,0,0,0,0,0,79,2026-02-03 19:23:10.737595,9.0,1.0,78.0,D1-TGX/PHR,Congressional Hearing Announced,"The Senate Judiciary Committee announces hearings on pharmaceutical consolidation, specifically naming this transaction as a case study. Companies asked to testify."
BYL,47.44,47.43,47.45,50000000.0,50000000.0,0,0,0,0,0,0,79,2026-02-03 19:23:10.737595,,,,,,
CLD,82.49,82.48,82.5,50000000.0,50000000.0,0,0,0,0,0,0,79,2026-02-03 19:23:10.737595,,,,,,
GGD,31.54,31.53,31.55,50000000.0,50000000.0,0,0,0,0,0,0,79,2026-02-03 19:23:10.737595,,,,,,
PNR,60.69,60.68,60.7,50000000.0,50000000.0,0,0,0,0,0,0,79,2026-02-03 19:23:10.737595,,,,,,
FSR,30.55,30.54,30.56,50000000.0,50000000.0,0,0,0,0,0,0,79,2026-02-03 19:23:10.737595,,,,,,
ATB,62.17,62.16,62.18,50000000.0,50000000.0,0,0,0,0,0,0,79,2026-02-03 19:23:10.737595,,,,,,
SPK,50.8,50.79,50.81,50000000.0,50000000.0,0,0,0,0,0,0,79,2026-02-03 19:23:10.737595,,,,,,
EEC,44.15,44.14,44.16,50000000.0,50000000.0,0,0,0,0,0,0,79,2026-02-03 19:23:10.737595,,,,,,
TGX,43.69,43.68,43.7,50000000.0,50000000.0,0,0,0,0,0,0,80,2026-02-03 19:23:11.786068,11.0,1.0,79.0,D5-SPK/EEC,Project Finance Commitment Secured,Major banks commit $2.5B in project finance for combined entity's development pipeline.
PHR,48.67,48.66,48.68,50000000.0,50000000.0,0,0,0,0,0,0,80,2026-02-03 19:23:11.786068,,,,,,
BYL,47.52,47.51,47.53,50000000.0,50000000.0,0,0,0,0,0,0,80,2026-02-03 19:23:11.786068,,,,,,
CLD,82.67,82.66,82.68,50000000.0,50000000.0,0,0,0,0,0,0,80,2026-02-03 19:23:11.786068,,,,,,
GGD,31.49,31.48,31.5,50000000.0,50000000.0,0,0,0,0,0,0,80,2026-02-03 19:23:11.786068,,,,,,
PNR,60.71,60.7,60.72,50000000.0,50000000.0,0,0,0,0,0,0,80,2026-02-03 19:23:11.786068,,,,,,
FSR,30.53,30.52,30.54,50000000.0,50000000.0,0,0,0,0,0,0,80,2026-02-03 19:23:11.786068,,,,,,
ATB,62.62,62.61,62.63,50000000.0,50000000.0,0,0,0,0,0,0,80,2026-02-03 19:23:11.786068,,,,,,
SPK,51.19,51.18,51.2,50000000.0,50000000.0,0,0,0,0,0,0,80,2026-02-03 19:23:11.786068,,,,,,
EEC,44.75,44.74,44.76,50000000.0,50000000.0,0,0,0,0,0,0,80,2026-02-03 19:23:11.786068,,,,,,
TGX,43.66,43.65,43.67,50000000.0,50000000.0,0,0,0,0,0,0,81,2026-02-03 19:23:12.822337,12.0,1.0,80.0,D1-TGX/PHR,Pharmaco Stock Price Decline,"PHR shares fall 8% on broader market selloff, raising questions about whether the company will proceed with the cash acquisition at current levels."
PHR,48.61,48.6,48.62,50000000.0,50000000.0,0,0,0,0,0,0,81,2026-02-03 19:23:12.822337,,,,,,
BYL,47.5,47.49,47.51,50000000.0,50000000.0,0,0,0,0,0,0,81,2026-02-03 19:23:12.822337,,,,,,
CLD,82.57,82.56,82.58,50000000.0,50000000.0,0,0,0,0,0,0,81,2026-02-03 19:23:12.822337,,,,,,
GGD,31.52,31.51,31.53,50000000.0,50000000.0,0,0,0,0,0,0,81,2026-02-03 19:23:12.822337,,,,,,
PNR,60.67,60.66,60.68,50000000.0,50000000.0,0,0,0,0,0,0,81,2026-02-03 19:23:12.822337,,,,,,
FSR,30.51,30.5,30.52,50000000.0,50000000.0,0,0,0,0,0,0,81,2026-02-03 19:23:12.822337,,,,,,
ATB,62.24,62.23,62.25,50000000.0,50000000.0,0,0,0,0,0,0,81,2026-02-03 19:23:12.822337,,,,,,
SPK,50.91,50.9,50.92,50000000.0,50000000.0,0,0,0,0,0,0,81,2026-02-03 19:23:12.822337,,,,,,
EEC,44.31,44.3,44.32,50000000.0,50000000.0,0,0,0,0,0,0,81,2026-02-03 19:23:12.822337,,,,,,
TGX,43.66,43.65,43.67,50000000.0,50000000.0,0,0,0,0,0,0,82,2026-02-03 19:23:13.857897
PHR,48.58,48.57,48.59,50000000.0,50000000.0,0,0,0,0,0,0,82,2026-02-03 19:23:13.857897
BYL,47.56,47.55,47.57,50000000.0,50000000.0,0,0,0,0,0,0,82,2026-02-03 19:23:13.857897
CLD,82.65,82.64,82.66,50000000.0,50000000.0,0,0,0,0,0,0,82,2026-02-03 19:23:13.857897
GGD,32.6,32.59,32.61,50000000.0,50000000.0,0,0,0,0,0,0,82,2026-02-03 19:23:13.857897
PNR,60.51,60.5,60.52,50000000.0,50000000.0,0,0,0,0,0,0,82,2026-02-03 19:23:13.857897
FSR,30.48,30.47,30.49,50000000.0,50000000.0,0,0,0,0,0,0,82,2026-02-03 19:23:13.857897
ATB,61.8,61.79,61.81,50000000.0,50000000.0,0,0,0,0,0,0,82,2026-02-03 19:23:13.857897
SPK,51.11,51.1,51.12,50000000.0,50000000.0,0,0,0,0,0,0,82,2026-02-03 19:23:13.857897
EEC,44.54,44.53,44.55,50000000.0,50000000.0,0,0,0,0,0,0,82,2026-02-03 19:23:13.857897
TGX,43.66,43.65,43.67,50000000.0,50000000.0,0,0,0,0,0,0,83,2026-02-03 19:23:14.893643
PHR,48.41,48.4,48.42,50000000.0,50000000.0,0,0,0,0,0,0,83,2026-02-03 19:23:14.893643
BYL,47.58,47.57,47.59,50000000.0,50000000.0,0,0,0,0,0,0,83,2026-02-03 19:23:14.893643
CLD,82.82,82.81,82.83,50000000.0,50000000.0,0,0,0,0,0,0,83,2026-02-03 19:23:14.893643
GGD,32.67,32.66,32.68,50000000.0,50000000.0,0,0,0,0,0,0,83,2026-02-03 19:23:14.893643
PNR,60.65,60.64,60.66,50000000.0,50000000.0,0,0,0,0,0,0,83,2026-02-03 19:23:14.893643
FSR,30.42,30.41,30.43,50000000.0,50000000.0,0,0,0,0,0,0,83,2026-02-03 19:23:14.893643
ATB,62.19,62.18,62.2,50000000.0,50000000.0,0,0,0,0,0,0,83,2026-02-03 19:23:14.893643
SPK,51.03,51.02,51.04,50000000.0,50000000.0,0,0,0,0,0,0,83,2026-02-03 19:23:14.893643
EEC,44.37,44.36,44.38,50000000.0,50000000.0,0,0,0,0,0,0,83,2026-02-03 19:23:14.893643
TGX,43.67,43.66,43.68,50000000.0,50000000.0,0,0,0,0,0,0,84,2026-02-03 19:23:15.925916
PHR,48.42,48.41,48.43,50000000.0,50000000.0,0,0,0,0,0,0,84,2026-02-03 19:23:15.925916
BYL,48.23,48.22,48.24,50000000.0,50000000.0,0,0,0,0,0,0,84,2026-02-03 19:23:15.925916
CLD,82.76,82.75,82.77,50000000.0,50000000.0,0,0,0,0,0,0,84,2026-02-03 19:23:15.925916
GGD,32.59,32.58,32.6,50000000.0,50000000.0,0,0,0,0,0,0,84,2026-02-03 19:23:15.925916
PNR,60.72,60.71,60.73,50000000.0,50000000.0,0,0,0,0,0,0,84,2026-02-03 19:23:15.925916
FSR,30.41,30.4,30.42,50000000.0,50000000.0,0,0,0,0,0,0,84,2026-02-03 19:23:15.925916
ATB,62.15,62.14,62.16,50000000.0,50000000.0,0,0,0,0,0,0,84,2026-02-03 19:23:15.925916
SPK,50.99,50.98,51.0,50000000.0,50000000.0,0,0,0,0,0,0,84,2026-02-03 19:23:15.925916
EEC,44.4,44.39,44.41,50000000.0,50000000.0,0,0,0,0,0,0,84,2026-02-03 19:23:15.925916
TGX,43.69,43.68,43.7,50000000.0,50000000.0,0,0,0,0,0,0,85,2026-02-03 19:23:16.965075
PHR,48.3,48.29,48.31,50000000.0,50000000.0,0,0,0,0,0,0,85,2026-02-03 19:23:16.965075
BYL,48.36,48.35,48.37,50000000.0,50000000.0,0,0,0,0,0,0,85,2026-02-03 19:23:16.965075
CLD,83.09,83.08,83.1,50000000.0,50000000.0,0,0,0,0,0,0,85,2026-02-03 19:23:16.965075
GGD,32.6,32.59,32.61,50000000.0,50000000.0,0,0,0,0,0,0,85,2026-02-03 19:23:16.965075
PNR,60.79,60.78,60.8,50000000.0,50000000.0,0,0,0,0,0,0,85,2026-02-03 19:23:16.965075
FSR,30.38,30.37,30.39,50000000.0,50000000.0,0,0,0,0,0,0,85,2026-02-03 19:23:16.965075
ATB,62.44,62.43,62.45,50000000.0,50000000.0,0,0,0,0,0,0,85,2026-02-03 19:23:16.965075
SPK,51.3,51.29,51.31,50000000.0,50000000.0,0,0,0,0,0,0,85,2026-02-03 19:23:16.965075
EEC,44.78,44.77,44.79,50000000.0,50000000.0,0,0,0,0,0,0,85,2026-02-03 19:23:16.965075
TGX,43.67,43.66,43.68,50000000.0,50000000.0,0,0,0,0,0,0,86,2026-02-03 19:23:17.995749
PHR,48.26,48.25,48.27,50000000.0,50000000.0,0,0,0,0,0,0,86,2026-02-03 19:23:17.995749
BYL,48.5,48.49,48.51,50000000.0,50000000.0,0,0,0,0,0,0,86,2026-02-03 19:23:17.995749
CLD,83.31,83.3,83.32,50000000.0,50000000.0,0,0,0,0,0,0,86,2026-02-03 19:23:17.995749
GGD,32.62,32.61,32.63,50000000.0,50000000.0,0,0,0,0,0,0,86,2026-02-03 19:23:17.995749
PNR,60.55,60.54,60.56,50000000.0,50000000.0,0,0,0,0,0,0,86,2026-02-03 19:23:17.995749
FSR,30.4,30.39,30.41,50000000.0,50000000.0,0,0,0,0,0,0,86,2026-02-03 19:23:17.995749
ATB,62.14,62.13,62.15,50000000.0,50000000.0,0,0,0,0,0,0,86,2026-02-03 19:23:17.995749
SPK,51.02,51.01,51.03,50000000.0,50000000.0,0,0,0,0,0,0,86,2026-02-03 19:23:17.995749
EEC,44.31,44.3,44.32,50000000.0,50000000.0,0,0,0,0,0,0,86,2026-02-03 19:23:17.995749
TGX,43.67,43.66,43.68,50000000.0,50000000.0,0,0,0,0,0,0,87,2026-02-03 19:23:19.032579
PHR,48.0,47.99,48.01,50000000.0,50000000.0,0,0,0,0,0,0,87,2026-02-03 19:23:19.032579
BYL,48.52,48.51,48.53,50000000.0,50000000.0,0,0,0,0,0,0,87,2026-02-03 19:23:19.032579
CLD,83.3,83.29,83.31,50000000.0,50000000.0,0,0,0,0,0,0,87,2026-02-03 19:23:19.032579
GGD,32.59,32.58,32.6,50000000.0,50000000.0,0,0,0,0,0,0,87,2026-02-03 19:23:19.032579
PNR,60.45,60.44,60.46,50000000.0,50000000.0,0,0,0,0,0,0,87,2026-02-03 19:23:19.032579
FSR,30.43,30.42,30.44,50000000.0,50000000.0,0,0,0,0,0,0,87,2026-02-03 19:23:19.032579
ATB,62.13,62.12,62.14,50000000.0,50000000.0,0,0,0,0,0,0,87,2026-02-03 19:23:19.032579
SPK,51.09,51.08,51.1,50000000.0,50000000.0,0,0,0,0,0,0,87,2026-02-03 19:23:19.032579
EEC,44.5,44.49,44.51,50000000.0,50000000.0,0,0,0,0,0,0,87,2026-02-03 19:23:19.032579
TGX,43.64,43.63,43.65,50000000.0,50000000.0,0,0,0,0,0,0,88,2026-02-03 19:23:20.067117
PHR,48.49,48.48,48.5,50000000.0,50000000.0,0,0,0,0,0,0,88,2026-02-03 19:23:20.067117
BYL,48.58,48.57,48.59,50000000.0,50000000.0,0,0,0,0,0,0,88,2026-02-03 19:23:20.067117
CLD,83.31,83.3,83.32,50000000.0,50000000.0,0,0,0,0,0,0,88,2026-02-03 19:23:20.067117
GGD,32.58,32.57,32.59,50000000.0,50000000.0,0,0,0,0,0,0,88,2026-02-03 19:23:20.067117
PNR,60.42,60.41,60.43,50000000.0,50000000.0,0,0,0,0,0,0,88,2026-02-03 19:23:20.067117
FSR,30.43,30.42,30.44,50000000.0,50000000.0,0,0,0,0,0,0,88,2026-02-03 19:23:20.067117
ATB,62.57,62.56,62.58,50000000.0,50000000.0,0,0,0,0,0,0,88,2026-02-03 19:23:20.067117
SPK,51.03,51.02,51.04,50000000.0,50000000.0,0,0,0,0,0,0,88,2026-02-03 19:23:20.067117
EEC,44.28,44.27,44.29,50000000.0,50000000.0,0,0,0,0,0,0,88,2026-02-03 19:23:20.067117
TGX,43.67,43.66,43.68,50000000.0,50000000.0,0,0,0,0,0,0,89,2026-02-03 19:23:20.595432
PHR,48.56,48.55,48.57,50000000.0,50000000.0,0,0,0,0,0,0,89,2026-02-03 19:23:20.595432
BYL,48.72,48.71,48.73,50000000.0,50000000.0,0,0,0,0,0,0,89,2026-02-03 19:23:20.595432
CLD,83.67,83.66,83.68,50000000.0,50000000.0,0,0,0,0,0,0,89,2026-02-03 19:23:20.595432
GGD,32.53,32.52,32.54,50000000.0,50000000.0,0,0,0,0,0,0,89,2026-02-03 19:23:20.595432
PNR,60.36,60.35,60.37,50000000.0,50000000.0,0,0,0,0,0,0,89,2026-02-03 19:23:20.595432
FSR,30.45,30.44,30.46,50000000.0,50000000.0,0,0,0,0,0,0,89,2026-02-03 19:23:20.595432
ATB,62.6,62.59,62.61,50000000.0,50000000.0,0,0,0,0,0,0,89,2026-02-03 19:23:20.595432
SPK,51.0,50.99,51.01,50000000.0,50000000.0,0,0,0,0,0,0,89,2026-02-03 19:23:20.595432
EEC,44.36,44.35,44.37,50000000.0,50000000.0,0,0,0,0,0,0,89,2026-02-03 19:23:20.595432
TGX,43.66,43.65,43.67,50000000.0,50000000.0,0,0,0,0,0,0,90,2026-02-03 19:23:21.624047
PHR,48.78,48.77,48.79,50000000.0,50000000.0,0,0,0,0,0,0,90,2026-02-03 19:23:21.624047
BYL,48.69,48.68,48.7,50000000.0,50000000.0,0,0,0,0,0,0,90,2026-02-03 19:23:21.624047
CLD,83.48,83.47,83.49,50000000.0,50000000.0,0,0,0,0,0,0,90,2026-02-03 19:23:21.624047
GGD,32.5,32.49,32.51,50000000.0,50000000.0,0,0,0,0,0,0,90,2026-02-03 19:23:21.624047
PNR,60.34,60.33,60.35,50000000.0,50000000.0,0,0,0,0,0,0,90,2026-02-03 19:23:21.624047
FSR,30.46,30.45,30.47,50000000.0,50000000.0,0,0,0,0,0,0,90,2026-02-03 19:23:21.624047
ATB,62.61,62.6,62.62,50000000.0,50000000.0,0,0,0,0,0,0,90,2026-02-03 19:23:21.624047
SPK,50.81,50.8,50.82,50000000.0,50000000.0,0,0,0,0,0,0,90,2026-02-03 19:23:21.624047
EEC,44.19,44.18,44.2,50000000.0,50000000.0,0,0,0,0,0,0,90,2026-02-03 19:23:21.624047
TGX,43.63,43.62,43.64,50000000.0,50000000.0,0,0,0,0,0,0,91,2026-02-03 19:23:22.654815
PHR,48.88,48.87,48.89,50000000.0,50000000.0,0,0,0,0,0,0,91,2026-02-03 19:23:22.654815
BYL,48.66,48.65,48.67,50000000.0,50000000.0,0,0,0,0,0,0,91,2026-02-03 19:23:22.654815
CLD,83.33,83.32,83.34,50000000.0,50000000.0,0,0,0,0,0,0,91,2026-02-03 19:23:22.654815
GGD,32.49,32.48,32.5,50000000.0,50000000.0,0,0,0,0,0,0,91,2026-02-03 19:23:22.654815
PNR,60.5,60.49,60.51,50000000.0,50000000.0,0,0,0,0,0,0,91,2026-02-03 19:23:22.654815
FSR,30.47,30.46,30.48,50000000.0,50000000.0,0,0,0,0,0,0,91,2026-02-03 19:23:22.654815
ATB,62.87,62.86,62.88,50000000.0,50000000.0,0,0,0,0,0,0,91,2026-02-03 19:23:22.654815
SPK,50.7,50.69,50.71,50000000.0,50000000.0,0,0,0,0,0,0,91,2026-02-03 19:23:22.654815
EEC,43.9,43.89,43.91,50000000.0,50000000.0,0,0,0,0,0,0,91,2026-02-03 19:23:22.654815
TGX,43.63,43.62,43.64,50000000.0,50000000.0,0,0,0,0,0,0,92,2026-02-03 19:23:23.682354
PHR,49.1,49.09,49.11,50000000.0,50000000.0,0,0,0,0,0,0,92,2026-02-03 19:23:23.682354
BYL,48.66,48.65,48.67,50000000.0,50000000.0,0,0,0,0,0,0,92,2026-02-03 19:23:23.682354
CLD,83.36,83.35,83.37,50000000.0,50000000.0,0,0,0,0,0,0,92,2026-02-03 19:23:23.682354
GGD,32.53,32.52,32.54,50000000.0,50000000.0,0,0,0,0,0,0,92,2026-02-03 19:23:23.682354
PNR,60.77,60.76,60.78,50000000.0,50000000.0,0,0,0,0,0,0,92,2026-02-03 19:23:23.682354
FSR,30.48,30.47,30.49,50000000.0,50000000.0,0,0,0,0,0,0,92,2026-02-03 19:23:23.682354
ATB,62.56,62.55,62.57,50000000.0,50000000.0,0,0,0,0,0,0,92,2026-02-03 19:23:23.682354
SPK,50.58,50.57,50.59,50000000.0,50000000.0,0,0,0,0,0,0,92,2026-02-03 19:23:23.682354
EEC,43.75,43.74,43.76,50000000.0,50000000.0,0,0,0,0,0,0,92,2026-02-03 19:23:23.682354
TGX,43.68,43.67,43.69,50000000.0,50000000.0,0,0,0,0,0,0,93,2026-02-03 19:23:24.711977
PHR,49.14,49.13,49.15,50000000.0,50000000.0,0,0,0,0,0,0,93,2026-02-03 19:23:24.711977
BYL,48.85,48.84,48.86,50000000.0,50000000.0,0,0,0,0,0,0,93,2026-02-03 19:23:24.711977
CLD,83.69,83.68,83.7,50000000.0,50000000.0,0,0,0,0,0,0,93,2026-02-03 19:23:24.711977
GGD,32.44,32.43,32.45,50000000.0,50000000.0,0,0,0,0,0,0,93,2026-02-03 19:23:24.711977
PNR,60.53,60.52,60.54,50000000.0,50000000.0,0,0,0,0,0,0,93,2026-02-03 19:23:24.711977
FSR,30.52,30.51,30.53,50000000.0,50000000.0,0,0,0,0,0,0,93,2026-02-03 19:23:24.711977
ATB,62.37,62.36,62.38,50000000.0,50000000.0,0,0,0,0,0,0,93,2026-02-03 19:23:24.711977
SPK,50.94,50.93,50.95,50000000.0,50000000.0,0,0,0,0,0,0,93,2026-02-03 19:23:24.711977
EEC,44.35,44.34,44.36,50000000.0,50000000.0,0,0,0,0,0,0,93,2026-02-03 19:23:24.711977
TGX,43.68,43.67,43.69,50000000.0,50000000.0,0,0,0,0,0,0,94,2026-02-03 19:23:25.743767
PHR,48.96,48.95,48.97,50000000.0,50000000.0,0,0,0,0,0,0,94,2026-02-03 19:23:25.743767
BYL,49.01,49.0,49.02,50000000.0,50000000.0,0,0,0,0,0,0,94,2026-02-03 19:23:25.743767
CLD,83.95,83.94,83.96,50000000.0,50000000.0,0,0,0,0,0,0,94,2026-02-03 19:23:25.743767
GGD,32.47,32.46,32.48,50000000.0,50000000.0,0,0,0,0,0,0,94,2026-02-03 19:23:25.743767
PNR,60.6,60.59,60.61,50000000.0,50000000.0,0,0,0,0,0,0,94,2026-02-03 19:23:25.743767
FSR,30.6,30.59,30.61,50000000.0,50000000.0,0,0,0,0,0,0,94,2026-02-03 19:23:25.743767
ATB,61.65,61.64,61.66,50000000.0,50000000.0,0,0,0,0,0,0,94,2026-02-03 19:23:25.743767
SPK,51.02,51.01,51.03,50000000.0,50000000.0,0,0,0,0,0,0,94,2026-02-03 19:23:25.743767
EEC,44.37,44.36,44.38,50000000.0,50000000.0,0,0,0,0,0,0,94,2026-02-03 19:23:25.743767
TGX,43.67,43.66,43.68,50000000.0,50000000.0,0,0,0,0,0,0,95,2026-02-03 19:23:26.777167
PHR,48.72,48.71,48.73,50000000.0,50000000.0,0,0,0,0,0,0,95,2026-02-03 19:23:26.777167
BYL,49.02,49.01,49.03,50000000.0,50000000.0,0,0,0,0,0,0,95,2026-02-03 19:23:26.777167
CLD,83.8,83.79,83.81,50000000.0,50000000.0,0,0,0,0,0,0,95,2026-02-03 19:23:26.777167
GGD,32.53,32.52,32.54,50000000.0,50000000.0,0,0,0,0,0,0,95,2026-02-03 19:23:26.777167
PNR,60.59,60.58,60.6,50000000.0,50000000.0,0,0,0,0,0,0,95,2026-02-03 19:23:26.777167
FSR,30.69,30.68,30.7,50000000.0,50000000.0,0,0,0,0,0,0,95,2026-02-03 19:23:26.777167
ATB,61.32,61.31,61.33,50000000.0,50000000.0,0,0,0,0,0,0,95,2026-02-03 19:23:26.777167
SPK,51.3,51.29,51.31,50000000.0,50000000.0,0,0,0,0,0,0,95,2026-02-03 19:23:26.777167
EEC,44.89,44.88,44.9,50000000.0,50000000.0,0,0,0,0,0,0,95,2026-02-03 19:23:26.777167
TGX,43.65,43.64,43.66,50000000.0,50000000.0,0,0,0,0,0,0,96,2026-02-03 19:23:27.807756
PHR,48.58,48.57,48.59,50000000.0,50000000.0,0,0,0,0,0,0,96,2026-02-03 19:23:27.807756
BYL,48.91,48.9,48.92,50000000.0,50000000.0,0,0,0,0,0,0,96,2026-02-03 19:23:27.807756
CLD,83.5,83.49,83.51,50000000.0,50000000.0,0,0,0,0,0,0,96,2026-02-03 19:23:27.807756
GGD,32.56,32.55,32.57,50000000.0,50000000.0,0,0,0,0,0,0,96,2026-02-03 19:23:27.807756
PNR,60.49,60.48,60.5,50000000.0,50000000.0,0,0,0,0,0,0,96,2026-02-03 19:23:27.807756
FSR,30.66,30.65,30.67,50000000.0,50000000.0,0,0,0,0,0,0,96,2026-02-03 19:23:27.807756
ATB,61.37,61.36,61.38,50000000.0,50000000.0,0,0,0,0,0,0,96,2026-02-03 19:23:27.807756
SPK,51.26,51.25,51.27,50000000.0,50000000.0,0,0,0,0,0,0,96,2026-02-03 19:23:27.807756
EEC,44.9,44.89,44.91,50000000.0,50000000.0,0,0,0,0,0,0,96,2026-02-03 19:23:27.807756
TGX,43.66,43.65,43.67,50000000.0,50000000.0,0,0,0,0,0,0,97,2026-02-03 19:23:28.841412
PHR,48.38,48.37,48.39,50000000.0,50000000.0,0,0,0,0,0,0,97,2026-02-03 19:23:28.841412
BYL,48.74,48.73,48.75,50000000.0,50000000.0,0,0,0,0,0,0,97,2026-02-03 19:23:28.841412
CLD,83.06,83.05,83.07,50000000.0,50000000.0,0,0,0,0,0,0,97,2026-02-03 19:23:28.841412
GGD,32.57,32.56,32.58,50000000.0,50000000.0,0,0,0,0,0,0,97,2026-02-03 19:23:28.841412
PNR,60.65,60.64,60.66,50000000.0,50000000.0,0,0,0,0,0,0,97,2026-02-03 19:23:28.841412
FSR,30.68,30.67,30.69,50000000.0,50000000.0,0,0,0,0,0,0,97,2026-02-03 19:23:28.841412
ATB,61.5,61.49,61.51,50000000.0,50000000.0,0,0,0,0,0,0,97,2026-02-03 19:23:28.841412
SPK,51.41,51.4,51.42,50000000.0,50000000.0,0,0,0,0,0,0,97,2026-02-03 19:23:28.841412
EEC,45.09,45.08,45.1,50000000.0,50000000.0,0,0,0,0,0,0,97,2026-02-03 19:23:28.841412
TGX,43.63,43.62,43.64,50000000.0,50000000.0,0,0,0,0,0,0,98,2026-02-03 19:23:29.869847
PHR,48.49,48.48,48.5,50000000.0,50000000.0,0,0,0,0,0,0,98,2026-02-03 19:23:29.869847
BYL,48.71,48.7,48.72,50000000.0,50000000.0,0,0,0,0,0,0,98,2026-02-03 19:23:29.869847
CLD,82.99,82.98,83.0,50000000.0,50000000.0,0,0,0,0,0,0,98,2026-02-03 19:23:29.869847
GGD,33.67,33.66,33.68,50000000.0,50000000.0,0,0,0,0,0,0,98,2026-02-03 19:23:29.869847
PNR,60.65,60.64,60.66,50000000.0,50000000.0,0,0,0,0,0,0,98,2026-02-03 19:23:29.869847
FSR,30.72,30.71,30.73,50000000.0,50000000.0,0,0,0,0,0,0,98,2026-02-03 19:23:29.869847
ATB,61.19,61.18,61.2,50000000.0,50000000.0,0,0,0,0,0,0,98,2026-02-03 19:23:29.869847
SPK,51.76,51.75,51.77,50000000.0,50000000.0,0,0,0,0,0,0,98,2026-02-03 19:23:29.869847
EEC,45.63,45.62,45.64,50000000.0,50000000.0,0,0,0,0,0,0,98,2026-02-03 19:23:29.869847
TGX,42.58,42.57,42.59,50000000.0,50000000.0,0,0,0,0,0,0,99,2026-02-03 19:23:30.908138
PHR,48.42,48.41,48.43,50000000.0,50000000.0,0,0,0,0,0,0,99,2026-02-03 19:23:30.908138
BYL,48.7,48.69,48.71,50000000.0,50000000.0,0,0,0,0,0,0,99,2026-02-03 19:23:30.908138
CLD,82.9,82.89,82.91,50000000.0,50000000.0,0,0,0,0,0,0,99,2026-02-03 19:23:30.908138
GGD,33.69,33.68,33.7,50000000.0,50000000.0,0,0,0,0,0,0,99,2026-02-03 19:23:30.908138
PNR,60.47,60.46,60.48,50000000.0,50000000.0,0,0,0,0,0,0,99,2026-02-03 19:23:30.908138
FSR,30.73,30.72,30.74,50000000.0,50000000.0,0,0,0,0,0,0,99,2026-02-03 19:23:30.908138
ATB,61.01,61.0,61.02,50000000.0,50000000.0,0,0,0,0,0,0,99,2026-02-03 19:23:30.908138
SPK,51.9,51.89,51.91,50000000.0,50000000.0,0,0,0,0,0,0,99,2026-02-03 19:23:30.908138
EEC,45.76,45.75,45.77,50000000.0,50000000.0,0,0,0,0,0,0,99,2026-02-03 19:23:30.908138
TGX,42.6,42.59,42.61,50000000.0,50000000.0,0,0,0,0,0,0,100,2026-02-03 19:23:31.941346
PHR,48.22,48.21,48.23,50000000.0,50000000.0,0,0,0,0,0,0,100,2026-02-03 19:23:31.941346
BYL,48.55,48.54,48.56,50000000.0,50000000.0,0,0,0,0,0,0,100,2026-02-03 19:23:31.941346
CLD,82.69,82.68,82.7,50000000.0,50000000.0,0,0,0,0,0,0,100,2026-02-03 19:23:31.941346
GGD,33.7,33.69,33.71,50000000.0,50000000.0,0,0,0,0,0,0,100,2026-02-03 19:23:31.941346
PNR,60.37,60.36,60.38,50000000.0,50000000.0,0,0,0,0,0,0,100,2026-02-03 19:23:31.941346
FSR,30.73,30.72,30.74,50000000.0,50000000.0,0,0,0,0,0,0,100,2026-02-03 19:23:31.941346
ATB,61.66,61.65,61.67,50000000.0,50000000.0,0,0,0,0,0,0,100,2026-02-03 19:23:31.941346
SPK,51.54,51.53,51.55,50000000.0,50000000.0,0,0,0,0,0,0,100,2026-02-03 19:23:31.941346
EEC,45.15,45.14,45.16,50000000.0,50000000.0,0,0,0,0,0,0,100,2026-02-03 19:23:31.941346
TGX,42.61,42.6,42.62,50000000.0,50000000.0,0,0,0,0,0,0,101,2026-02-03 19:23:32.974376
PHR,48.24,48.23,48.25,50000000.0,50000000.0,0,0,0,0,0,0,101,2026-02-03 19:23:32.974376
BYL,48.77,48.76,48.78,50000000.0,50000000.0,0,0,0,0,0,0,101,2026-02-03 19:23:32.974376
CLD,83.1,83.09,83.11,50000000.0,50000000.0,0,0,0,0,0,0,101,2026-02-03 19:23:32.974376
GGD,33.66,33.65,33.67,50000000.0,50000000.0,0,0,0,0,0,0,101,2026-02-03 19:23:32.974376
PNR,60.37,60.36,60.38,50000000.0,50000000.0,0,0,0,0,0,0,101,2026-02-03 19:23:32.974376
FSR,30.72,30.71,30.73,50000000.0,50000000.0,0,0,0,0,0,0,101,2026-02-03 19:23:32.974376
ATB,61.37,61.36,61.38,50000000.0,50000000.0,0,0,0,0,0,0,101,2026-02-03 19:23:32.974376
SPK,51.5,51.49,51.51,50000000.0,50000000.0,0,0,0,0,0,0,101,2026-02-03 19:23:32.974376
EEC,44.99,44.98,45.0,50000000.0,50000000.0,0,0,0,0,0,0,101,2026-02-03 19:23:32.974376
TGX,42.6,42.59,42.61,50000000.0,50000000.0,0,0,0,0,0,0,102,2026-02-03 19:23:34.010509
PHR,48.42,48.41,48.43,50000000.0,50000000.0,0,0,0,0,0,0,102,2026-02-03 19:23:34.010509
BYL,48.86,48.85,48.87,50000000.0,50000000.0,0,0,0,0,0,0,102,2026-02-03 19:23:34.010509
CLD,83.17,83.16,83.18,50000000.0,50000000.0,0,0,0,0,0,0,102,2026-02-03 19:23:34.010509
GGD,34.81,34.8,34.82,50000000.0,50000000.0,0,0,0,0,0,0,102,2026-02-03 19:23:34.010509
PNR,60.22,60.21,60.23,50000000.0,50000000.0,0,0,0,0,0,0,102,2026-02-03 19:23:34.010509
FSR,30.72,30.71,30.73,50000000.0,50000000.0,0,0,0,0,0,0,102,2026-02-03 19:23:34.010509
ATB,61.81,61.8,61.82,50000000.0,50000000.0,0,0,0,0,0,0,102,2026-02-03 19:23:34.010509
SPK,51.72,51.71,51.73,50000000.0,50000000.0,0,0,0,0,0,0,102,2026-02-03 19:23:34.010509
EEC,45.24,45.23,45.25,50000000.0,50000000.0,0,0,0,0,0,0,102,2026-02-03 19:23:34.010509
TGX,42.62,42.61,42.63,50000000.0,50000000.0,0,0,0,0,0,0,103,2026-02-03 19:23:35.041165
PHR,48.78,48.77,48.79,50000000.0,50000000.0,0,0,0,0,0,0,103,2026-02-03 19:23:35.041165
BYL,48.72,48.71,48.73,50000000.0,50000000.0,0,0,0,0,0,0,103,2026-02-03 19:23:35.041165
CLD,82.85,82.84,82.86,50000000.0,50000000.0,0,0,0,0,0,0,103,2026-02-03 19:23:35.041165
GGD,34.8,34.79,34.81,50000000.0,50000000.0,0,0,0,0,0,0,103,2026-02-03 19:23:35.041165
PNR,60.17,60.16,60.18,50000000.0,50000000.0,0,0,0,0,0,0,103,2026-02-03 19:23:35.041165
FSR,30.75,30.74,30.76,50000000.0,50000000.0,0,0,0,0,0,0,103,2026-02-03 19:23:35.041165
ATB,61.85,61.84,61.86,50000000.0,50000000.0,0,0,0,0,0,0,103,2026-02-03 19:23:35.041165
SPK,51.48,51.47,51.49,50000000.0,50000000.0,0,0,0,0,0,0,103,2026-02-03 19:23:35.041165
EEC,44.99,44.98,45.0,50000000.0,50000000.0,0,0,0,0,0,0,103,2026-02-03 19:23:35.041165
TGX,42.63,42.62,42.64,50000000.0,50000000.0,0,0,0,0,0,0,104,2026-02-03 19:23:36.073935
PHR,48.67,48.66,48.68,50000000.0,50000000.0,0,0,0,0,0,0,104,2026-02-03 19:23:36.073935
BYL,48.88,48.87,48.89,50000000.0,50000000.0,0,0,0,0,0,0,104,2026-02-03 19:23:36.073935
CLD,83.11,83.1,83.12,50000000.0,50000000.0,0,0,0,0,0,0,104,2026-02-03 19:23:36.073935
GGD,34.81,34.8,34.82,50000000.0,50000000.0,0,0,0,0,0,0,104,2026-02-03 19:23:36.073935
PNR,60.11,60.1,60.12,50000000.0,50000000.0,0,0,0,0,0,0,104,2026-02-03 19:23:36.073935
FSR,30.78,30.77,30.79,50000000.0,50000000.0,0,0,0,0,0,0,104,2026-02-03 19:23:36.073935
ATB,61.86,61.85,61.87,50000000.0,50000000.0,0,0,0,0,0,0,104,2026-02-03 19:23:36.073935
SPK,51.65,51.64,51.66,50000000.0,50000000.0,0,0,0,0,0,0,104,2026-02-03 19:23:36.073935
EEC,45.27,45.26,45.28,50000000.0,50000000.0,0,0,0,0,0,0,104,2026-02-03 19:23:36.073935
TGX,42.62,42.61,42.63,50000000.0,50000000.0,0,0,0,0,0,0,105,2026-02-03 19:23:37.105273
PHR,48.51,48.5,48.52,50000000.0,50000000.0,0,0,0,0,0,0,105,2026-02-03 19:23:37.105273
BYL,48.74,48.73,48.75,50000000.0,50000000.0,0,0,0,0,0,0,105,2026-02-03 19:23:37.105273
CLD,82.93,82.92,82.94,50000000.0,50000000.0,0,0,0,0,0,0,105,2026-02-03 19:23:37.105273
GGD,34.84,34.83,34.85,50000000.0,50000000.0,0,0,0,0,0,0,105,2026-02-03 19:23:37.105273
PNR,60.05,60.04,60.06,50000000.0,50000000.0,0,0,0,0,0,0,105,2026-02-03 19:23:37.105273
FSR,30.76,30.75,30.77,50000000.0,50000000.0,0,0,0,0,0,0,105,2026-02-03 19:23:37.105273
ATB,61.79,61.78,61.8,50000000.0,50000000.0,0,0,0,0,0,0,105,2026-02-03 19:23:37.105273
SPK,51.76,51.75,51.77,50000000.0,50000000.0,0,0,0,0,0,0,105,2026-02-03 19:23:37.105273
EEC,45.48,45.47,45.49,50000000.0,50000000.0,0,0,0,0,0,0,105,2026-02-03 19:23:37.105273
TGX,42.61,42.6,42.62,50000000.0,50000000.0,0,0,0,0,0,0,106,2026-02-03 19:23:37.634178
PHR,49.06,49.05,49.07,50000000.0,50000000.0,0,0,0,0,0,0,106,2026-02-03 19:23:37.634178
BYL,48.77,48.76,48.78,50000000.0,50000000.0,0,0,0,0,0,0,106,2026-02-03 19:23:37.634178
CLD,82.97,82.96,82.98,50000000.0,50000000.0,0,0,0,0,0,0,106,2026-02-03 19:23:37.634178
GGD,34.89,34.88,34.9,50000000.0,50000000.0,0,0,0,0,0,0,106,2026-02-03 19:23:37.634178
PNR,60.09,60.08,60.1,50000000.0,50000000.0,0,0,0,0,0,0,106,2026-02-03 19:23:37.634178
FSR,30.73,30.72,30.74,50000000.0,50000000.0,0,0,0,0,0,0,106,2026-02-03 19:23:37.634178
ATB,61.74,61.73,61.75,50000000.0,50000000.0,0,0,0,0,0,0,106,2026-02-03 19:23:37.634178
SPK,51.94,51.93,51.95,50000000.0,50000000.0,0,0,0,0,0,0,106,2026-02-03 19:23:37.634178
EEC,45.8,45.79,45.81,50000000.0,50000000.0,0,0,0,0,0,0,106,2026-02-03 19:23:37.634178
TGX,42.59,42.58,42.6,50000000.0,50000000.0,0,0,0,0,0,0,107,2026-02-03 19:23:38.679554
PHR,48.76,48.75,48.77,50000000.0,50000000.0,0,0,0,0,0,0,107,2026-02-03 19:23:38.679554
BYL,48.74,48.73,48.75,50000000.0,50000000.0,0,0,0,0,0,0,107,2026-02-03 19:23:38.679554
CLD,82.83,82.82,82.84,50000000.0,50000000.0,0,0,0,0,0,0,107,2026-02-03 19:23:38.679554
GGD,34.93,34.92,34.94,50000000.0,50000000.0,0,0,0,0,0,0,107,2026-02-03 19:23:38.679554
PNR,60.11,60.1,60.12,50000000.0,50000000.0,0,0,0,0,0,0,107,2026-02-03 19:23:38.679554
FSR,30.74,30.73,30.75,50000000.0,50000000.0,0,0,0,0,0,0,107,2026-02-03 19:23:38.679554
ATB,62.14,62.13,62.15,50000000.0,50000000.0,0,0,0,0,0,0,107,2026-02-03 19:23:38.679554
SPK,52.11,52.1,52.12,50000000.0,50000000.0,0,0,0,0,0,0,107,2026-02-03 19:23:38.679554
EEC,46.15,46.14,46.16,50000000.0,50000000.0,0,0,0,0,0,0,107,2026-02-03 19:23:38.679554
TGX,42.59,42.58,42.6,50000000.0,50000000.0,0,0,0,0,0,0,108,2026-02-03 19:23:39.727900
PHR,49.2,49.19,49.21,50000000.0,50000000.0,0,0,0,0,0,0,108,2026-02-03 19:23:39.727900
BYL,48.84,48.83,48.85,50000000.0,50000000.0,0,0,0,0,0,0,108,2026-02-03 19:23:39.727900
CLD,83.0,82.99,83.01,50000000.0,50000000.0,0,0,0,0,0,0,108,2026-02-03 19:23:39.727900
GGD,34.95,34.94,34.96,50000000.0,50000000.0,0,0,0,0,0,0,108,2026-02-03 19:23:39.727900
PNR,60.16,60.15,60.17,50000000.0,50000000.0,0,0,0,0,0,0,108,2026-02-03 19:23:39.727900
FSR,30.76,30.75,30.77,50000000.0,50000000.0,0,0,0,0,0,0,108,2026-02-03 19:23:39.727900
ATB,61.86,61.85,61.87,50000000.0,50000000.0,0,0,0,0,0,0,108,2026-02-03 19:23:39.727900
SPK,52.15,52.14,52.16,50000000.0,50000000.0,0,0,0,0,0,0,108,2026-02-03 19:23:39.727900
EEC,46.18,46.17,46.19,50000000.0,50000000.0,0,0,0,0,0,0,108,2026-02-03 19:23:39.727900
TGX,42.54,42.53,42.55,50000000.0,50000000.0,0,0,0,0,0,0,109,2026-02-03 19:23:40.774302
PHR,49.28,49.27,49.29,50000000.0,50000000.0,0,0,0,0,0,0,109,2026-02-03 19:23:40.774302
BYL,48.91,48.9,48.92,50000000.0,50000000.0,0,0,0,0,0,0,109,2026-02-03 19:23:40.774302
CLD,82.99,82.98,83.0,50000000.0,50000000.0,0,0,0,0,0,0,109,2026-02-03 19:23:40.774302
GGD,34.91,34.9,34.92,50000000.0,50000000.0,0,0,0,0,0,0,109,2026-02-03 19:23:40.774302
PNR,60.01,60.0,60.02,50000000.0,50000000.0,0,0,0,0,0,0,109,2026-02-03 19:23:40.774302
FSR,30.78,30.77,30.79,50000000.0,50000000.0,0,0,0,0,0,0,109,2026-02-03 19:23:40.774302
ATB,62.11,62.1,62.12,50000000.0,50000000.0,0,0,0,0,0,0,109,2026-02-03 19:23:40.774302
SPK,51.79,51.78,51.8,50000000.0,50000000.0,0,0,0,0,0,0,109,2026-02-03 19:23:40.774302
EEC,45.57,45.56,45.58,50000000.0,50000000.0,0,0,0,0,0,0,109,2026-02-03 19:23:40.774302
TGX,42.55,42.54,42.56,50000000.0,50000000.0,0,0,0,0,0,0,110,2026-02-03 19:23:41.808845
PHR,49.48,49.47,49.49,50000000.0,50000000.0,0,0,0,0,0,0,110,2026-02-03 19:23:41.808845
BYL,48.76,48.75,48.77,50000000.0,50000000.0,0,0,0,0,0,0,110,2026-02-03 19:23:41.808845
CLD,82.64,82.63,82.65,50000000.0,50000000.0,0,0,0,0,0,0,110,2026-02-03 19:23:41.808845
GGD,34.89,34.88,34.9,50000000.0,50000000.0,0,0,0,0,0,0,110,2026-02-03 19:23:41.808845
PNR,60.23,60.22,60.24,50000000.0,50000000.0,0,0,0,0,0,0,110,2026-02-03 19:23:41.808845
FSR,30.8,30.79,30.81,50000000.0,50000000.0,0,0,0,0,0,0,110,2026-02-03 19:23:41.808845
ATB,62.52,62.51,62.53,50000000.0,50000000.0,0,0,0,0,0,0,110,2026-02-03 19:23:41.808845
SPK,52.18,52.17,52.19,50000000.0,50000000.0,0,0,0,0,0,0,110,2026-02-03 19:23:41.808845
EEC,46.26,46.25,46.27,50000000.0,50000000.0,0,0,0,0,0,0,110,2026-02-03 19:23:41.808845
TGX,42.58,42.57,42.59,50000000.0,50000000.0,0,0,0,0,0,0,111,2026-02-03 19:23:42.843558
PHR,49.86,49.85,49.87,50000000.0,50000000.0,0,0,0,0,0,0,111,2026-02-03 19:23:42.843558
BYL,48.77,48.76,48.78,50000000.0,50000000.0,0,0,0,0,0,0,111,2026-02-03 19:23:42.843558
CLD,82.69,82.68,82.7,50000000.0,50000000.0,0,0,0,0,0,0,111,2026-02-03 19:23:42.843558
GGD,34.86,34.85,34.87,50000000.0,50000000.0,0,0,0,0,0,0,111,2026-02-03 19:23:42.843558
PNR,60.25,60.24,60.26,50000000.0,50000000.0,0,0,0,0,0,0,111,2026-02-03 19:23:42.843558
FSR,30.8,30.79,30.81,50000000.0,50000000.0,0,0,0,0,0,0,111,2026-02-03 19:23:42.843558
ATB,62.56,62.55,62.57,50000000.0,50000000.0,0,0,0,0,0,0,111,2026-02-03 19:23:42.843558
SPK,51.91,51.9,51.92,50000000.0,50000000.0,0,0,0,0,0,0,111,2026-02-03 19:23:42.843558
EEC,45.83,45.82,45.84,50000000.0,50000000.0,0,0,0,0,0,0,111,2026-02-03 19:23:42.843558
TGX,42.59,42.58,42.6,50000000.0,50000000.0,0,0,0,0,0,0,112,2026-02-03 19:23:43.875702
PHR,49.94,49.93,49.95,50000000.0,50000000.0,0,0,0,0,0,0,112,2026-02-03 19:23:43.875702
BYL,48.75,48.74,48.76,50000000.0,50000000.0,0,0,0,0,0,0,112,2026-02-03 19:23:43.875702
