ticker,last_price,bid_price,ask_price,BUY_ANON,SELL_ANON,BUY_ZUAI-5,SELL_ZUAI-5,tick,timestamp,news_news_id,news_period,news_tick,news_ticker,news_headline,news_body
TGX,43.67,43.66,43.68,50000000.0,50000000.0,0,0,2,2026-02-03 07:38:21.003335,1.0,1.0,1.0,,Welcome to the RITC 2026 Merger Arbitrage Case - practice server,Good Luck!
PHR,47.23,47.22,47.24,50000000.0,50000000.0,0,0,2,2026-02-03 07:38:21.003335,,,,,,
BYL,43.52,43.51,43.53,50000000.0,50000000.0,0,0,2,2026-02-03 07:38:21.003335,,,,,,
CLD,79.29,79.28,79.3,50000000.0,50000000.0,0,0,2,2026-02-03 07:38:21.003335,,,,,,
GGD,31.6,31.59,31.61,50000000.0,50000000.0,0,0,2,2026-02-03 07:38:21.003335,,,,,,
PNR,59.95,59.94,59.96,50000000.0,50000000.0,0,0,2,2026-02-03 07:38:21.003335,,,,,,
FSR,30.46,30.45,30.47,50000000.0,50000000.0,0,0,2,2026-02-03 07:38:21.003335,,,,,,
ATB,62.03,62.02,62.04,50000000.0,50000000.0,0,0,2,2026-02-03 07:38:21.003335,,,,,,
SPK,53.06,53.05,53.07,50000000.0,50000000.0,0,0,2,2026-02-03 07:38:21.003335,,,,,,
EEC,48.44,48.43,48.45,50000000.0,50000000.0,0,0,2,2026-02-03 07:38:21.003335,,,,,,
TGX,43.79,43.78,43.8,50000000.0,50000000.0,0,0,3,2026-02-03 07:38:22.155534
PHR,47.17,47.16,47.18,50000000.0,50000000.0,0,0,3,2026-02-03 07:38:22.155534
BYL,43.5,43.49,43.51,50000000.0,50000000.0,0,0,3,2026-02-03 07:38:22.155534
CLD,79.23,79.22,79.24,50000000.0,50000000.0,0,0,3,2026-02-03 07:38:22.155534
GGD,31.61,31.6,31.62,50000000.0,50000000.0,0,0,3,2026-02-03 07:38:22.155534
PNR,59.98,59.97,59.99,50000000.0,50000000.0,0,0,3,2026-02-03 07:38:22.155534
FSR,30.45,30.44,30.46,50000000.0,50000000.0,0,0,3,2026-02-03 07:38:22.155534
ATB,62.12,62.11,62.13,50000000.0,50000000.0,0,0,3,2026-02-03 07:38:22.155534
SPK,53.09,53.08,53.1,50000000.0,50000000.0,0,0,3,2026-02-03 07:38:22.155534
EEC,48.43,48.42,48.44,50000000.0,50000000.0,0,0,3,2026-02-03 07:38:22.155534
TGX,43.75,43.74,43.76,50000000.0,50000000.0,0,0,4,2026-02-03 07:38:23.190686
PHR,47.65,47.64,47.66,50000000.0,50000000.0,0,0,4,2026-02-03 07:38:23.190686
BYL,43.3,43.29,43.31,50000000.0,50000000.0,0,0,4,2026-02-03 07:38:23.190686
CLD,78.78,78.77,78.79,50000000.0,50000000.0,0,0,4,2026-02-03 07:38:23.190686
GGD,31.67,31.66,31.68,50000000.0,50000000.0,0,0,4,2026-02-03 07:38:23.190686
PNR,59.98,59.97,59.99,50000000.0,50000000.0,0,0,4,2026-02-03 07:38:23.190686
FSR,30.44,30.43,30.45,50000000.0,50000000.0,0,0,4,2026-02-03 07:38:23.190686
ATB,62.37,62.36,62.38,50000000.0,50000000.0,0,0,4,2026-02-03 07:38:23.190686
SPK,53.02,53.01,53.03,50000000.0,50000000.0,0,0,4,2026-02-03 07:38:23.190686
EEC,48.34,48.33,48.35,50000000.0,50000000.0,0,0,4,2026-02-03 07:38:23.190686
TGX,43.7,43.69,43.71,50000000.0,50000000.0,0,0,5,2026-02-03 07:38:24.225943
PHR,48.01,48.0,48.02,50000000.0,50000000.0,0,0,5,2026-02-03 07:38:24.225943
BYL,43.41,43.4,43.42,50000000.0,50000000.0,0,0,5,2026-02-03 07:38:24.225943
CLD,79.04,79.03,79.05,50000000.0,50000000.0,0,0,5,2026-02-03 07:38:24.225943
GGD,31.82,31.81,31.83,50000000.0,50000000.0,0,0,5,2026-02-03 07:38:24.225943
PNR,60.27,60.26,60.28,50000000.0,50000000.0,0,0,5,2026-02-03 07:38:24.225943
FSR,30.4,30.39,30.41,50000000.0,50000000.0,0,0,5,2026-02-03 07:38:24.225943
ATB,61.38,61.37,61.39,50000000.0,50000000.0,0,0,5,2026-02-03 07:38:24.225943
SPK,53.21,53.2,53.22,50000000.0,50000000.0,0,0,5,2026-02-03 07:38:24.225943
EEC,48.78,48.77,48.79,50000000.0,50000000.0,0,0,5,2026-02-03 07:38:24.225943
TGX,43.72,43.71,43.73,50000000.0,50000000.0,0,0,6,2026-02-03 07:38:25.255219
PHR,48.3,48.29,48.31,50000000.0,50000000.0,0,0,6,2026-02-03 07:38:25.255219
BYL,43.43,43.42,43.44,50000000.0,50000000.0,0,0,6,2026-02-03 07:38:25.255219
CLD,79.14,79.13,79.15,50000000.0,50000000.0,0,0,6,2026-02-03 07:38:25.255219
GGD,31.8,31.79,31.81,50000000.0,50000000.0,0,0,6,2026-02-03 07:38:25.255219
PNR,60.29,60.28,60.3,50000000.0,50000000.0,0,0,6,2026-02-03 07:38:25.255219
FSR,30.44,30.43,30.45,50000000.0,50000000.0,0,0,6,2026-02-03 07:38:25.255219
ATB,61.42,61.41,61.43,50000000.0,50000000.0,0,0,6,2026-02-03 07:38:25.255219
SPK,53.18,53.17,53.19,50000000.0,50000000.0,0,0,6,2026-02-03 07:38:25.255219
EEC,48.71,48.7,48.72,50000000.0,50000000.0,0,0,6,2026-02-03 07:38:25.255219
TGX,43.68,43.67,43.69,50000000.0,50000000.0,0,0,7,2026-02-03 07:38:26.283184
PHR,48.08,48.07,48.09,50000000.0,50000000.0,0,0,7,2026-02-03 07:38:26.283184
BYL,43.08,43.07,43.09,50000000.0,50000000.0,0,0,7,2026-02-03 07:38:26.283184
CLD,78.26,78.25,78.27,50000000.0,50000000.0,0,0,7,2026-02-03 07:38:26.283184
GGD,31.79,31.78,31.8,50000000.0,50000000.0,0,0,7,2026-02-03 07:38:26.283184
PNR,59.98,59.97,59.99,50000000.0,50000000.0,0,0,7,2026-02-03 07:38:26.283184
FSR,30.45,30.44,30.46,50000000.0,50000000.0,0,0,7,2026-02-03 07:38:26.283184
ATB,62.27,62.26,62.28,50000000.0,50000000.0,0,0,7,2026-02-03 07:38:26.283184
SPK,53.05,53.04,53.06,50000000.0,50000000.0,0,0,7,2026-02-03 07:38:26.283184
EEC,48.63,48.62,48.64,50000000.0,50000000.0,0,0,7,2026-02-03 07:38:26.283184
TGX,43.72,43.71,43.73,50000000.0,50000000.0,0,0,8,2026-02-03 07:38:27.314966
PHR,47.8,47.79,47.81,50000000.0,50000000.0,0,0,8,2026-02-03 07:38:27.314966
BYL,43.14,43.13,43.15,50000000.0,50000000.0,0,0,8,2026-02-03 07:38:27.314966
CLD,78.37,78.36,78.38,50000000.0,50000000.0,0,0,8,2026-02-03 07:38:27.314966
GGD,31.8,31.79,31.81,50000000.0,50000000.0,0,0,8,2026-02-03 07:38:27.314966
PNR,59.8,59.79,59.81,50000000.0,50000000.0,0,0,8,2026-02-03 07:38:27.314966
FSR,30.43,30.42,30.44,50000000.0,50000000.0,0,0,8,2026-02-03 07:38:27.314966
ATB,62.38,62.37,62.39,50000000.0,50000000.0,0,0,8,2026-02-03 07:38:27.314966
SPK,52.97,52.96,52.98,50000000.0,50000000.0,0,0,8,2026-02-03 07:38:27.314966
EEC,48.55,48.54,48.56,50000000.0,50000000.0,0,0,8,2026-02-03 07:38:27.314966
TGX,43.73,43.72,43.74,50000000.0,50000000.0,0,0,9,2026-02-03 07:38:28.351333
PHR,47.97,47.96,47.98,50000000.0,50000000.0,0,0,9,2026-02-03 07:38:28.351333
BYL,43.31,43.3,43.32,50000000.0,50000000.0,0,0,9,2026-02-03 07:38:28.351333
CLD,78.71,78.7,78.72,50000000.0,50000000.0,0,0,9,2026-02-03 07:38:28.351333
GGD,31.7,31.69,31.71,50000000.0,50000000.0,0,0,9,2026-02-03 07:38:28.351333
PNR,59.49,59.48,59.5,50000000.0,50000000.0,0,0,9,2026-02-03 07:38:28.351333
FSR,30.43,30.42,30.44,50000000.0,50000000.0,0,0,9,2026-02-03 07:38:28.351333
ATB,62.4,62.39,62.41,50000000.0,50000000.0,0,0,9,2026-02-03 07:38:28.351333
SPK,52.89,52.88,52.9,50000000.0,50000000.0,0,0,9,2026-02-03 07:38:28.351333
EEC,48.46,48.45,48.47,50000000.0,50000000.0,0,0,9,2026-02-03 07:38:28.351333
TGX,43.69,43.68,43.7,50000000.0,50000000.0,0,0,10,2026-02-03 07:38:29.381943
PHR,47.94,47.93,47.95,50000000.0,50000000.0,0,0,10,2026-02-03 07:38:29.381943
BYL,43.72,43.71,43.73,50000000.0,50000000.0,0,0,10,2026-02-03 07:38:29.381943
CLD,79.73,79.72,79.74,50000000.0,50000000.0,0,0,10,2026-02-03 07:38:29.381943
GGD,31.59,31.58,31.6,50000000.0,50000000.0,0,0,10,2026-02-03 07:38:29.381943
PNR,59.41,59.4,59.42,50000000.0,50000000.0,0,0,10,2026-02-03 07:38:29.381943
FSR,30.44,30.43,30.45,50000000.0,50000000.0,0,0,10,2026-02-03 07:38:29.381943
ATB,62.7,62.69,62.71,50000000.0,50000000.0,0,0,10,2026-02-03 07:38:29.381943
SPK,52.89,52.88,52.9,50000000.0,50000000.0,0,0,10,2026-02-03 07:38:29.381943
EEC,48.34,48.33,48.35,50000000.0,50000000.0,0,0,10,2026-02-03 07:38:29.381943
TGX,43.67,43.66,43.68,50000000.0,50000000.0,0,0,11,2026-02-03 07:38:29.913782
PHR,47.81,47.8,47.82,50000000.0,50000000.0,0,0,11,2026-02-03 07:38:29.913782
BYL,43.98,43.97,43.99,50000000.0,50000000.0,0,0,11,2026-02-03 07:38:29.913782
CLD,80.39,80.38,80.4,50000000.0,50000000.0,0,0,11,2026-02-03 07:38:29.913782
GGD,31.59,31.58,31.6,50000000.0,50000000.0,0,0,11,2026-02-03 07:38:29.913782
PNR,59.56,59.55,59.57,50000000.0,50000000.0,0,0,11,2026-02-03 07:38:29.913782
FSR,30.4,30.39,30.41,50000000.0,50000000.0,0,0,11,2026-02-03 07:38:29.913782
ATB,62.36,62.35,62.37,50000000.0,50000000.0,0,0,11,2026-02-03 07:38:29.913782
SPK,52.89,52.88,52.9,50000000.0,50000000.0,0,0,11,2026-02-03 07:38:29.913782
EEC,48.37,48.36,48.38,50000000.0,50000000.0,0,0,11,2026-02-03 07:38:29.913782
TGX,43.61,43.6,43.62,50000000.0,50000000.0,0,0,12,2026-02-03 07:38:30.945060
PHR,47.83,47.82,47.84,50000000.0,50000000.0,0,0,12,2026-02-03 07:38:30.945060
BYL,43.83,43.82,43.84,50000000.0,50000000.0,0,0,12,2026-02-03 07:38:30.945060
CLD,80.05,80.04,80.06,50000000.0,50000000.0,0,0,12,2026-02-03 07:38:30.945060
GGD,31.56,31.55,31.57,50000000.0,50000000.0,0,0,12,2026-02-03 07:38:30.945060
PNR,59.59,59.58,59.6,50000000.0,50000000.0,0,0,12,2026-02-03 07:38:30.945060
FSR,30.42,30.41,30.43,50000000.0,50000000.0,0,0,12,2026-02-03 07:38:30.945060
ATB,61.93,61.92,61.94,50000000.0,50000000.0,0,0,12,2026-02-03 07:38:30.945060
SPK,52.68,52.67,52.69,50000000.0,50000000.0,0,0,12,2026-02-03 07:38:30.945060
EEC,48.09,48.08,48.1,50000000.0,50000000.0,0,0,12,2026-02-03 07:38:30.945060
TGX,43.59,43.58,43.6,50000000.0,50000000.0,0,0,13,2026-02-03 07:38:31.978312
PHR,47.82,47.81,47.83,50000000.0,50000000.0,0,0,13,2026-02-03 07:38:31.978312
BYL,44.0,43.99,44.01,50000000.0,50000000.0,0,0,13,2026-02-03 07:38:31.978312
CLD,80.4,80.39,80.41,50000000.0,50000000.0,0,0,13,2026-02-03 07:38:31.978312
GGD,31.62,31.61,31.63,50000000.0,50000000.0,0,0,13,2026-02-03 07:38:31.978312
PNR,59.57,59.56,59.58,50000000.0,50000000.0,0,0,13,2026-02-03 07:38:31.978312
FSR,30.37,30.36,30.38,50000000.0,50000000.0,0,0,13,2026-02-03 07:38:31.978312
ATB,61.32,61.31,61.33,50000000.0,50000000.0,0,0,13,2026-02-03 07:38:31.978312
SPK,52.69,52.68,52.7,50000000.0,50000000.0,0,0,13,2026-02-03 07:38:31.978312
EEC,48.07,48.06,48.08,50000000.0,50000000.0,0,0,13,2026-02-03 07:38:31.978312
TGX,43.48,43.47,43.49,50000000.0,50000000.0,0,0,14,2026-02-03 07:38:33.011337
PHR,48.1,48.09,48.11,50000000.0,50000000.0,0,0,14,2026-02-03 07:38:33.011337
BYL,44.06,44.05,44.07,50000000.0,50000000.0,0,0,14,2026-02-03 07:38:33.011337
CLD,80.59,80.58,80.6,50000000.0,50000000.0,0,0,14,2026-02-03 07:38:33.011337
GGD,31.52,31.51,31.53,50000000.0,50000000.0,0,0,14,2026-02-03 07:38:33.011337
PNR,59.29,59.28,59.3,50000000.0,50000000.0,0,0,14,2026-02-03 07:38:33.011337
FSR,30.36,30.35,30.37,50000000.0,50000000.0,0,0,14,2026-02-03 07:38:33.011337
ATB,60.82,60.81,60.83,50000000.0,50000000.0,0,0,14,2026-02-03 07:38:33.011337
SPK,52.58,52.57,52.59,50000000.0,50000000.0,0,0,14,2026-02-03 07:38:33.011337
EEC,47.91,47.9,47.92,50000000.0,50000000.0,0,0,14,2026-02-03 07:38:33.011337
TGX,43.51,43.5,43.52,50000000.0,50000000.0,0,0,15,2026-02-03 07:38:34.048283
PHR,48.15,48.14,48.16,50000000.0,50000000.0,0,0,15,2026-02-03 07:38:34.048283
BYL,44.03,44.02,44.04,50000000.0,50000000.0,0,0,15,2026-02-03 07:38:34.048283
CLD,80.45,80.44,80.46,50000000.0,50000000.0,0,0,15,2026-02-03 07:38:34.048283
GGD,31.53,31.52,31.54,50000000.0,50000000.0,0,0,15,2026-02-03 07:38:34.048283
PNR,59.45,59.44,59.46,50000000.0,50000000.0,0,0,15,2026-02-03 07:38:34.048283
FSR,30.36,30.35,30.37,50000000.0,50000000.0,0,0,15,2026-02-03 07:38:34.048283
ATB,60.68,60.67,60.69,50000000.0,50000000.0,0,0,15,2026-02-03 07:38:34.048283
SPK,52.59,52.58,52.6,50000000.0,50000000.0,0,0,15,2026-02-03 07:38:34.048283
EEC,48.04,48.03,48.05,50000000.0,50000000.0,0,0,15,2026-02-03 07:38:34.048283
TGX,43.51,43.5,43.52,50000000.0,50000000.0,0,0,16,2026-02-03 07:38:35.095343
PHR,48.64,48.63,48.65,50000000.0,50000000.0,0,0,16,2026-02-03 07:38:35.095343
BYL,43.98,43.97,43.99,50000000.0,50000000.0,0,0,16,2026-02-03 07:38:35.095343
CLD,80.33,80.32,80.34,50000000.0,50000000.0,0,0,16,2026-02-03 07:38:35.095343
GGD,31.52,31.51,31.53,50000000.0,50000000.0,0,0,16,2026-02-03 07:38:35.095343
PNR,59.55,59.54,59.56,50000000.0,50000000.0,0,0,16,2026-02-03 07:38:35.095343
FSR,30.35,30.34,30.36,50000000.0,50000000.0,0,0,16,2026-02-03 07:38:35.095343
ATB,60.9,60.89,60.91,50000000.0,50000000.0,0,0,16,2026-02-03 07:38:35.095343
SPK,52.7,52.69,52.71,50000000.0,50000000.0,0,0,16,2026-02-03 07:38:35.095343
EEC,48.25,48.24,48.26,50000000.0,50000000.0,0,0,16,2026-02-03 07:38:35.095343
TGX,43.58,43.57,43.59,50000000.0,50000000.0,0,0,17,2026-02-03 07:38:36.125167
PHR,48.55,48.54,48.56,50000000.0,50000000.0,0,0,17,2026-02-03 07:38:36.125167
BYL,43.89,43.88,43.9,50000000.0,50000000.0,0,0,17,2026-02-03 07:38:36.125167
CLD,80.13,80.12,80.14,50000000.0,50000000.0,0,0,17,2026-02-03 07:38:36.125167
GGD,31.53,31.52,31.54,50000000.0,50000000.0,0,0,17,2026-02-03 07:38:36.125167
PNR,59.58,59.57,59.59,50000000.0,50000000.0,0,0,17,2026-02-03 07:38:36.125167
FSR,30.31,30.3,30.32,50000000.0,50000000.0,0,0,17,2026-02-03 07:38:36.125167
ATB,61.62,61.61,61.63,50000000.0,50000000.0,0,0,17,2026-02-03 07:38:36.125167
SPK,52.93,52.92,52.94,50000000.0,50000000.0,0,0,17,2026-02-03 07:38:36.125167
EEC,48.57,48.56,48.58,50000000.0,50000000.0,0,0,17,2026-02-03 07:38:36.125167
TGX,43.6,43.59,43.61,50000000.0,50000000.0,0,0,18,2026-02-03 07:38:37.156310
PHR,48.27,48.26,48.28,50000000.0,50000000.0,0,0,18,2026-02-03 07:38:37.156310
BYL,43.47,43.46,43.48,50000000.0,50000000.0,0,0,18,2026-02-03 07:38:37.156310
CLD,79.05,79.04,79.06,50000000.0,50000000.0,0,0,18,2026-02-03 07:38:37.156310
GGD,31.43,31.42,31.44,50000000.0,50000000.0,0,0,18,2026-02-03 07:38:37.156310
PNR,59.45,59.44,59.46,50000000.0,50000000.0,0,0,18,2026-02-03 07:38:37.156310
FSR,30.31,30.3,30.32,50000000.0,50000000.0,0,0,18,2026-02-03 07:38:37.156310
ATB,61.02,61.01,61.03,50000000.0,50000000.0,0,0,18,2026-02-03 07:38:37.156310
SPK,53.06,53.05,53.07,50000000.0,50000000.0,0,0,18,2026-02-03 07:38:37.156310
EEC,48.74,48.73,48.75,50000000.0,50000000.0,0,0,18,2026-02-03 07:38:37.156310
TGX,43.62,43.61,43.63,50000000.0,50000000.0,0,0,19,2026-02-03 07:38:38.188707
PHR,48.31,48.3,48.32,50000000.0,50000000.0,0,0,19,2026-02-03 07:38:38.188707
BYL,43.45,43.44,43.46,50000000.0,50000000.0,0,0,19,2026-02-03 07:38:38.188707
CLD,79.01,79.0,79.02,50000000.0,50000000.0,0,0,19,2026-02-03 07:38:38.188707
GGD,31.49,31.48,31.5,50000000.0,50000000.0,0,0,19,2026-02-03 07:38:38.188707
PNR,59.62,59.61,59.63,50000000.0,50000000.0,0,0,19,2026-02-03 07:38:38.188707
FSR,30.35,30.34,30.36,50000000.0,50000000.0,0,0,19,2026-02-03 07:38:38.188707
ATB,60.74,60.73,60.75,50000000.0,50000000.0,0,0,19,2026-02-03 07:38:38.188707
SPK,53.02,53.01,53.03,50000000.0,50000000.0,0,0,19,2026-02-03 07:38:38.188707
EEC,48.74,48.73,48.75,50000000.0,50000000.0,0,0,19,2026-02-03 07:38:38.188707
TGX,43.63,43.62,43.64,50000000.0,50000000.0,0,0,20,2026-02-03 07:38:39.221463
PHR,48.0,47.99,48.01,50000000.0,50000000.0,0,0,20,2026-02-03 07:38:39.221463
BYL,43.79,43.78,43.8,50000000.0,50000000.0,0,0,20,2026-02-03 07:38:39.221463
CLD,79.97,79.96,79.98,50000000.0,50000000.0,0,0,20,2026-02-03 07:38:39.221463
GGD,31.53,31.52,31.54,50000000.0,50000000.0,0,0,20,2026-02-03 07:38:39.221463
PNR,60.0,59.99,60.01,50000000.0,50000000.0,0,0,20,2026-02-03 07:38:39.221463
FSR,30.34,30.33,30.35,50000000.0,50000000.0,0,0,20,2026-02-03 07:38:39.221463
ATB,60.69,60.68,60.7,50000000.0,50000000.0,0,0,20,2026-02-03 07:38:39.221463
SPK,52.83,52.82,52.84,50000000.0,50000000.0,0,0,20,2026-02-03 07:38:39.221463
EEC,48.52,48.51,48.53,50000000.0,50000000.0,0,0,20,2026-02-03 07:38:39.221463
TGX,43.55,43.54,43.56,50000000.0,50000000.0,0,0,21,2026-02-03 07:38:40.254049
PHR,47.89,47.88,47.9,50000000.0,50000000.0,0,0,21,2026-02-03 07:38:40.254049
BYL,44.0,43.99,44.01,50000000.0,50000000.0,0,0,21,2026-02-03 07:38:40.254049
CLD,80.5,80.49,80.51,50000000.0,50000000.0,0,0,21,2026-02-03 07:38:40.254049
GGD,31.54,31.53,31.55,50000000.0,50000000.0,0,0,21,2026-02-03 07:38:40.254049
PNR,60.17,60.16,60.18,50000000.0,50000000.0,0,0,21,2026-02-03 07:38:40.254049
FSR,30.33,30.32,30.34,50000000.0,50000000.0,0,0,21,2026-02-03 07:38:40.254049
ATB,60.85,60.84,60.86,50000000.0,50000000.0,0,0,21,2026-02-03 07:38:40.254049
SPK,52.74,52.73,52.75,50000000.0,50000000.0,0,0,21,2026-02-03 07:38:40.254049
EEC,48.4,48.39,48.41,50000000.0,50000000.0,0,0,21,2026-02-03 07:38:40.254049
TGX,43.55,43.54,43.56,50000000.0,50000000.0,0,0,22,2026-02-03 07:38:41.284551,2.0,1.0,21.0,D2-BYL/CLD,Sell-Side Analysts Issue Divergent Valuation Assessments,"Equity research analysts covering the ByteLayer/CloudSys transaction have published updated notes with materially different conclusions on deal accretion and synergy realization timelines. Bull-case estimates cite accelerated revenue opportunities, while bear-case analysts highlight integration execution risk and uncertain market conditions in enterprise cloud infrastructure. The divergence has contributed to wider-than-typical bid-ask spreads in both securities."
PHR,48.26,48.25,48.27,50000000.0,50000000.0,0,0,22,2026-02-03 07:38:41.284551,,,,,,
BYL,43.66,43.65,43.67,50000000.0,50000000.0,0,0,22,2026-02-03 07:38:41.284551,,,,,,
CLD,79.71,79.7,79.72,50000000.0,50000000.0,0,0,22,2026-02-03 07:38:41.284551,,,,,,
GGD,31.49,31.48,31.5,50000000.0,50000000.0,0,0,22,2026-02-03 07:38:41.284551,,,,,,
PNR,60.28,60.27,60.29,50000000.0,50000000.0,0,0,22,2026-02-03 07:38:41.284551,,,,,,
FSR,30.31,30.3,30.32,50000000.0,50000000.0,0,0,22,2026-02-03 07:38:41.284551,,,,,,
ATB,60.77,60.76,60.78,50000000.0,50000000.0,0,0,22,2026-02-03 07:38:41.284551,,,,,,
SPK,52.86,52.85,52.87,50000000.0,50000000.0,0,0,22,2026-02-03 07:38:41.284551,,,,,,
EEC,48.5,48.49,48.51,50000000.0,50000000.0,0,0,22,2026-02-03 07:38:41.284551,,,,,,
TGX,43.52,43.51,43.53,50000000.0,50000000.0,0,0,23,2026-02-03 07:38:42.329782,3.0,1.0,22.0,D1-TGX/PHR,Regulatory Timeline Slippage,Companies update investors that regulatory approvals are now expected in Q3 rather than Q2 due to extended international reviews.
PHR,48.16,48.15,48.17,50000000.0,50000000.0,0,0,23,2026-02-03 07:38:42.329782,,,,,,
BYL,43.22,43.21,43.23,50000000.0,50000000.0,0,0,23,2026-02-03 07:38:42.329782,,,,,,
CLD,78.74,78.73,78.75,50000000.0,50000000.0,0,0,23,2026-02-03 07:38:42.329782,,,,,,
GGD,31.56,31.55,31.57,50000000.0,50000000.0,0,0,23,2026-02-03 07:38:42.329782,,,,,,
PNR,60.28,60.27,60.29,50000000.0,50000000.0,0,0,23,2026-02-03 07:38:42.329782,,,,,,
FSR,30.3,30.29,30.31,50000000.0,50000000.0,0,0,23,2026-02-03 07:38:42.329782,,,,,,
ATB,60.61,60.6,60.62,50000000.0,50000000.0,0,0,23,2026-02-03 07:38:42.329782,,,,,,
SPK,52.69,52.68,52.7,50000000.0,50000000.0,0,0,23,2026-02-03 07:38:42.329782,,,,,,
EEC,48.27,48.26,48.28,50000000.0,50000000.0,0,0,23,2026-02-03 07:38:42.329782,,,,,,
TGX,43.63,43.62,43.64,50000000.0,50000000.0,0,0,24,2026-02-03 07:38:43.371220,4.0,1.0,23.0,D2-BYL/CLD,Integration Teams Appointed,Joint integration steering committee formed with leadership from both technology and business units.
PHR,48.18,48.17,48.19,50000000.0,50000000.0,0,0,24,2026-02-03 07:38:43.371220,,,,,,
BYL,43.1,43.09,43.11,50000000.0,50000000.0,0,0,24,2026-02-03 07:38:43.371220,,,,,,
CLD,78.5,78.49,78.51,50000000.0,50000000.0,0,0,24,2026-02-03 07:38:43.371220,,,,,,
GGD,31.68,31.67,31.69,50000000.0,50000000.0,0,0,24,2026-02-03 07:38:43.371220,,,,,,
PNR,60.47,60.46,60.48,50000000.0,50000000.0,0,0,24,2026-02-03 07:38:43.371220,,,,,,
FSR,30.33,30.32,30.34,50000000.0,50000000.0,0,0,24,2026-02-03 07:38:43.371220,,,,,,
ATB,61.09,61.08,61.1,50000000.0,50000000.0,0,0,24,2026-02-03 07:38:43.371220,,,,,,
SPK,53.0,52.99,53.01,50000000.0,50000000.0,0,0,24,2026-02-03 07:38:43.371220,,,,,,
EEC,48.7,48.69,48.71,50000000.0,50000000.0,0,0,24,2026-02-03 07:38:43.371220,,,,,,
TGX,43.6,43.59,43.61,50000000.0,50000000.0,0,0,25,2026-02-03 07:38:44.404609
PHR,48.26,48.25,48.27,50000000.0,50000000.0,0,0,25,2026-02-03 07:38:44.404609
BYL,43.09,43.08,43.1,50000000.0,50000000.0,0,0,25,2026-02-03 07:38:44.404609
CLD,78.4,78.39,78.41,50000000.0,50000000.0,0,0,25,2026-02-03 07:38:44.404609
GGD,31.57,31.56,31.58,50000000.0,50000000.0,0,0,25,2026-02-03 07:38:44.404609
PNR,60.25,60.24,60.26,50000000.0,50000000.0,0,0,25,2026-02-03 07:38:44.404609
FSR,30.31,30.3,30.32,50000000.0,50000000.0,0,0,25,2026-02-03 07:38:44.404609
ATB,61.01,61.0,61.02,50000000.0,50000000.0,0,0,25,2026-02-03 07:38:44.404609
SPK,53.1,53.09,53.11,50000000.0,50000000.0,0,0,25,2026-02-03 07:38:44.404609
EEC,48.91,48.9,48.92,50000000.0,50000000.0,0,0,25,2026-02-03 07:38:44.404609
TGX,43.63,43.62,43.64,50000000.0,50000000.0,0,0,26,2026-02-03 07:38:45.459383
PHR,48.34,48.33,48.35,50000000.0,50000000.0,0,0,26,2026-02-03 07:38:45.459383
BYL,43.16,43.15,43.17,50000000.0,50000000.0,0,0,26,2026-02-03 07:38:45.459383
CLD,78.62,78.61,78.63,50000000.0,50000000.0,0,0,26,2026-02-03 07:38:45.459383
GGD,31.5,31.49,31.51,50000000.0,50000000.0,0,0,26,2026-02-03 07:38:45.459383
PNR,60.35,60.34,60.36,50000000.0,50000000.0,0,0,26,2026-02-03 07:38:45.459383
FSR,30.33,30.32,30.34,50000000.0,50000000.0,0,0,26,2026-02-03 07:38:45.459383
ATB,61.13,61.12,61.14,50000000.0,50000000.0,0,0,26,2026-02-03 07:38:45.459383
SPK,53.27,53.26,53.28,50000000.0,50000000.0,0,0,26,2026-02-03 07:38:45.459383
EEC,49.29,49.28,49.3,50000000.0,50000000.0,0,0,26,2026-02-03 07:38:45.459383
TGX,43.72,43.71,43.73,50000000.0,50000000.0,0,0,27,2026-02-03 07:38:46.016750
PHR,48.74,48.73,48.75,50000000.0,50000000.0,0,0,27,2026-02-03 07:38:46.016750
BYL,42.75,42.74,42.76,50000000.0,50000000.0,0,0,27,2026-02-03 07:38:46.016750
CLD,77.66,77.65,77.67,50000000.0,50000000.0,0,0,27,2026-02-03 07:38:46.016750
GGD,31.49,31.48,31.5,50000000.0,50000000.0,0,0,27,2026-02-03 07:38:46.016750
PNR,60.5,60.49,60.51,50000000.0,50000000.0,0,0,27,2026-02-03 07:38:46.016750
FSR,30.34,30.33,30.35,50000000.0,50000000.0,0,0,27,2026-02-03 07:38:46.016750
ATB,60.47,60.46,60.48,50000000.0,50000000.0,0,0,27,2026-02-03 07:38:46.016750
SPK,53.22,53.21,53.23,50000000.0,50000000.0,0,0,27,2026-02-03 07:38:46.016750
EEC,49.22,49.21,49.23,50000000.0,50000000.0,0,0,27,2026-02-03 07:38:46.016750
TGX,43.73,43.72,43.74,50000000.0,50000000.0,0,0,28,2026-02-03 07:38:47.053384
PHR,48.87,48.86,48.88,50000000.0,50000000.0,0,0,28,2026-02-03 07:38:47.053384
BYL,42.79,42.78,42.8,50000000.0,50000000.0,0,0,28,2026-02-03 07:38:47.053384
CLD,77.71,77.7,77.72,50000000.0,50000000.0,0,0,28,2026-02-03 07:38:47.053384
GGD,31.61,31.6,31.62,50000000.0,50000000.0,0,0,28,2026-02-03 07:38:47.053384
PNR,60.61,60.6,60.62,50000000.0,50000000.0,0,0,28,2026-02-03 07:38:47.053384
FSR,30.37,30.36,30.38,50000000.0,50000000.0,0,0,28,2026-02-03 07:38:47.053384
ATB,60.32,60.31,60.33,50000000.0,50000000.0,0,0,28,2026-02-03 07:38:47.053384
SPK,53.38,53.37,53.39,50000000.0,50000000.0,0,0,28,2026-02-03 07:38:47.053384
EEC,49.54,49.53,49.55,50000000.0,50000000.0,0,0,28,2026-02-03 07:38:47.053384
TGX,43.81,43.8,43.82,50000000.0,50000000.0,0,0,29,2026-02-03 07:38:48.088651
PHR,48.81,48.8,48.82,50000000.0,50000000.0,0,0,29,2026-02-03 07:38:48.088651
BYL,42.65,42.64,42.66,50000000.0,50000000.0,0,0,29,2026-02-03 07:38:48.088651
CLD,77.29,77.28,77.3,50000000.0,50000000.0,0,0,29,2026-02-03 07:38:48.088651
GGD,31.66,31.65,31.67,50000000.0,50000000.0,0,0,29,2026-02-03 07:38:48.088651
PNR,60.39,60.38,60.4,50000000.0,50000000.0,0,0,29,2026-02-03 07:38:48.088651
FSR,30.42,30.41,30.43,50000000.0,50000000.0,0,0,29,2026-02-03 07:38:48.088651
ATB,60.85,60.84,60.86,50000000.0,50000000.0,0,0,29,2026-02-03 07:38:48.088651
SPK,53.37,53.36,53.38,50000000.0,50000000.0,0,0,29,2026-02-03 07:38:48.088651
EEC,49.48,49.47,49.49,50000000.0,50000000.0,0,0,29,2026-02-03 07:38:48.088651
TGX,43.77,43.76,43.78,50000000.0,50000000.0,0,0,30,2026-02-03 07:38:49.124944,5.0,1.0,29.0,D4-FSR/ATB,TLAC Requirements Clarified,Regulators provide clarity on Total Loss-Absorbing Capacity requirements post-merger.
PHR,49.02,49.01,49.03,50000000.0,50000000.0,0,0,30,2026-02-03 07:38:49.124944,,,,,,
BYL,42.88,42.87,42.89,50000000.0,50000000.0,0,0,30,2026-02-03 07:38:49.124944,,,,,,
CLD,77.8,77.79,77.81,50000000.0,50000000.0,0,0,30,2026-02-03 07:38:49.124944,,,,,,
GGD,31.65,31.64,31.66,50000000.0,50000000.0,0,0,30,2026-02-03 07:38:49.124944,,,,,,
PNR,60.39,60.38,60.4,50000000.0,50000000.0,0,0,30,2026-02-03 07:38:49.124944,,,,,,
FSR,30.41,30.4,30.42,50000000.0,50000000.0,0,0,30,2026-02-03 07:38:49.124944,,,,,,
ATB,61.36,61.35,61.37,50000000.0,50000000.0,0,0,30,2026-02-03 07:38:49.124944,,,,,,
SPK,53.41,53.4,53.42,50000000.0,50000000.0,0,0,30,2026-02-03 07:38:49.124944,,,,,,
EEC,49.62,49.61,49.63,50000000.0,50000000.0,0,0,30,2026-02-03 07:38:49.124944,,,,,,
TGX,43.68,43.67,43.69,50000000.0,50000000.0,0,0,31,2026-02-03 07:38:50.165974
PHR,48.62,48.61,48.63,50000000.0,50000000.0,0,0,31,2026-02-03 07:38:50.165974
BYL,43.42,43.41,43.43,50000000.0,50000000.0,0,0,31,2026-02-03 07:38:50.165974
CLD,79.18,79.17,79.19,50000000.0,50000000.0,0,0,31,2026-02-03 07:38:50.165974
GGD,31.68,31.67,31.69,50000000.0,50000000.0,0,0,31,2026-02-03 07:38:50.165974
PNR,60.39,60.38,60.4,50000000.0,50000000.0,0,0,31,2026-02-03 07:38:50.165974
FSR,30.43,30.42,30.44,50000000.0,50000000.0,0,0,31,2026-02-03 07:38:50.165974
ATB,60.7,60.69,60.71,50000000.0,50000000.0,0,0,31,2026-02-03 07:38:50.165974
SPK,53.36,53.35,53.37,50000000.0,50000000.0,0,0,31,2026-02-03 07:38:50.165974
EEC,49.53,49.52,49.54,50000000.0,50000000.0,0,0,31,2026-02-03 07:38:50.165974
TGX,43.64,43.63,43.65,50000000.0,50000000.0,0,0,32,2026-02-03 07:38:51.203330
PHR,48.8,48.79,48.81,50000000.0,50000000.0,0,0,32,2026-02-03 07:38:51.203330
BYL,43.56,43.55,43.57,50000000.0,50000000.0,0,0,32,2026-02-03 07:38:51.203330
CLD,79.5,79.49,79.51,50000000.0,50000000.0,0,0,32,2026-02-03 07:38:51.203330
GGD,31.8,31.79,31.81,50000000.0,50000000.0,0,0,32,2026-02-03 07:38:51.203330
PNR,60.54,60.53,60.55,50000000.0,50000000.0,0,0,32,2026-02-03 07:38:51.203330
FSR,30.45,30.44,30.46,50000000.0,50000000.0,0,0,32,2026-02-03 07:38:51.203330
ATB,60.55,60.54,60.56,50000000.0,50000000.0,0,0,32,2026-02-03 07:38:51.203330
SPK,53.67,53.66,53.68,50000000.0,50000000.0,0,0,32,2026-02-03 07:38:51.203330
EEC,50.05,50.04,50.06,50000000.0,50000000.0,0,0,32,2026-02-03 07:38:51.203330
TGX,43.68,43.67,43.69,50000000.0,50000000.0,0,0,33,2026-02-03 07:38:52.237203
PHR,48.62,48.61,48.63,50000000.0,50000000.0,0,0,33,2026-02-03 07:38:52.237203
BYL,43.38,43.37,43.39,50000000.0,50000000.0,0,0,33,2026-02-03 07:38:52.237203
CLD,79.15,79.14,79.16,50000000.0,50000000.0,0,0,33,2026-02-03 07:38:52.237203
GGD,31.93,31.92,31.94,50000000.0,50000000.0,0,0,33,2026-02-03 07:38:52.237203
PNR,60.76,60.75,60.77,50000000.0,50000000.0,0,0,33,2026-02-03 07:38:52.237203
FSR,30.48,30.47,30.49,50000000.0,50000000.0,0,0,33,2026-02-03 07:38:52.237203
ATB,59.67,59.66,59.68,50000000.0,50000000.0,0,0,33,2026-02-03 07:38:52.237203
SPK,53.78,53.77,53.79,50000000.0,50000000.0,0,0,33,2026-02-03 07:38:52.237203
EEC,50.15,50.14,50.16,50000000.0,50000000.0,0,0,33,2026-02-03 07:38:52.237203
TGX,43.78,43.77,43.79,50000000.0,50000000.0,0,0,34,2026-02-03 07:38:53.269183
PHR,48.6,48.59,48.61,50000000.0,50000000.0,0,0,34,2026-02-03 07:38:53.269183
BYL,43.74,43.73,43.75,50000000.0,50000000.0,0,0,34,2026-02-03 07:38:53.269183
CLD,80.06,80.05,80.07,50000000.0,50000000.0,0,0,34,2026-02-03 07:38:53.269183
GGD,31.91,31.9,31.92,50000000.0,50000000.0,0,0,34,2026-02-03 07:38:53.269183
PNR,60.98,60.97,60.99,50000000.0,50000000.0,0,0,34,2026-02-03 07:38:53.269183
FSR,30.5,30.49,30.51,50000000.0,50000000.0,0,0,34,2026-02-03 07:38:53.269183
ATB,59.51,59.5,59.52,50000000.0,50000000.0,0,0,34,2026-02-03 07:38:53.269183
SPK,53.83,53.82,53.84,50000000.0,50000000.0,0,0,34,2026-02-03 07:38:53.269183
EEC,50.23,50.22,50.24,50000000.0,50000000.0,0,0,34,2026-02-03 07:38:53.269183
TGX,43.81,43.8,43.82,50000000.0,50000000.0,0,0,35,2026-02-03 07:38:54.305163
PHR,48.21,48.2,48.22,50000000.0,50000000.0,0,0,35,2026-02-03 07:38:54.305163
BYL,43.44,43.43,43.45,50000000.0,50000000.0,0,0,35,2026-02-03 07:38:54.305163
CLD,79.4,79.39,79.41,50000000.0,50000000.0,0,0,35,2026-02-03 07:38:54.305163
GGD,31.92,31.91,31.93,50000000.0,50000000.0,0,0,35,2026-02-03 07:38:54.305163
PNR,60.82,60.81,60.83,50000000.0,50000000.0,0,0,35,2026-02-03 07:38:54.305163
FSR,30.52,30.51,30.53,50000000.0,50000000.0,0,0,35,2026-02-03 07:38:54.305163
ATB,60.1,60.09,60.11,50000000.0,50000000.0,0,0,35,2026-02-03 07:38:54.305163
SPK,53.84,53.83,53.85,50000000.0,50000000.0,0,0,35,2026-02-03 07:38:54.305163
EEC,50.29,50.28,50.3,50000000.0,50000000.0,0,0,35,2026-02-03 07:38:54.305163
TGX,43.85,43.84,43.86,50000000.0,50000000.0,0,0,36,2026-02-03 07:38:55.343036
PHR,48.9,48.89,48.91,50000000.0,50000000.0,0,0,36,2026-02-03 07:38:55.343036
BYL,43.67,43.66,43.68,50000000.0,50000000.0,0,0,36,2026-02-03 07:38:55.343036
CLD,79.9,79.89,79.91,50000000.0,50000000.0,0,0,36,2026-02-03 07:38:55.343036
GGD,31.88,31.87,31.89,50000000.0,50000000.0,0,0,36,2026-02-03 07:38:55.343036
PNR,61.14,61.13,61.15,50000000.0,50000000.0,0,0,36,2026-02-03 07:38:55.343036
FSR,30.51,30.5,30.52,50000000.0,50000000.0,0,0,36,2026-02-03 07:38:55.343036
ATB,60.29,60.28,60.3,50000000.0,50000000.0,0,0,36,2026-02-03 07:38:55.343036
SPK,54.06,54.05,54.07,50000000.0,50000000.0,0,0,36,2026-02-03 07:38:55.343036
EEC,50.7,50.69,50.71,50000000.0,50000000.0,0,0,36,2026-02-03 07:38:55.343036
TGX,43.84,43.83,43.85,50000000.0,50000000.0,0,0,37,2026-02-03 07:38:56.391787
PHR,48.74,48.73,48.75,50000000.0,50000000.0,0,0,37,2026-02-03 07:38:56.391787
BYL,43.67,43.66,43.68,50000000.0,50000000.0,0,0,37,2026-02-03 07:38:56.391787
CLD,79.86,79.85,79.87,50000000.0,50000000.0,0,0,37,2026-02-03 07:38:56.391787
GGD,31.82,31.81,31.83,50000000.0,50000000.0,0,0,37,2026-02-03 07:38:56.391787
PNR,61.1,61.09,61.11,50000000.0,50000000.0,0,0,37,2026-02-03 07:38:56.391787
FSR,30.52,30.51,30.53,50000000.0,50000000.0,0,0,37,2026-02-03 07:38:56.391787
ATB,60.65,60.64,60.66,50000000.0,50000000.0,0,0,37,2026-02-03 07:38:56.391787
SPK,54.02,54.01,54.03,50000000.0,50000000.0,0,0,37,2026-02-03 07:38:56.391787
EEC,50.59,50.58,50.6,50000000.0,50000000.0,0,0,37,2026-02-03 07:38:56.391787
TGX,43.84,43.83,43.85,50000000.0,50000000.0,0,0,38,2026-02-03 07:38:57.444192
PHR,49.13,49.12,49.14,50000000.0,50000000.0,0,0,38,2026-02-03 07:38:57.444192
BYL,43.63,43.62,43.64,50000000.0,50000000.0,0,0,38,2026-02-03 07:38:57.444192
CLD,79.83,79.82,79.84,50000000.0,50000000.0,0,0,38,2026-02-03 07:38:57.444192
GGD,31.8,31.79,31.81,50000000.0,50000000.0,0,0,38,2026-02-03 07:38:57.444192
PNR,61.06,61.05,61.07,50000000.0,50000000.0,0,0,38,2026-02-03 07:38:57.444192
FSR,30.5,30.49,30.51,50000000.0,50000000.0,0,0,38,2026-02-03 07:38:57.444192
ATB,60.72,60.71,60.73,50000000.0,50000000.0,0,0,38,2026-02-03 07:38:57.444192
SPK,53.95,53.94,53.96,50000000.0,50000000.0,0,0,38,2026-02-03 07:38:57.444192
EEC,50.32,50.31,50.33,50000000.0,50000000.0,0,0,38,2026-02-03 07:38:57.444192
TGX,43.75,43.74,43.76,50000000.0,50000000.0,0,0,39,2026-02-03 07:38:58.485666
PHR,49.1,49.09,49.11,50000000.0,50000000.0,0,0,39,2026-02-03 07:38:58.485666
BYL,43.8,43.79,43.81,50000000.0,50000000.0,0,0,39,2026-02-03 07:38:58.485666
CLD,80.23,80.22,80.24,50000000.0,50000000.0,0,0,39,2026-02-03 07:38:58.485666
GGD,31.77,31.76,31.78,50000000.0,50000000.0,0,0,39,2026-02-03 07:38:58.485666
PNR,61.04,61.03,61.05,50000000.0,50000000.0,0,0,39,2026-02-03 07:38:58.485666
FSR,30.52,30.51,30.53,50000000.0,50000000.0,0,0,39,2026-02-03 07:38:58.485666
ATB,59.85,59.84,59.86,50000000.0,50000000.0,0,0,39,2026-02-03 07:38:58.485666
SPK,54.11,54.1,54.12,50000000.0,50000000.0,0,0,39,2026-02-03 07:38:58.485666
EEC,50.54,50.53,50.55,50000000.0,50000000.0,0,0,39,2026-02-03 07:38:58.485666
TGX,43.72,43.71,43.73,50000000.0,50000000.0,0,0,40,2026-02-03 07:38:59.017100
PHR,49.21,49.2,49.22,50000000.0,50000000.0,0,0,40,2026-02-03 07:38:59.017100
BYL,43.51,43.5,43.52,50000000.0,50000000.0,0,0,40,2026-02-03 07:38:59.017100
CLD,79.55,79.54,79.56,50000000.0,50000000.0,0,0,40,2026-02-03 07:38:59.017100
GGD,31.7,31.69,31.71,50000000.0,50000000.0,0,0,40,2026-02-03 07:38:59.017100
PNR,60.99,60.98,61.0,50000000.0,50000000.0,0,0,40,2026-02-03 07:38:59.017100
FSR,30.5,30.49,30.51,50000000.0,50000000.0,0,0,40,2026-02-03 07:38:59.017100
ATB,60.17,60.16,60.18,50000000.0,50000000.0,0,0,40,2026-02-03 07:38:59.017100
SPK,54.01,54.0,54.02,50000000.0,50000000.0,0,0,40,2026-02-03 07:38:59.017100
EEC,50.33,50.32,50.34,50000000.0,50000000.0,0,0,40,2026-02-03 07:38:59.017100
TGX,43.76,43.75,43.77,50000000.0,50000000.0,0,0,41,2026-02-03 07:39:00.052533
PHR,49.52,49.51,49.53,50000000.0,50000000.0,0,0,41,2026-02-03 07:39:00.052533
BYL,43.91,43.9,43.92,50000000.0,50000000.0,0,0,41,2026-02-03 07:39:00.052533
CLD,80.46,80.45,80.47,50000000.0,50000000.0,0,0,41,2026-02-03 07:39:00.052533
GGD,31.6,31.59,31.61,50000000.0,50000000.0,0,0,41,2026-02-03 07:39:00.052533
PNR,60.88,60.87,60.89,50000000.0,50000000.0,0,0,41,2026-02-03 07:39:00.052533
FSR,30.5,30.49,30.51,50000000.0,50000000.0,0,0,41,2026-02-03 07:39:00.052533
ATB,60.24,60.23,60.25,50000000.0,50000000.0,0,0,41,2026-02-03 07:39:00.052533
SPK,53.96,53.95,53.97,50000000.0,50000000.0,0,0,41,2026-02-03 07:39:00.052533
EEC,50.34,50.33,50.35,50000000.0,50000000.0,0,0,41,2026-02-03 07:39:00.052533
TGX,42.71,42.7,42.72,50000000.0,50000000.0,0,0,42,2026-02-03 07:39:01.090260
PHR,49.81,49.8,49.82,50000000.0,50000000.0,0,0,42,2026-02-03 07:39:01.090260
BYL,43.75,43.74,43.76,50000000.0,50000000.0,0,0,42,2026-02-03 07:39:01.090260
CLD,80.1,80.09,80.11,50000000.0,50000000.0,0,0,42,2026-02-03 07:39:01.090260
GGD,31.65,31.64,31.66,50000000.0,50000000.0,0,0,42,2026-02-03 07:39:01.090260
PNR,60.89,60.88,60.9,50000000.0,50000000.0,0,0,42,2026-02-03 07:39:01.090260
FSR,30.5,30.49,30.51,50000000.0,50000000.0,0,0,42,2026-02-03 07:39:01.090260
ATB,60.84,60.83,60.85,50000000.0,50000000.0,0,0,42,2026-02-03 07:39:01.090260
SPK,53.96,53.95,53.97,50000000.0,50000000.0,0,0,42,2026-02-03 07:39:01.090260
EEC,50.3,50.29,50.31,50000000.0,50000000.0,0,0,42,2026-02-03 07:39:01.090260
TGX,42.73,42.72,42.74,50000000.0,50000000.0,0,0,43,2026-02-03 07:39:02.127972
PHR,49.92,49.91,49.93,50000000.0,50000000.0,0,0,43,2026-02-03 07:39:02.127972
BYL,44.67,44.66,44.68,50000000.0,50000000.0,0,0,43,2026-02-03 07:39:02.127972
CLD,80.33,80.32,80.34,50000000.0,50000000.0,0,0,43,2026-02-03 07:39:02.127972
GGD,31.67,31.66,31.68,50000000.0,50000000.0,0,0,43,2026-02-03 07:39:02.127972
PNR,60.94,60.93,60.95,50000000.0,50000000.0,0,0,43,2026-02-03 07:39:02.127972
FSR,30.48,30.47,30.49,50000000.0,50000000.0,0,0,43,2026-02-03 07:39:02.127972
ATB,60.51,60.5,60.52,50000000.0,50000000.0,0,0,43,2026-02-03 07:39:02.127972
SPK,53.87,53.86,53.88,50000000.0,50000000.0,0,0,43,2026-02-03 07:39:02.127972
EEC,50.18,50.17,50.19,50000000.0,50000000.0,0,0,43,2026-02-03 07:39:02.127972
TGX,42.7,42.69,42.71,50000000.0,50000000.0,0,0,44,2026-02-03 07:39:03.167565
PHR,50.29,50.28,50.3,50000000.0,50000000.0,0,0,44,2026-02-03 07:39:03.167565
BYL,44.74,44.73,44.75,50000000.0,50000000.0,0,0,44,2026-02-03 07:39:03.167565
CLD,80.45,80.44,80.46,50000000.0,50000000.0,0,0,44,2026-02-03 07:39:03.167565
GGD,31.78,31.77,31.79,50000000.0,50000000.0,0,0,44,2026-02-03 07:39:03.167565
PNR,61.2,61.19,61.21,50000000.0,50000000.0,0,0,44,2026-02-03 07:39:03.167565
FSR,30.46,30.45,30.47,50000000.0,50000000.0,0,0,44,2026-02-03 07:39:03.167565
ATB,60.35,60.34,60.36,50000000.0,50000000.0,0,0,44,2026-02-03 07:39:03.167565
SPK,53.96,53.95,53.97,50000000.0,50000000.0,0,0,44,2026-02-03 07:39:03.167565
EEC,50.28,50.27,50.29,50000000.0,50000000.0,0,0,44,2026-02-03 07:39:03.167565
TGX,42.67,42.66,42.68,50000000.0,50000000.0,0,0,45,2026-02-03 07:39:04.205497
PHR,50.45,50.44,50.46,50000000.0,50000000.0,0,0,45,2026-02-03 07:39:04.205497
BYL,44.98,44.97,44.99,50000000.0,50000000.0,0,0,45,2026-02-03 07:39:04.205497
CLD,81.02,81.01,81.03,50000000.0,50000000.0,0,0,45,2026-02-03 07:39:04.205497
GGD,31.86,31.85,31.87,50000000.0,50000000.0,0,0,45,2026-02-03 07:39:04.205497
PNR,61.17,61.16,61.18,50000000.0,50000000.0,0,0,45,2026-02-03 07:39:04.205497
FSR,30.46,30.45,30.47,50000000.0,50000000.0,0,0,45,2026-02-03 07:39:04.205497
ATB,60.54,60.53,60.55,50000000.0,50000000.0,0,0,45,2026-02-03 07:39:04.205497
SPK,53.77,53.76,53.78,50000000.0,50000000.0,0,0,45,2026-02-03 07:39:04.205497
EEC,49.9,49.89,49.91,50000000.0,50000000.0,0,0,45,2026-02-03 07:39:04.205497
TGX,41.62,41.61,41.63,50000000.0,50000000.0,0,0,46,2026-02-03 07:39:05.236693
PHR,50.5,50.49,50.51,50000000.0,50000000.0,0,0,46,2026-02-03 07:39:05.236693
BYL,44.88,44.87,44.89,50000000.0,50000000.0,0,0,46,2026-02-03 07:39:05.236693
CLD,80.84,80.83,80.85,50000000.0,50000000.0,0,0,46,2026-02-03 07:39:05.236693
GGD,31.86,31.85,31.87,50000000.0,50000000.0,0,0,46,2026-02-03 07:39:05.236693
PNR,60.99,60.98,61.0,50000000.0,50000000.0,0,0,46,2026-02-03 07:39:05.236693
FSR,30.47,30.46,30.48,50000000.0,50000000.0,0,0,46,2026-02-03 07:39:05.236693
ATB,61.06,61.05,61.07,50000000.0,50000000.0,0,0,46,2026-02-03 07:39:05.236693
SPK,53.78,53.77,53.79,50000000.0,50000000.0,0,0,46,2026-02-03 07:39:05.236693
EEC,50.0,49.99,50.01,50000000.0,50000000.0,0,0,46,2026-02-03 07:39:05.236693
TGX,41.7,41.69,41.71,50000000.0,50000000.0,0,0,47,2026-02-03 07:39:06.274595
PHR,50.35,50.34,50.36,50000000.0,50000000.0,0,0,47,2026-02-03 07:39:06.274595
BYL,44.81,44.8,44.82,50000000.0,50000000.0,0,0,47,2026-02-03 07:39:06.274595
CLD,80.6,80.59,80.61,50000000.0,50000000.0,0,0,47,2026-02-03 07:39:06.274595
GGD,31.96,31.95,31.97,50000000.0,50000000.0,0,0,47,2026-02-03 07:39:06.274595
PNR,61.16,61.15,61.17,50000000.0,50000000.0,0,0,47,2026-02-03 07:39:06.274595
FSR,31.03,31.02,31.04,50000000.0,50000000.0,0,0,47,2026-02-03 07:39:06.274595
ATB,61.71,61.7,61.72,50000000.0,50000000.0,0,0,47,2026-02-03 07:39:06.274595
SPK,53.66,53.65,53.67,50000000.0,50000000.0,0,0,47,2026-02-03 07:39:06.274595
EEC,49.85,49.84,49.86,50000000.0,50000000.0,0,0,47,2026-02-03 07:39:06.274595
TGX,41.73,41.72,41.74,50000000.0,50000000.0,0,0,48,2026-02-03 07:39:07.307180
PHR,50.67,50.66,50.68,50000000.0,50000000.0,0,0,48,2026-02-03 07:39:07.307180
BYL,44.76,44.75,44.77,50000000.0,50000000.0,0,0,48,2026-02-03 07:39:07.307180
CLD,80.42,80.41,80.43,50000000.0,50000000.0,0,0,48,2026-02-03 07:39:07.307180
GGD,31.98,31.97,31.99,50000000.0,50000000.0,0,0,48,2026-02-03 07:39:07.307180
PNR,61.48,61.47,61.49,50000000.0,50000000.0,0,0,48,2026-02-03 07:39:07.307180
FSR,31.04,31.03,31.05,50000000.0,50000000.0,0,0,48,2026-02-03 07:39:07.307180
ATB,62.12,62.11,62.13,50000000.0,50000000.0,0,0,48,2026-02-03 07:39:07.307180
SPK,53.63,53.62,53.64,50000000.0,50000000.0,0,0,48,2026-02-03 07:39:07.307180
EEC,49.77,49.76,49.78,50000000.0,50000000.0,0,0,48,2026-02-03 07:39:07.307180
TGX,41.65,41.64,41.66,50000000.0,50000000.0,0,0,49,2026-02-03 07:39:08.339740
PHR,50.63,50.62,50.64,50000000.0,50000000.0,0,0,49,2026-02-03 07:39:08.339740
BYL,44.51,44.5,44.52,50000000.0,50000000.0,0,0,49,2026-02-03 07:39:08.339740
CLD,79.93,79.92,79.94,50000000.0,50000000.0,0,0,49,2026-02-03 07:39:08.339740
GGD,31.97,31.96,31.98,50000000.0,50000000.0,0,0,49,2026-02-03 07:39:08.339740
PNR,61.25,61.24,61.26,50000000.0,50000000.0,0,0,49,2026-02-03 07:39:08.339740
FSR,31.04,31.03,31.05,50000000.0,50000000.0,0,0,49,2026-02-03 07:39:08.339740
ATB,62.11,62.1,62.12,50000000.0,50000000.0,0,0,49,2026-02-03 07:39:08.339740
SPK,53.65,53.64,53.66,50000000.0,50000000.0,0,0,49,2026-02-03 07:39:08.339740
EEC,49.84,49.83,49.85,50000000.0,50000000.0,0,0,49,2026-02-03 07:39:08.339740
TGX,41.68,41.67,41.69,50000000.0,50000000.0,0,0,50,2026-02-03 07:39:09.372428
PHR,50.28,50.27,50.29,50000000.0,50000000.0,0,0,50,2026-02-03 07:39:09.372428
BYL,44.57,44.56,44.58,50000000.0,50000000.0,0,0,50,2026-02-03 07:39:09.372428
CLD,80.02,80.01,80.03,50000000.0,50000000.0,0,0,50,2026-02-03 07:39:09.372428
GGD,31.93,31.92,31.94,50000000.0,50000000.0,0,0,50,2026-02-03 07:39:09.372428
PNR,61.2,61.19,61.21,50000000.0,50000000.0,0,0,50,2026-02-03 07:39:09.372428
FSR,31.05,31.04,31.06,50000000.0,50000000.0,0,0,50,2026-02-03 07:39:09.372428
ATB,61.48,61.47,61.49,50000000.0,50000000.0,0,0,50,2026-02-03 07:39:09.372428
SPK,53.59,53.58,53.6,50000000.0,50000000.0,0,0,50,2026-02-03 07:39:09.372428
EEC,49.79,49.78,49.8,50000000.0,50000000.0,0,0,50,2026-02-03 07:39:09.372428
TGX,41.69,41.68,41.7,50000000.0,50000000.0,0,0,51,2026-02-03 07:39:10.404439
PHR,50.82,50.81,50.83,50000000.0,50000000.0,0,0,51,2026-02-03 07:39:10.404439
BYL,44.46,44.45,44.47,50000000.0,50000000.0,0,0,51,2026-02-03 07:39:10.404439
CLD,79.79,79.78,79.8,50000000.0,50000000.0,0,0,51,2026-02-03 07:39:10.404439
GGD,31.86,31.85,31.87,50000000.0,50000000.0,0,0,51,2026-02-03 07:39:10.404439
PNR,61.17,61.16,61.18,50000000.0,50000000.0,0,0,51,2026-02-03 07:39:10.404439
FSR,31.63,31.62,31.64,50000000.0,50000000.0,0,0,51,2026-02-03 07:39:10.404439
ATB,61.23,61.22,61.24,50000000.0,50000000.0,0,0,51,2026-02-03 07:39:10.404439
SPK,53.78,53.77,53.79,50000000.0,50000000.0,0,0,51,2026-02-03 07:39:10.404439
EEC,50.18,50.17,50.19,50000000.0,50000000.0,0,0,51,2026-02-03 07:39:10.404439
TGX,41.67,41.66,41.68,50000000.0,50000000.0,0,0,52,2026-02-03 07:39:11.443454
PHR,51.15,51.14,51.16,50000000.0,50000000.0,0,0,52,2026-02-03 07:39:11.443454
BYL,44.56,44.55,44.57,50000000.0,50000000.0,0,0,52,2026-02-03 07:39:11.443454
CLD,80.01,80.0,80.02,50000000.0,50000000.0,0,0,52,2026-02-03 07:39:11.443454
GGD,31.9,31.89,31.91,50000000.0,50000000.0,0,0,52,2026-02-03 07:39:11.443454
PNR,61.51,61.5,61.52,50000000.0,50000000.0,0,0,52,2026-02-03 07:39:11.443454
FSR,32.21,32.2,32.22,50000000.0,50000000.0,0,0,52,2026-02-03 07:39:11.443454
ATB,61.27,61.26,61.28,50000000.0,50000000.0,0,0,52,2026-02-03 07:39:11.443454
SPK,53.77,53.76,53.78,50000000.0,50000000.0,0,0,52,2026-02-03 07:39:11.443454
EEC,50.26,50.25,50.27,50000000.0,50000000.0,0,0,52,2026-02-03 07:39:11.443454
TGX,41.64,41.63,41.65,50000000.0,50000000.0,0,0,53,2026-02-03 07:39:12.481783
PHR,51.08,51.07,51.09,50000000.0,50000000.0,0,0,53,2026-02-03 07:39:12.481783
BYL,44.81,44.8,44.82,50000000.0,50000000.0,0,0,53,2026-02-03 07:39:12.481783
CLD,80.56,80.55,80.57,50000000.0,50000000.0,0,0,53,2026-02-03 07:39:12.481783
GGD,31.88,31.87,31.89,50000000.0,50000000.0,0,0,53,2026-02-03 07:39:12.481783
PNR,61.49,61.48,61.5,50000000.0,50000000.0,0,0,53,2026-02-03 07:39:12.481783
FSR,32.2,32.19,32.21,50000000.0,50000000.0,0,0,53,2026-02-03 07:39:12.481783
ATB,61.36,61.35,61.37,50000000.0,50000000.0,0,0,53,2026-02-03 07:39:12.481783
SPK,53.68,53.67,53.69,50000000.0,50000000.0,0,0,53,2026-02-03 07:39:12.481783
EEC,50.02,50.01,50.03,50000000.0,50000000.0,0,0,53,2026-02-03 07:39:12.481783
TGX,41.65,41.64,41.66,50000000.0,50000000.0,0,0,54,2026-02-03 07:39:13.519531
PHR,51.05,51.04,51.06,50000000.0,50000000.0,0,0,54,2026-02-03 07:39:13.519531
BYL,44.73,44.72,44.74,50000000.0,50000000.0,0,0,54,2026-02-03 07:39:13.519531
CLD,80.37,80.36,80.38,50000000.0,50000000.0,0,0,54,2026-02-03 07:39:13.519531
GGD,31.87,31.86,31.88,50000000.0,50000000.0,0,0,54,2026-02-03 07:39:13.519531
PNR,61.7,61.69,61.71,50000000.0,50000000.0,0,0,54,2026-02-03 07:39:13.519531
FSR,32.19,32.18,32.2,50000000.0,50000000.0,0,0,54,2026-02-03 07:39:13.519531
ATB,61.93,61.92,61.94,50000000.0,50000000.0,0,0,54,2026-02-03 07:39:13.519531
SPK,53.53,53.52,53.54,50000000.0,50000000.0,0,0,54,2026-02-03 07:39:13.519531
EEC,49.86,49.85,49.87,50000000.0,50000000.0,0,0,54,2026-02-03 07:39:13.519531
TGX,41.67,41.66,41.68,50000000.0,1000.0,50000000.0,0,0,55,2026-02-03 07:39:14.557272
PHR,50.29,50.28,50.3,50000000.0,,50000000.0,0,0,55,2026-02-03 07:39:14.557272
BYL,44.76,44.75,44.77,50000000.0,,50000000.0,0,0,55,2026-02-03 07:39:14.557272
CLD,80.47,80.46,80.48,50000000.0,,50000000.0,0,0,55,2026-02-03 07:39:14.557272
GGD,31.85,31.84,31.86,50000000.0,,50000000.0,0,0,55,2026-02-03 07:39:14.557272
PNR,61.31,61.3,61.32,50000000.0,,50000000.0,0,0,55,2026-02-03 07:39:14.557272
FSR,32.19,32.18,32.2,50000000.0,,50000000.0,0,0,55,2026-02-03 07:39:14.557272
ATB,62.02,62.01,62.03,50000000.0,,50000000.0,0,0,55,2026-02-03 07:39:14.557272
SPK,53.24,53.23,53.25,50000000.0,,50000000.0,0,0,55,2026-02-03 07:39:14.557272
EEC,49.48,49.47,49.49,50000000.0,,50000000.0,0,0,55,2026-02-03 07:39:14.557272
TGX,41.61,41.6,41.62,50000000.0,50000000.0,0,0,0,56,2026-02-03 07:39:15.599983
PHR,50.66,50.65,50.67,50000000.0,50000000.0,0,0,0,56,2026-02-03 07:39:15.599983
BYL,44.76,44.75,44.77,50000000.0,50000000.0,0,0,0,56,2026-02-03 07:39:15.599983
CLD,80.53,80.52,80.54,50000000.0,50000000.0,0,0,0,56,2026-02-03 07:39:15.599983
GGD,31.83,31.82,31.84,50000000.0,50000000.0,0,0,0,56,2026-02-03 07:39:15.599983
PNR,61.25,61.24,61.26,50000000.0,50000000.0,0,0,0,56,2026-02-03 07:39:15.599983
FSR,32.18,32.17,32.19,50000000.0,50000000.0,0,0,0,56,2026-02-03 07:39:15.599983
ATB,62.08,62.07,62.09,50000000.0,50000000.0,0,0,0,56,2026-02-03 07:39:15.599983
SPK,53.03,53.02,53.04,50000000.0,50000000.0,0,0,0,56,2026-02-03 07:39:15.599983
EEC,49.03,49.02,49.04,50000000.0,50000000.0,0,0,0,56,2026-02-03 07:39:15.599983
TGX,41.53,41.52,41.54,50000000.0,50000000.0,0,0,0,57,2026-02-03 07:39:16.135757
PHR,50.44,50.43,50.45,50000000.0,50000000.0,0,0,0,57,2026-02-03 07:39:16.135757
BYL,44.71,44.7,44.72,50000000.0,50000000.0,0,0,0,57,2026-02-03 07:39:16.135757
CLD,80.33,80.32,80.34,50000000.0,50000000.0,0,0,0,57,2026-02-03 07:39:16.135757
GGD,31.9,31.89,31.91,50000000.0,50000000.0,0,0,0,57,2026-02-03 07:39:16.135757
PNR,61.24,61.23,61.25,50000000.0,50000000.0,0,0,0,57,2026-02-03 07:39:16.135757
FSR,32.18,32.17,32.19,50000000.0,50000000.0,0,0,0,57,2026-02-03 07:39:16.135757
ATB,62.82,62.81,62.83,50000000.0,50000000.0,0,0,0,57,2026-02-03 07:39:16.135757
SPK,53.02,53.01,53.03,50000000.0,50000000.0,0,0,0,57,2026-02-03 07:39:16.135757
EEC,49.11,49.1,49.12,50000000.0,50000000.0,0,0,0,57,2026-02-03 07:39:16.135757
TGX,41.55,41.54,41.56,50000000.0,1000.0,50000000.0,0,0,58,2026-02-03 07:39:17.173039
PHR,50.68,50.67,50.69,50000000.0,,50000000.0,0,0,58,2026-02-03 07:39:17.173039
BYL,44.96,44.95,44.97,50000000.0,,50000000.0,0,0,58,2026-02-03 07:39:17.173039
CLD,80.91,80.9,80.92,50000000.0,,50000000.0,0,0,58,2026-02-03 07:39:17.173039
GGD,31.82,31.81,31.83,50000000.0,,50000000.0,0,0,58,2026-02-03 07:39:17.173039
PNR,60.85,60.84,60.86,50000000.0,,50000000.0,0,0,58,2026-02-03 07:39:17.173039
FSR,32.21,32.2,32.22,50000000.0,,50000000.0,0,0,58,2026-02-03 07:39:17.173039
ATB,63.07,63.06,63.08,50000000.0,,50000000.0,0,0,58,2026-02-03 07:39:17.173039
SPK,52.61,52.6,52.62,50000000.0,,50000000.0,0,0,58,2026-02-03 07:39:17.173039
EEC,48.42,48.41,48.43,50000000.0,,50000000.0,0,0,58,2026-02-03 07:39:17.173039
TGX,41.58,41.57,41.59,50000000.0,1000.0,50000000.0,0,0,59,2026-02-03 07:39:18.210389
PHR,50.57,50.56,50.58,50000000.0,,50000000.0,0,0,59,2026-02-03 07:39:18.210389
BYL,45.19,45.18,45.2,50000000.0,,50000000.0,0,0,59,2026-02-03 07:39:18.210389
CLD,81.41,81.4,81.42,50000000.0,,50000000.0,0,0,59,2026-02-03 07:39:18.210389
GGD,31.85,31.84,31.86,50000000.0,,50000000.0,0,0,59,2026-02-03 07:39:18.210389
PNR,60.96,60.95,60.97,50000000.0,,50000000.0,0,0,59,2026-02-03 07:39:18.210389
FSR,32.19,32.18,32.2,50000000.0,,50000000.0,0,0,59,2026-02-03 07:39:18.210389
ATB,63.3,63.29,63.31,50000000.0,,50000000.0,0,0,59,2026-02-03 07:39:18.210389
SPK,52.54,52.53,52.55,50000000.0,,50000000.0,0,0,59,2026-02-03 07:39:18.210389
EEC,48.2,48.19,48.21,50000000.0,,50000000.0,0,0,59,2026-02-03 07:39:18.210389
TGX,41.59,41.58,41.6,50000000.0,1000.0,50000000.0,0,0,60,2026-02-03 07:39:19.245155
PHR,50.91,50.9,50.92,50000000.0,,50000000.0,0,0,60,2026-02-03 07:39:19.245155
BYL,44.87,44.86,44.88,50000000.0,,50000000.0,0,0,60,2026-02-03 07:39:19.245155
CLD,80.67,80.66,80.68,50000000.0,,50000000.0,0,0,60,2026-02-03 07:39:19.245155
GGD,31.83,31.82,31.84,50000000.0,,50000000.0,0,0,60,2026-02-03 07:39:19.245155
PNR,60.85,60.84,60.86,50000000.0,,50000000.0,0,0,60,2026-02-03 07:39:19.245155
FSR,32.18,32.17,32.19,50000000.0,,50000000.0,0,0,60,2026-02-03 07:39:19.245155
ATB,62.73,62.72,62.74,50000000.0,,50000000.0,0,0,60,2026-02-03 07:39:19.245155
SPK,52.47,52.46,52.48,50000000.0,,50000000.0,0,0,60,2026-02-03 07:39:19.245155
EEC,48.12,48.11,48.13,50000000.0,,50000000.0,0,0,60,2026-02-03 07:39:19.245155
TGX,41.58,41.57,41.59,50000000.0,1000.0,50000000.0,0,0,61,2026-02-03 07:39:20.278777
PHR,50.61,50.6,50.62,50000000.0,,50000000.0,0,0,61,2026-02-03 07:39:20.278777
BYL,44.64,44.63,44.65,50000000.0,,50000000.0,0,0,61,2026-02-03 07:39:20.278777
CLD,80.07,80.06,80.08,50000000.0,,50000000.0,0,0,61,2026-02-03 07:39:20.278777
GGD,31.85,31.84,31.86,50000000.0,,50000000.0,0,0,61,2026-02-03 07:39:20.278777
PNR,61.15,61.14,61.16,50000000.0,,50000000.0,0,0,61,2026-02-03 07:39:20.278777
FSR,32.21,32.2,32.22,50000000.0,,50000000.0,0,0,61,2026-02-03 07:39:20.278777
ATB,62.82,62.81,62.83,50000000.0,,50000000.0,0,0,61,2026-02-03 07:39:20.278777
SPK,52.44,52.43,52.45,50000000.0,,50000000.0,0,0,61,2026-02-03 07:39:20.278777
EEC,48.12,48.11,48.13,50000000.0,,50000000.0,0,0,61,2026-02-03 07:39:20.278777
TGX,41.58,41.58,41.59,2000.0,50000000.0,50000000.0,0,0,62,2026-02-03 07:39:21.315189
PHR,50.68,50.67,50.69,,50000000.0,50000000.0,0,0,62,2026-02-03 07:39:21.315189
BYL,44.72,44.71,44.73,,50000000.0,50000000.0,0,0,62,2026-02-03 07:39:21.315189
CLD,80.32,80.31,80.33,,50000000.0,50000000.0,0,0,62,2026-02-03 07:39:21.315189
GGD,31.8,31.79,31.81,,50000000.0,50000000.0,0,0,62,2026-02-03 07:39:21.315189
PNR,61.01,61.0,61.02,,50000000.0,50000000.0,0,0,62,2026-02-03 07:39:21.315189
FSR,32.23,32.22,32.24,,50000000.0,50000000.0,0,0,62,2026-02-03 07:39:21.315189
ATB,62.28,62.27,62.29,,50000000.0,50000000.0,0,0,62,2026-02-03 07:39:21.315189
SPK,52.61,52.6,52.62,,50000000.0,50000000.0,0,0,62,2026-02-03 07:39:21.315189
EEC,48.31,48.3,48.32,,50000000.0,50000000.0,0,0,62,2026-02-03 07:39:21.315189
TGX,41.55,41.54,41.56,50000000.0,1000.0,50000000.0,0,0,63,2026-02-03 07:39:22.353335
PHR,50.44,50.43,50.45,50000000.0,,50000000.0,0,0,63,2026-02-03 07:39:22.353335
BYL,45.2,45.19,45.21,50000000.0,,50000000.0,0,0,63,2026-02-03 07:39:22.353335
CLD,81.37,81.36,81.38,50000000.0,,50000000.0,0,0,63,2026-02-03 07:39:22.353335
GGD,31.79,31.78,31.8,50000000.0,,50000000.0,0,0,63,2026-02-03 07:39:22.353335
PNR,61.03,61.02,61.04,50000000.0,,50000000.0,0,0,63,2026-02-03 07:39:22.353335
FSR,32.22,32.21,32.23,50000000.0,,50000000.0,0,0,63,2026-02-03 07:39:22.353335
ATB,62.24,62.23,62.25,50000000.0,,50000000.0,0,0,63,2026-02-03 07:39:22.353335
SPK,52.7,52.69,52.71,50000000.0,,50000000.0,0,0,63,2026-02-03 07:39:22.353335
EEC,48.48,48.47,48.49,50000000.0,,50000000.0,0,0,63,2026-02-03 07:39:22.353335
TGX,41.6,41.59,41.61,50000000.0,1000.0,50000000.0,0,0,64,2026-02-03 07:39:23.391452
PHR,50.46,50.45,50.47,50000000.0,,50000000.0,0,0,64,2026-02-03 07:39:23.391452
BYL,45.09,45.08,45.1,50000000.0,,50000000.0,0,0,64,2026-02-03 07:39:23.391452
CLD,81.09,81.08,81.1,50000000.0,,50000000.0,0,0,64,2026-02-03 07:39:23.391452
GGD,31.82,31.81,31.83,50000000.0,,50000000.0,0,0,64,2026-02-03 07:39:23.391452
PNR,60.99,60.98,61.0,50000000.0,,50000000.0,0,0,64,2026-02-03 07:39:23.391452
FSR,32.24,32.23,32.25,50000000.0,,50000000.0,0,0,64,2026-02-03 07:39:23.391452
ATB,62.38,62.37,62.39,50000000.0,,50000000.0,0,0,64,2026-02-03 07:39:23.391452
SPK,52.75,52.74,52.76,50000000.0,,50000000.0,0,0,64,2026-02-03 07:39:23.391452
EEC,48.58,48.57,48.59,50000000.0,,50000000.0,0,0,64,2026-02-03 07:39:23.391452
TGX,41.66,41.65,41.67,50000000.0,1000.0,50000000.0,0,0,65,2026-02-03 07:39:24.427019
PHR,50.37,50.36,50.38,50000000.0,,50000000.0,0,0,65,2026-02-03 07:39:24.427019
BYL,45.45,45.44,45.46,50000000.0,,50000000.0,0,0,65,2026-02-03 07:39:24.427019
CLD,81.89,81.88,81.9,50000000.0,,50000000.0,0,0,65,2026-02-03 07:39:24.427019
GGD,31.82,31.81,31.83,50000000.0,,50000000.0,0,0,65,2026-02-03 07:39:24.427019
PNR,60.92,60.91,60.93,50000000.0,,50000000.0,0,0,65,2026-02-03 07:39:24.427019
FSR,32.24,32.23,32.25,50000000.0,,50000000.0,0,0,65,2026-02-03 07:39:24.427019
ATB,62.39,62.38,62.4,50000000.0,,50000000.0,0,0,65,2026-02-03 07:39:24.427019
SPK,52.89,52.88,52.9,50000000.0,,50000000.0,0,0,65,2026-02-03 07:39:24.427019
EEC,48.83,48.82,48.84,50000000.0,,50000000.0,0,0,65,2026-02-03 07:39:24.427019
TGX,41.72,41.71,41.73,50000000.0,1000.0,50000000.0,0,0,66,2026-02-03 07:39:25.460867
PHR,50.52,50.51,50.53,50000000.0,,50000000.0,0,0,66,2026-02-03 07:39:25.460867
BYL,45.27,45.26,45.28,50000000.0,,50000000.0,0,0,66,2026-02-03 07:39:25.460867
CLD,81.52,81.51,81.53,50000000.0,,50000000.0,0,0,66,2026-02-03 07:39:25.460867
GGD,31.71,31.7,31.72,50000000.0,,50000000.0,0,0,66,2026-02-03 07:39:25.460867
PNR,60.54,60.53,60.55,50000000.0,,50000000.0,0,0,66,2026-02-03 07:39:25.460867
FSR,32.26,32.25,32.27,50000000.0,,50000000.0,0,0,66,2026-02-03 07:39:25.460867
ATB,61.97,61.96,61.98,50000000.0,,50000000.0,0,0,66,2026-02-03 07:39:25.460867
SPK,52.93,52.92,52.94,50000000.0,,50000000.0,0,0,66,2026-02-03 07:39:25.460867
EEC,48.94,48.93,48.95,50000000.0,,50000000.0,0,0,66,2026-02-03 07:39:25.460867
TGX,41.74,41.73,41.75,50000000.0,1000.0,50000000.0,0,0,67,2026-02-03 07:39:26.496615
PHR,50.58,50.57,50.59,50000000.0,,50000000.0,0,0,67,2026-02-03 07:39:26.496615
BYL,45.12,45.11,45.13,50000000.0,,50000000.0,0,0,67,2026-02-03 07:39:26.496615
CLD,81.22,81.21,81.23,50000000.0,,50000000.0,0,0,67,2026-02-03 07:39:26.496615
GGD,31.71,31.7,31.72,50000000.0,,50000000.0,0,0,67,2026-02-03 07:39:26.496615
PNR,60.38,60.37,60.39,50000000.0,,50000000.0,0,0,67,2026-02-03 07:39:26.496615
FSR,32.26,32.25,32.27,50000000.0,,50000000.0,0,0,67,2026-02-03 07:39:26.496615
ATB,61.68,61.67,61.69,50000000.0,,50000000.0,0,0,67,2026-02-03 07:39:26.496615
SPK,52.84,52.83,52.85,50000000.0,,50000000.0,0,0,67,2026-02-03 07:39:26.496615
EEC,48.71,48.7,48.72,50000000.0,,50000000.0,0,0,67,2026-02-03 07:39:26.496615
TGX,41.71,41.7,41.72,50000000.0,1000.0,50000000.0,0,0,68,2026-02-03 07:39:27.536852
PHR,50.57,50.56,50.58,50000000.0,,50000000.0,0,0,68,2026-02-03 07:39:27.536852
BYL,45.12,45.12,45.13,50000000.0,1000.0,50000000.0,0,0,68,2026-02-03 07:39:27.536852
CLD,81.21,81.2,81.22,50000000.0,,50000000.0,0,0,68,2026-02-03 07:39:27.536852
GGD,31.62,31.61,31.63,50000000.0,,50000000.0,0,0,68,2026-02-03 07:39:27.536852
PNR,60.46,60.45,60.47,50000000.0,,50000000.0,0,0,68,2026-02-03 07:39:27.536852
FSR,32.28,32.27,32.29,50000000.0,,50000000.0,0,0,68,2026-02-03 07:39:27.536852
ATB,62.16,62.15,62.17,50000000.0,,50000000.0,0,0,68,2026-02-03 07:39:27.536852
SPK,52.91,52.9,52.92,50000000.0,,50000000.0,0,0,68,2026-02-03 07:39:27.536852
EEC,48.66,48.65,48.67,50000000.0,,50000000.0,0,0,68,2026-02-03 07:39:27.536852
TGX,41.73,41.72,41.74,50000000.0,1000.0,50000000.0,0,0,69,2026-02-03 07:39:28.569845
PHR,50.3,50.29,50.31,50000000.0,,50000000.0,0,0,69,2026-02-03 07:39:28.569845
BYL,44.82,44.81,44.83,50000000.0,,50000000.0,0,0,69,2026-02-03 07:39:28.569845
CLD,80.51,80.5,80.52,50000000.0,,50000000.0,0,0,69,2026-02-03 07:39:28.569845
GGD,31.6,31.59,31.61,50000000.0,,50000000.0,0,0,69,2026-02-03 07:39:28.569845
PNR,60.49,60.48,60.5,50000000.0,,50000000.0,0,0,69,2026-02-03 07:39:28.569845
FSR,32.3,32.29,32.31,50000000.0,,50000000.0,0,0,69,2026-02-03 07:39:28.569845
ATB,61.37,61.36,61.38,50000000.0,,50000000.0,0,0,69,2026-02-03 07:39:28.569845
SPK,52.72,52.71,52.73,50000000.0,,50000000.0,0,0,69,2026-02-03 07:39:28.569845
EEC,48.41,48.4,48.42,50000000.0,,50000000.0,0,0,69,2026-02-03 07:39:28.569845
TGX,41.74,41.73,41.75,50000000.0,1000.0,50000000.0,0,0,70,2026-02-03 07:39:29.606113
PHR,49.67,49.66,49.68,50000000.0,,50000000.0,0,0,70,2026-02-03 07:39:29.606113
BYL,44.53,44.51,44.53,50000000.0,,50000000.0,0,0,70,2026-02-03 07:39:29.606113
CLD,79.81,79.8,79.82,50000000.0,,50000000.0,0,0,70,2026-02-03 07:39:29.606113
GGD,31.6,31.59,31.61,50000000.0,,50000000.0,0,0,70,2026-02-03 07:39:29.606113
PNR,60.57,60.56,60.58,50000000.0,,50000000.0,0,0,70,2026-02-03 07:39:29.606113
FSR,32.3,32.29,32.31,50000000.0,,50000000.0,0,0,70,2026-02-03 07:39:29.606113
ATB,60.7,60.69,60.71,50000000.0,,50000000.0,0,0,70,2026-02-03 07:39:29.606113
SPK,52.8,52.79,52.81,50000000.0,,50000000.0,0,0,70,2026-02-03 07:39:29.606113
EEC,48.47,48.46,48.48,50000000.0,,50000000.0,0,0,70,2026-02-03 07:39:29.606113
TGX,41.72,41.71,41.73,50000000.0,1000.0,50000000.0,0,0,71,2026-02-03 07:39:30.641701
PHR,49.16,49.15,49.17,50000000.0,,50000000.0,0,0,71,2026-02-03 07:39:30.641701
BYL,44.59,44.59,44.6,50000000.0,2000.0,50000000.0,0,0,71,2026-02-03 07:39:30.641701
CLD,80.0,79.99,80.01,50000000.0,,50000000.0,0,0,71,2026-02-03 07:39:30.641701
GGD,31.47,31.46,31.48,50000000.0,,50000000.0,0,0,71,2026-02-03 07:39:30.641701
PNR,60.59,60.58,60.6,50000000.0,,50000000.0,0,0,71,2026-02-03 07:39:30.641701
FSR,32.28,32.27,32.29,50000000.0,,50000000.0,0,0,71,2026-02-03 07:39:30.641701
ATB,60.43,60.42,60.44,50000000.0,,50000000.0,0,0,71,2026-02-03 07:39:30.641701
SPK,52.6,52.59,52.61,50000000.0,,50000000.0,0,0,71,2026-02-03 07:39:30.641701
EEC,48.01,48.0,48.02,50000000.0,,50000000.0,0,0,71,2026-02-03 07:39:30.641701
TGX,41.77,41.76,41.78,50000000.0,1000.0,50000000.0,0,0,72,2026-02-03 07:39:31.678055
PHR,49.68,49.67,49.69,50000000.0,,50000000.0,0,0,72,2026-02-03 07:39:31.678055
BYL,44.48,44.46,44.48,50000000.0,,50000000.0,0,0,72,2026-02-03 07:39:31.678055
CLD,79.77,79.76,79.78,50000000.0,,50000000.0,0,0,72,2026-02-03 07:39:31.678055
GGD,31.58,31.57,31.59,50000000.0,,50000000.0,0,0,72,2026-02-03 07:39:31.678055
PNR,60.74,60.73,60.75,50000000.0,,50000000.0,0,0,72,2026-02-03 07:39:31.678055
FSR,32.3,32.29,32.31,50000000.0,,50000000.0,0,0,72,2026-02-03 07:39:31.678055
ATB,60.17,60.16,60.18,50000000.0,,50000000.0,0,0,72,2026-02-03 07:39:31.678055
SPK,52.56,52.55,52.57,50000000.0,,50000000.0,0,0,72,2026-02-03 07:39:31.678055
EEC,47.79,47.78,47.8,50000000.0,,50000000.0,0,0,72,2026-02-03 07:39:31.678055
TGX,41.77,41.76,41.78,50000000.0,1000.0,50000000.0,0,0,73,2026-02-03 07:39:32.209339
PHR,49.26,49.25,49.27,50000000.0,,50000000.0,0,0,73,2026-02-03 07:39:32.209339
BYL,44.45,44.44,44.46,50000000.0,,50000000.0,0,0,73,2026-02-03 07:39:32.209339
CLD,79.6,79.59,79.61,50000000.0,,50000000.0,0,0,73,2026-02-03 07:39:32.209339
GGD,31.57,31.56,31.58,50000000.0,,50000000.0,0,0,73,2026-02-03 07:39:32.209339
PNR,60.76,60.75,60.77,50000000.0,,50000000.0,0,0,73,2026-02-03 07:39:32.209339
FSR,32.31,32.3,32.32,50000000.0,,50000000.0,0,0,73,2026-02-03 07:39:32.209339
ATB,60.11,60.1,60.12,50000000.0,,50000000.0,0,0,73,2026-02-03 07:39:32.209339
SPK,52.48,52.47,52.49,50000000.0,,50000000.0,0,0,73,2026-02-03 07:39:32.209339
EEC,47.5,47.49,47.51,50000000.0,,50000000.0,0,0,73,2026-02-03 07:39:32.209339
TGX,41.9,41.89,41.91,50000000.0,1000.0,50000000.0,0,0,74,2026-02-03 07:39:33.235730
PHR,49.53,49.52,49.54,50000000.0,,50000000.0,0,0,74,2026-02-03 07:39:33.235730
BYL,44.52,44.51,44.53,50000000.0,,50000000.0,0,0,74,2026-02-03 07:39:33.235730
CLD,79.77,79.76,79.78,50000000.0,,50000000.0,0,0,74,2026-02-03 07:39:33.235730
GGD,31.62,31.61,31.63,50000000.0,,50000000.0,0,0,74,2026-02-03 07:39:33.235730
PNR,60.81,60.8,60.82,50000000.0,,50000000.0,0,0,74,2026-02-03 07:39:33.235730
FSR,32.33,32.32,32.34,50000000.0,,50000000.0,0,0,74,2026-02-03 07:39:33.235730
ATB,60.39,60.38,60.4,50000000.0,,50000000.0,0,0,74,2026-02-03 07:39:33.235730
SPK,52.37,52.36,52.38,50000000.0,,50000000.0,0,0,74,2026-02-03 07:39:33.235730
EEC,47.43,47.42,47.44,50000000.0,,50000000.0,0,0,74,2026-02-03 07:39:33.235730
TGX,42.0,41.99,42.01,50000000.0,1000.0,50000000.0,0,0,75,2026-02-03 07:39:34.269917
PHR,49.66,49.65,49.67,50000000.0,,50000000.0,0,0,75,2026-02-03 07:39:34.269917
BYL,44.3,44.29,44.31,50000000.0,,50000000.0,0,0,75,2026-02-03 07:39:34.269917
CLD,79.31,79.3,79.32,50000000.0,,50000000.0,0,0,75,2026-02-03 07:39:34.269917
GGD,31.58,31.57,31.59,50000000.0,,50000000.0,0,0,75,2026-02-03 07:39:34.269917
PNR,60.81,60.8,60.82,50000000.0,,50000000.0,0,0,75,2026-02-03 07:39:34.269917
FSR,32.34,32.33,32.35,50000000.0,,50000000.0,0,0,75,2026-02-03 07:39:34.269917
ATB,60.78,60.77,60.79,50000000.0,,50000000.0,0,0,75,2026-02-03 07:39:34.269917
SPK,52.29,52.28,52.3,50000000.0,,50000000.0,0,0,75,2026-02-03 07:39:34.269917
EEC,47.34,47.33,47.35,50000000.0,,50000000.0,0,0,75,2026-02-03 07:39:34.269917
TGX,42.0,41.99,42.01,50000000.0,1000.0,50000000.0,0,0,76,2026-02-03 07:39:35.305619
PHR,49.84,49.83,49.85,50000000.0,,50000000.0,0,0,76,2026-02-03 07:39:35.305619
BYL,44.38,44.37,44.39,50000000.0,,50000000.0,0,0,76,2026-02-03 07:39:35.305619
CLD,79.47,79.46,79.48,50000000.0,,50000000.0,0,0,76,2026-02-03 07:39:35.305619
GGD,31.62,31.61,31.63,50000000.0,,50000000.0,0,0,76,2026-02-03 07:39:35.305619
PNR,60.78,60.77,60.79,50000000.0,,50000000.0,0,0,76,2026-02-03 07:39:35.305619
FSR,32.35,32.34,32.36,50000000.0,,50000000.0,0,0,76,2026-02-03 07:39:35.305619
ATB,60.56,60.55,60.57,50000000.0,,50000000.0,0,0,76,2026-02-03 07:39:35.305619
SPK,52.29,52.28,52.3,50000000.0,,50000000.0,0,0,76,2026-02-03 07:39:35.305619
EEC,47.23,47.22,47.24,50000000.0,,50000000.0,0,0,76,2026-02-03 07:39:35.305619
TGX,42.01,42.0,42.02,50000000.0,1000.0,50000000.0,0,0,77,2026-02-03 07:39:36.338283
PHR,50.04,50.03,50.05,50000000.0,,50000000.0,0,0,77,2026-02-03 07:39:36.338283
BYL,44.32,44.31,44.33,50000000.0,,50000000.0,0,0,77,2026-02-03 07:39:36.338283
CLD,79.26,79.25,79.27,50000000.0,,50000000.0,0,0,77,2026-02-03 07:39:36.338283
GGD,31.56,31.55,31.57,50000000.0,,50000000.0,0,0,77,2026-02-03 07:39:36.338283
PNR,60.84,60.83,60.85,50000000.0,,50000000.0,0,0,77,2026-02-03 07:39:36.338283
FSR,32.37,32.36,32.38,50000000.0,,50000000.0,0,0,77,2026-02-03 07:39:36.338283
ATB,60.13,60.12,60.14,50000000.0,,50000000.0,0,0,77,2026-02-03 07:39:36.338283
SPK,52.2,52.19,52.21,50000000.0,,50000000.0,0,0,77,2026-02-03 07:39:36.338283
EEC,47.06,47.05,47.07,50000000.0,,50000000.0,0,0,77,2026-02-03 07:39:36.338283
TGX,41.98,41.97,41.99,50000000.0,1000.0,50000000.0,0,0,78,2026-02-03 07:39:37.370081
PHR,49.41,49.4,49.42,50000000.0,,50000000.0,0,0,78,2026-02-03 07:39:37.370081
BYL,44.32,44.31,44.33,50000000.0,,50000000.0,0,0,78,2026-02-03 07:39:37.370081
CLD,79.24,79.23,79.25,50000000.0,,50000000.0,0,0,78,2026-02-03 07:39:37.370081
GGD,31.6,31.59,31.61,50000000.0,,50000000.0,0,0,78,2026-02-03 07:39:37.370081
PNR,60.91,60.9,60.92,50000000.0,,50000000.0,0,0,78,2026-02-03 07:39:37.370081
FSR,32.37,32.36,32.38,50000000.0,,50000000.0,0,0,78,2026-02-03 07:39:37.370081
ATB,60.62,60.61,60.63,50000000.0,,50000000.0,0,0,78,2026-02-03 07:39:37.370081
SPK,52.13,52.12,52.14,50000000.0,,50000000.0,0,0,78,2026-02-03 07:39:37.370081
EEC,46.98,46.97,46.99,50000000.0,,50000000.0,0,0,78,2026-02-03 07:39:37.370081
TGX,41.97,41.96,41.98,50000000.0,1000.0,50000000.0,0,0,79,2026-02-03 07:39:38.409736
PHR,49.33,49.32,49.34,50000000.0,,50000000.0,0,0,79,2026-02-03 07:39:38.409736
BYL,44.04,44.03,44.05,50000000.0,,50000000.0,0,0,79,2026-02-03 07:39:38.409736
CLD,78.58,78.57,78.59,50000000.0,,50000000.0,0,0,79,2026-02-03 07:39:38.409736
GGD,31.51,31.5,31.52,50000000.0,,50000000.0,0,0,79,2026-02-03 07:39:38.409736
PNR,61.2,61.19,61.21,50000000.0,,50000000.0,0,0,79,2026-02-03 07:39:38.409736
FSR,32.36,32.35,32.37,50000000.0,,50000000.0,0,0,79,2026-02-03 07:39:38.409736
ATB,60.04,60.03,60.05,50000000.0,,50000000.0,0,0,79,2026-02-03 07:39:38.409736
SPK,52.07,52.06,52.08,50000000.0,,50000000.0,0,0,79,2026-02-03 07:39:38.409736
EEC,46.91,46.9,46.92,50000000.0,,50000000.0,0,0,79,2026-02-03 07:39:38.409736
TGX,41.92,41.91,41.93,50000000.0,1000.0,50000000.0,0,0,80,2026-02-03 07:39:39.445204
PHR,49.23,49.22,49.24,50000000.0,,50000000.0,0,0,80,2026-02-03 07:39:39.445204
BYL,44.21,44.2,44.22,50000000.0,,50000000.0,0,0,80,2026-02-03 07:39:39.445204
CLD,79.04,79.03,79.05,50000000.0,,50000000.0,0,0,80,2026-02-03 07:39:39.445204
GGD,31.46,31.45,31.47,50000000.0,,50000000.0,0,0,80,2026-02-03 07:39:39.445204
PNR,61.34,61.33,61.35,50000000.0,,50000000.0,0,0,80,2026-02-03 07:39:39.445204
FSR,32.35,32.34,32.36,50000000.0,,50000000.0,0,0,80,2026-02-03 07:39:39.445204
ATB,59.71,59.7,59.72,50000000.0,,50000000.0,0,0,80,2026-02-03 07:39:39.445204
SPK,52.16,52.15,52.17,50000000.0,,50000000.0,0,0,80,2026-02-03 07:39:39.445204
EEC,47.05,47.04,47.06,50000000.0,,50000000.0,0,0,80,2026-02-03 07:39:39.445204
TGX,41.89,41.88,41.9,50000000.0,1000.0,50000000.0,0,0,81,2026-02-03 07:39:40.479187
PHR,49.76,49.75,49.77,50000000.0,,50000000.0,0,0,81,2026-02-03 07:39:40.479187
BYL,44.47,44.46,44.48,50000000.0,,50000000.0,0,0,81,2026-02-03 07:39:40.479187
CLD,79.59,79.58,79.6,50000000.0,,50000000.0,0,0,81,2026-02-03 07:39:40.479187
GGD,31.54,31.53,31.55,50000000.0,,50000000.0,0,0,81,2026-02-03 07:39:40.479187
PNR,61.61,61.6,61.62,50000000.0,,50000000.0,0,0,81,2026-02-03 07:39:40.479187
FSR,32.36,32.35,32.37,50000000.0,1000.0,50000000.0,0,0,81,2026-02-03 07:39:40.479187
ATB,59.53,59.52,59.54,50000000.0,,50000000.0,0,0,81,2026-02-03 07:39:40.479187
SPK,52.27,52.26,52.28,50000000.0,,50000000.0,0,0,81,2026-02-03 07:39:40.479187
EEC,47.12,47.11,47.13,50000000.0,,50000000.0,0,0,81,2026-02-03 07:39:40.479187
TGX,41.84,41.83,41.85,50000000.0,1000.0,50000000.0,0,0,82,2026-02-03 07:39:41.513441
PHR,49.37,49.36,49.38,50000000.0,,50000000.0,0,0,82,2026-02-03 07:39:41.513441
BYL,44.29,44.28,44.3,50000000.0,,50000000.0,0,0,82,2026-02-03 07:39:41.513441
CLD,79.27,79.26,79.28,50000000.0,,50000000.0,0,0,82,2026-02-03 07:39:41.513441
GGD,31.65,31.64,31.66,50000000.0,,50000000.0,0,0,82,2026-02-03 07:39:41.513441
PNR,61.58,61.57,61.59,50000000.0,,50000000.0,0,0,82,2026-02-03 07:39:41.513441
FSR,32.37,32.36,32.37,50000000.0,3000.0,50000000.0,0,0,82,2026-02-03 07:39:41.513441
ATB,59.74,59.73,59.75,50000000.0,,50000000.0,0,0,82,2026-02-03 07:39:41.513441
SPK,52.26,52.25,52.27,50000000.0,,50000000.0,0,0,82,2026-02-03 07:39:41.513441
EEC,47.19,47.18,47.2,50000000.0,,50000000.0,0,0,82,2026-02-03 07:39:41.513441
TGX,41.86,41.85,41.87,50000000.0,1000.0,50000000.0,0,0,83,2026-02-03 07:39:42.544593,6.0,1.0,82.0,D5-SPK/EEC,EastEnergy Management Provides Updated Market Outlook,"EastEnergy management has updated its forward guidance in a routine investor communication, revising certain operating assumptions while maintaining its overall strategic outlook. The revised projections reflect mixed conditions in the renewable energy sector, with some metrics trending above prior expectations and others showing softness. Market participants are debating whether the update strengthens or weakens the economic rationale for the proposed combination with SolarPeak."
PHR,49.25,49.24,49.26,50000000.0,,50000000.0,0,0,83,2026-02-03 07:39:42.544593,,,,,,
BYL,44.16,44.15,44.17,50000000.0,,50000000.0,0,0,83,2026-02-03 07:39:42.544593,,,,,,
CLD,79.02,79.01,79.03,50000000.0,,50000000.0,0,0,83,2026-02-03 07:39:42.544593,,,,,,
GGD,31.63,31.62,31.64,50000000.0,,50000000.0,0,0,83,2026-02-03 07:39:42.544593,,,,,,
PNR,61.55,61.54,61.56,50000000.0,,50000000.0,0,0,83,2026-02-03 07:39:42.544593,,,,,,
FSR,32.38,32.37,32.39,50000000.0,4000.0,50000000.0,0,0,83,2026-02-03 07:39:42.544593,,,,,,
ATB,60.07,60.06,60.08,50000000.0,,50000000.0,0,0,83,2026-02-03 07:39:42.544593,,,,,,
SPK,52.21,52.2,52.22,50000000.0,,50000000.0,0,0,83,2026-02-03 07:39:42.544593,,,,,,
EEC,47.16,47.15,47.17,50000000.0,,50000000.0,0,0,83,2026-02-03 07:39:42.544593,,,,,,
TGX,41.79,41.78,41.8,50000000.0,1000.0,50000000.0,0,0,84,2026-02-03 07:39:43.582826
PHR,49.37,49.36,49.38,50000000.0,,50000000.0,0,0,84,2026-02-03 07:39:43.582826
BYL,44.24,44.23,44.25,50000000.0,,50000000.0,0,0,84,2026-02-03 07:39:43.582826
CLD,79.17,79.16,79.18,50000000.0,,50000000.0,0,0,84,2026-02-03 07:39:43.582826
GGD,31.66,31.65,31.67,50000000.0,,50000000.0,0,0,84,2026-02-03 07:39:43.582826
PNR,61.77,61.76,61.78,50000000.0,,50000000.0,0,0,84,2026-02-03 07:39:43.582826
FSR,32.36,32.35,32.36,50000000.0,1000.0,50000000.0,0,0,84,2026-02-03 07:39:43.582826
ATB,60.44,60.43,60.45,50000000.0,,50000000.0,0,0,84,2026-02-03 07:39:43.582826
SPK,52.2,52.19,52.21,50000000.0,,50000000.0,0,0,84,2026-02-03 07:39:43.582826
EEC,47.16,47.15,47.17,50000000.0,,50000000.0,0,0,84,2026-02-03 07:39:43.582826
TGX,41.82,41.81,41.83,50000000.0,1000.0,50000000.0,0,0,85,2026-02-03 07:39:44.614378
PHR,49.25,49.24,49.26,50000000.0,,50000000.0,0,0,85,2026-02-03 07:39:44.614378
BYL,44.34,44.33,44.35,50000000.0,,50000000.0,0,0,85,2026-02-03 07:39:44.614378
CLD,79.42,79.41,79.43,50000000.0,,50000000.0,0,0,85,2026-02-03 07:39:44.614378
GGD,31.65,31.64,31.66,50000000.0,,50000000.0,0,0,85,2026-02-03 07:39:44.614378
PNR,61.85,61.84,61.86,50000000.0,,50000000.0,0,0,85,2026-02-03 07:39:44.614378
FSR,32.35,32.35,32.36,50000000.0,1000.0,50000000.0,0,0,85,2026-02-03 07:39:44.614378
ATB,60.43,60.42,60.44,50000000.0,,50000000.0,0,0,85,2026-02-03 07:39:44.614378
SPK,52.03,52.02,52.04,50000000.0,,50000000.0,0,0,85,2026-02-03 07:39:44.614378
EEC,46.84,46.83,46.85,50000000.0,,50000000.0,0,0,85,2026-02-03 07:39:44.614378
TGX,41.73,41.72,41.74,50000000.0,1000.0,50000000.0,0,0,86,2026-02-03 07:39:45.657552,7.0,1.0,85.0,D4-FSR/ATB,Deposit Outflows Accelerate,Both banks experience accelerated deposit outflows amid regional banking sector concerns.
PHR,49.03,49.02,49.04,50000000.0,,50000000.0,0,0,86,2026-02-03 07:39:45.657552,,,,,,
BYL,44.43,44.42,44.44,50000000.0,,50000000.0,0,0,86,2026-02-03 07:39:45.657552,,,,,,
CLD,79.6,79.59,79.61,50000000.0,,50000000.0,0,0,86,2026-02-03 07:39:45.657552,,,,,,
GGD,31.68,31.67,31.69,50000000.0,,50000000.0,0,0,86,2026-02-03 07:39:45.657552,,,,,,
PNR,61.74,61.73,61.75,50000000.0,,50000000.0,0,0,86,2026-02-03 07:39:45.657552,,,,,,
FSR,32.34,32.33,32.35,50000000.0,,50000000.0,0,0,86,2026-02-03 07:39:45.657552,,,,,,
ATB,59.62,59.61,59.63,50000000.0,,50000000.0,0,0,86,2026-02-03 07:39:45.657552,,,,,,
SPK,52.13,52.12,52.14,50000000.0,,50000000.0,0,0,86,2026-02-03 07:39:45.657552,,,,,,
EEC,47.01,47.0,47.02,50000000.0,,50000000.0,0,0,86,2026-02-03 07:39:45.657552,,,,,,
TGX,41.67,41.66,41.68,50000000.0,1000.0,50000000.0,0,0,87,2026-02-03 07:39:46.702419
PHR,48.98,48.97,48.99,50000000.0,,50000000.0,0,0,87,2026-02-03 07:39:46.702419
BYL,44.44,44.43,44.45,50000000.0,,50000000.0,0,0,87,2026-02-03 07:39:46.702419
CLD,79.67,79.66,79.68,50000000.0,,50000000.0,0,0,87,2026-02-03 07:39:46.702419
GGD,31.72,31.71,31.73,50000000.0,,50000000.0,0,0,87,2026-02-03 07:39:46.702419
PNR,61.81,61.8,61.82,50000000.0,,50000000.0,0,0,87,2026-02-03 07:39:46.702419
FSR,32.37,32.36,32.38,50000000.0,,50000000.0,0,0,87,2026-02-03 07:39:46.702419
ATB,59.24,59.23,59.25,50000000.0,,50000000.0,0,0,87,2026-02-03 07:39:46.702419
SPK,52.07,52.06,52.08,50000000.0,,50000000.0,0,0,87,2026-02-03 07:39:46.702419
EEC,46.91,46.9,46.92,50000000.0,,50000000.0,0,0,87,2026-02-03 07:39:46.702419
TGX,41.69,41.68,41.7,50000000.0,1000.0,50000000.0,0,0,88,2026-02-03 07:39:47.731773
PHR,49.43,49.42,49.44,50000000.0,,50000000.0,0,0,88,2026-02-03 07:39:47.731773
BYL,44.43,44.42,44.44,50000000.0,,50000000.0,0,0,88,2026-02-03 07:39:47.731773
CLD,79.66,79.65,79.67,50000000.0,,50000000.0,0,0,88,2026-02-03 07:39:47.731773
GGD,31.78,31.77,31.79,50000000.0,,50000000.0,0,0,88,2026-02-03 07:39:47.731773
PNR,61.85,61.84,61.86,50000000.0,,50000000.0,0,0,88,2026-02-03 07:39:47.731773
FSR,32.41,32.4,32.42,50000000.0,,50000000.0,0,0,88,2026-02-03 07:39:47.731773
ATB,59.33,59.32,59.34,50000000.0,,50000000.0,0,0,88,2026-02-03 07:39:47.731773
SPK,51.92,51.91,51.93,50000000.0,,50000000.0,0,0,88,2026-02-03 07:39:47.731773
EEC,46.68,46.67,46.69,50000000.0,,50000000.0,0,0,88,2026-02-03 07:39:47.731773
TGX,41.7,41.69,41.71,50000000.0,1000.0,50000000.0,0,0,89,2026-02-03 07:39:48.761187,8.0,1.0,88.0,D1-TGX/PHR,Industry Conference Generates Transaction Speculation,"Attendees at a major pharmaceutical conference report heightened corridor discussion regarding the Targenix/Pharmaco transaction, with mixed signals from industry executives and advisors. Some sources describe renewed interest from potential strategic parties, while others characterize the speculation as routine conference chatter without substantive backing. No formal approaches have been confirmed through regulatory filings."
PHR,49.73,49.72,49.74,50000000.0,,50000000.0,0,0,89,2026-02-03 07:39:48.761187,,,,,,
BYL,44.79,44.78,44.8,50000000.0,,50000000.0,0,0,89,2026-02-03 07:39:48.761187,,,,,,
CLD,80.51,80.5,80.52,50000000.0,,50000000.0,0,0,89,2026-02-03 07:39:48.761187,,,,,,
GGD,31.76,31.75,31.77,50000000.0,,50000000.0,0,0,89,2026-02-03 07:39:48.761187,,,,,,
PNR,61.94,61.93,61.95,50000000.0,,50000000.0,0,0,89,2026-02-03 07:39:48.761187,,,,,,
FSR,32.38,32.37,32.39,50000000.0,,50000000.0,0,0,89,2026-02-03 07:39:48.761187,,,,,,
ATB,59.24,59.23,59.25,50000000.0,,50000000.0,0,0,89,2026-02-03 07:39:48.761187,,,,,,
SPK,52.04,52.03,52.05,50000000.0,,50000000.0,0,0,89,2026-02-03 07:39:48.761187,,,,,,
EEC,46.78,46.77,46.79,50000000.0,,50000000.0,0,0,89,2026-02-03 07:39:48.761187,,,,,,
TGX,41.7,41.69,41.71,50000000.0,1000.0,50000000.0,0,0,90,2026-02-03 07:39:49.301854
PHR,48.73,48.72,48.74,50000000.0,,50000000.0,0,0,90,2026-02-03 07:39:49.301854
BYL,44.69,44.68,44.7,50000000.0,,50000000.0,0,0,90,2026-02-03 07:39:49.301854
CLD,80.23,80.22,80.24,50000000.0,,50000000.0,0,0,90,2026-02-03 07:39:49.301854
GGD,31.8,31.79,31.81,50000000.0,,50000000.0,0,0,90,2026-02-03 07:39:49.301854
PNR,62.01,62.0,62.02,50000000.0,,50000000.0,0,0,90,2026-02-03 07:39:49.301854
FSR,32.36,32.35,32.37,50000000.0,,50000000.0,0,0,90,2026-02-03 07:39:49.301854
ATB,59.69,59.68,59.7,50000000.0,,50000000.0,0,0,90,2026-02-03 07:39:49.301854
SPK,51.8,51.79,51.81,50000000.0,,50000000.0,0,0,90,2026-02-03 07:39:49.301854
EEC,46.47,46.46,46.48,50000000.0,,50000000.0,0,0,90,2026-02-03 07:39:49.301854
TGX,41.63,41.62,41.64,50000000.0,1000.0,50000000.0,0,0,91,2026-02-03 07:39:50.335455
PHR,49.02,49.01,49.03,50000000.0,,50000000.0,0,0,91,2026-02-03 07:39:50.335455
BYL,44.71,44.7,44.72,50000000.0,,50000000.0,0,0,91,2026-02-03 07:39:50.335455
CLD,80.23,80.22,80.24,50000000.0,,50000000.0,0,0,91,2026-02-03 07:39:50.335455
GGD,31.85,31.84,31.86,50000000.0,,50000000.0,0,0,91,2026-02-03 07:39:50.335455
PNR,62.11,62.1,62.12,50000000.0,,50000000.0,0,0,91,2026-02-03 07:39:50.335455
FSR,32.37,32.36,32.38,50000000.0,,50000000.0,0,0,91,2026-02-03 07:39:50.335455
ATB,59.25,59.24,59.26,50000000.0,,50000000.0,0,0,91,2026-02-03 07:39:50.335455
SPK,51.93,51.92,51.94,50000000.0,,50000000.0,0,0,91,2026-02-03 07:39:50.335455
EEC,46.61,46.6,46.62,50000000.0,,50000000.0,0,0,91,2026-02-03 07:39:50.335455
TGX,41.63,41.62,41.64,50000000.0,1000.0,50000000.0,0,0,92,2026-02-03 07:39:51.370681
PHR,48.72,48.71,48.73,50000000.0,,50000000.0,0,0,92,2026-02-03 07:39:51.370681
BYL,44.62,44.61,44.63,50000000.0,,50000000.0,0,0,92,2026-02-03 07:39:51.370681
CLD,79.99,79.98,80.0,50000000.0,,50000000.0,0,0,92,2026-02-03 07:39:51.370681
GGD,31.84,31.83,31.85,50000000.0,,50000000.0,0,0,92,2026-02-03 07:39:51.370681
PNR,62.14,62.13,62.15,50000000.0,,50000000.0,0,0,92,2026-02-03 07:39:51.370681
FSR,32.36,32.35,32.37,50000000.0,,50000000.0,0,0,92,2026-02-03 07:39:51.370681
ATB,59.08,59.07,59.09,50000000.0,,50000000.0,0,0,92,2026-02-03 07:39:51.370681
SPK,51.94,51.93,51.95,50000000.0,,50000000.0,0,0,92,2026-02-03 07:39:51.370681
EEC,46.52,46.51,46.53,50000000.0,,50000000.0,0,0,92,2026-02-03 07:39:51.370681
TGX,41.61,41.6,41.62,50000000.0,1000.0,50000000.0,0,0,93,2026-02-03 07:39:52.404354
PHR,48.66,48.65,48.67,50000000.0,,50000000.0,0,0,93,2026-02-03 07:39:52.404354
BYL,44.71,44.7,44.72,50000000.0,,50000000.0,0,0,93,2026-02-03 07:39:52.404354
CLD,80.28,80.27,80.29,50000000.0,,50000000.0,0,0,93,2026-02-03 07:39:52.404354
GGD,31.84,31.83,31.85,50000000.0,,50000000.0,0,0,93,2026-02-03 07:39:52.404354
PNR,61.98,61.97,61.99,50000000.0,,50000000.0,0,0,93,2026-02-03 07:39:52.404354
FSR,32.36,32.35,32.37,50000000.0,,50000000.0,0,0,93,2026-02-03 07:39:52.404354
ATB,58.69,58.68,58.7,50000000.0,,50000000.0,0,0,93,2026-02-03 07:39:52.404354
SPK,52.06,52.05,52.07,50000000.0,,50000000.0,0,0,93,2026-02-03 07:39:52.404354
EEC,46.79,46.78,46.8,50000000.0,,50000000.0,0,0,93,2026-02-03 07:39:52.404354
TGX,41.62,41.61,41.63,50000000.0,1000.0,50000000.0,0,0,94,2026-02-03 07:39:53.437345
PHR,49.13,49.12,49.14,50000000.0,,50000000.0,0,0,94,2026-02-03 07:39:53.437345
BYL,44.91,44.9,44.92,50000000.0,,50000000.0,0,0,94,2026-02-03 07:39:53.437345
CLD,80.77,80.76,80.78,50000000.0,,50000000.0,0,0,94,2026-02-03 07:39:53.437345
GGD,31.9,31.89,31.91,50000000.0,2000.0,50000000.0,0,0,94,2026-02-03 07:39:53.437345
PNR,62.07,62.06,62.08,50000000.0,,50000000.0,0,0,94,2026-02-03 07:39:53.437345
FSR,32.37,32.36,32.38,50000000.0,,50000000.0,0,0,94,2026-02-03 07:39:53.437345
ATB,58.72,58.71,58.73,50000000.0,,50000000.0,0,0,94,2026-02-03 07:39:53.437345
SPK,52.17,52.16,52.18,50000000.0,,50000000.0,0,0,94,2026-02-03 07:39:53.437345
EEC,47.0,46.99,47.01,50000000.0,,50000000.0,0,0,94,2026-02-03 07:39:53.437345
TGX,41.59,41.58,41.6,50000000.0,1000.0,50000000.0,0,0,95,2026-02-03 07:39:54.469656
PHR,49.45,49.44,49.46,50000000.0,,50000000.0,0,0,95,2026-02-03 07:39:54.469656
BYL,45.43,45.42,45.44,50000000.0,,50000000.0,0,0,95,2026-02-03 07:39:54.469656
CLD,82.05,82.04,82.06,50000000.0,,50000000.0,0,0,95,2026-02-03 07:39:54.469656
GGD,31.92,31.91,31.93,50000000.0,5000.0,50000000.0,0,0,95,2026-02-03 07:39:54.469656
PNR,61.87,61.86,61.88,50000000.0,,50000000.0,0,0,95,2026-02-03 07:39:54.469656
FSR,32.35,32.34,32.36,50000000.0,,50000000.0,0,0,95,2026-02-03 07:39:54.469656
ATB,59.34,59.33,59.35,50000000.0,,50000000.0,0,0,95,2026-02-03 07:39:54.469656
SPK,52.26,52.25,52.27,50000000.0,,50000000.0,0,0,95,2026-02-03 07:39:54.469656
EEC,47.08,47.07,47.09,50000000.0,,50000000.0,0,0,95,2026-02-03 07:39:54.469656
TGX,41.53,41.53,41.54,1000.0,50000000.0,50000000.0,0,0,96,2026-02-03 07:39:55.501653
PHR,49.42,49.41,49.43,,50000000.0,50000000.0,0,0,96,2026-02-03 07:39:55.501653
BYL,45.45,45.44,45.46,,50000000.0,50000000.0,0,0,96,2026-02-03 07:39:55.501653
CLD,82.09,82.08,82.1,,50000000.0,50000000.0,0,0,96,2026-02-03 07:39:55.501653
GGD,31.86,31.85,31.87,3000.0,50000000.0,50000000.0,0,0,96,2026-02-03 07:39:55.501653
PNR,61.87,61.86,61.88,,50000000.0,50000000.0,0,0,96,2026-02-03 07:39:55.501653
FSR,32.34,32.33,32.35,,50000000.0,50000000.0,0,0,96,2026-02-03 07:39:55.501653
ATB,59.51,59.5,59.52,,50000000.0,50000000.0,0,0,96,2026-02-03 07:39:55.501653
SPK,52.27,52.26,52.28,,50000000.0,50000000.0,0,0,96,2026-02-03 07:39:55.501653
EEC,47.15,47.14,47.16,,50000000.0,50000000.0,0,0,96,2026-02-03 07:39:55.501653
TGX,41.46,41.45,41.47,50000000.0,50000000.0,,0,0,97,2026-02-03 07:39:56.538144
PHR,49.21,49.2,49.22,50000000.0,50000000.0,,0,0,97,2026-02-03 07:39:56.538144
BYL,45.52,45.51,45.53,50000000.0,50000000.0,,0,0,97,2026-02-03 07:39:56.538144
CLD,82.22,82.21,82.23,50000000.0,50000000.0,,0,0,97,2026-02-03 07:39:56.538144
GGD,31.94,31.93,31.95,50000000.0,50000000.0,3000.0,0,0,97,2026-02-03 07:39:56.538144
PNR,61.8,61.79,61.81,50000000.0,50000000.0,,0,0,97,2026-02-03 07:39:56.538144
FSR,32.34,32.33,32.35,50000000.0,50000000.0,,0,0,97,2026-02-03 07:39:56.538144
ATB,59.0,58.99,59.01,50000000.0,50000000.0,,0,0,97,2026-02-03 07:39:56.538144
SPK,52.26,52.25,52.27,50000000.0,50000000.0,,0,0,97,2026-02-03 07:39:56.538144
EEC,47.09,47.08,47.1,50000000.0,50000000.0,,0,0,97,2026-02-03 07:39:56.538144
TGX,41.46,41.45,41.47,50000000.0,50000000.0,,0,0,98,2026-02-03 07:39:57.593285
PHR,49.65,49.64,49.66,50000000.0,50000000.0,,0,0,98,2026-02-03 07:39:57.593285
BYL,45.65,45.64,45.66,50000000.0,50000000.0,,0,0,98,2026-02-03 07:39:57.593285
CLD,82.55,82.54,82.56,50000000.0,50000000.0,,0,0,98,2026-02-03 07:39:57.593285
GGD,31.96,31.95,31.97,50000000.0,50000000.0,3000.0,0,0,98,2026-02-03 07:39:57.593285
PNR,61.84,61.83,61.85,50000000.0,50000000.0,,0,0,98,2026-02-03 07:39:57.593285
FSR,32.35,32.34,32.36,50000000.0,50000000.0,,0,0,98,2026-02-03 07:39:57.593285
ATB,59.01,59.0,59.02,50000000.0,50000000.0,,0,0,98,2026-02-03 07:39:57.593285
SPK,52.18,52.17,52.19,50000000.0,50000000.0,,0,0,98,2026-02-03 07:39:57.593285
EEC,47.02,47.01,47.03,50000000.0,50000000.0,,0,0,98,2026-02-03 07:39:57.593285
TGX,41.42,41.41,41.43,50000000.0,50000000.0,,0,0,99,2026-02-03 07:39:58.629576
PHR,49.76,49.75,49.77,50000000.0,50000000.0,,0,0,99,2026-02-03 07:39:58.629576
BYL,45.56,45.55,45.57,50000000.0,50000000.0,,0,0,99,2026-02-03 07:39:58.629576
CLD,82.35,82.34,82.36,50000000.0,50000000.0,,0,0,99,2026-02-03 07:39:58.629576
GGD,31.91,31.9,31.92,50000000.0,50000000.0,3000.0,0,0,99,2026-02-03 07:39:58.629576
PNR,61.94,61.93,61.95,50000000.0,50000000.0,,0,0,99,2026-02-03 07:39:58.629576
FSR,32.37,32.36,32.38,50000000.0,50000000.0,,0,0,99,2026-02-03 07:39:58.629576
ATB,59.01,59.0,59.02,50000000.0,50000000.0,,0,0,99,2026-02-03 07:39:58.629576
SPK,52.13,52.12,52.14,50000000.0,50000000.0,,0,0,99,2026-02-03 07:39:58.629576
EEC,47.01,47.0,47.02,50000000.0,50000000.0,,0,0,99,2026-02-03 07:39:58.629576
TGX,41.47,41.46,41.48,50000000.0,50000000.0,,0,0,100,2026-02-03 07:39:59.668675
PHR,49.63,49.62,49.64,50000000.0,50000000.0,,0,0,100,2026-02-03 07:39:59.668675
BYL,45.37,45.36,45.38,50000000.0,50000000.0,,0,0,100,2026-02-03 07:39:59.668675
CLD,81.79,81.78,81.8,50000000.0,50000000.0,,0,0,100,2026-02-03 07:39:59.668675
GGD,31.88,31.87,31.89,50000000.0,50000000.0,3000.0,0,0,100,2026-02-03 07:39:59.668675
PNR,61.71,61.7,61.72,50000000.0,50000000.0,,0,0,100,2026-02-03 07:39:59.668675
FSR,32.41,32.4,32.42,50000000.0,50000000.0,,0,0,100,2026-02-03 07:39:59.668675
ATB,59.5,59.49,59.51,50000000.0,50000000.0,,0,0,100,2026-02-03 07:39:59.668675
SPK,52.43,52.42,52.44,50000000.0,50000000.0,,0,0,100,2026-02-03 07:39:59.668675
EEC,47.54,47.53,47.55,50000000.0,50000000.0,,0,0,100,2026-02-03 07:39:59.668675
TGX,41.46,41.45,41.47,50000000.0,50000000.0,,0,0,101,2026-02-03 07:40:00.703479
PHR,49.54,49.53,49.55,50000000.0,50000000.0,,0,0,101,2026-02-03 07:40:00.703479
BYL,45.65,45.64,45.66,50000000.0,50000000.0,,0,0,101,2026-02-03 07:40:00.703479
CLD,82.4,82.39,82.41,50000000.0,50000000.0,,0,0,101,2026-02-03 07:40:00.703479
GGD,31.87,31.86,31.88,50000000.0,50000000.0,3000.0,0,0,101,2026-02-03 07:40:00.703479
PNR,61.5,61.49,61.51,50000000.0,50000000.0,,0,0,101,2026-02-03 07:40:00.703479
FSR,32.4,32.39,32.41,50000000.0,50000000.0,,0,0,101,2026-02-03 07:40:00.703479
ATB,59.47,59.46,59.48,50000000.0,50000000.0,,0,0,101,2026-02-03 07:40:00.703479
SPK,52.26,52.25,52.27,50000000.0,50000000.0,,0,0,101,2026-02-03 07:40:00.703479
EEC,47.23,47.22,47.24,50000000.0,50000000.0,,0,0,101,2026-02-03 07:40:00.703479
TGX,41.59,41.58,41.6,50000000.0,50000000.0,,0,0,102,2026-02-03 07:40:01.745932
PHR,49.92,49.91,49.93,50000000.0,50000000.0,,0,0,102,2026-02-03 07:40:01.745932
BYL,45.63,45.62,45.64,50000000.0,50000000.0,,0,0,102,2026-02-03 07:40:01.745932
CLD,82.38,82.37,82.39,50000000.0,50000000.0,,0,0,102,2026-02-03 07:40:01.745932
GGD,31.85,31.85,31.86,50000000.0,50000000.0,3000.0,0,0,102,2026-02-03 07:40:01.745932
PNR,61.54,61.53,61.55,50000000.0,50000000.0,,0,0,102,2026-02-03 07:40:01.745932
FSR,31.63,31.62,31.64,50000000.0,50000000.0,,0,0,102,2026-02-03 07:40:01.745932
ATB,59.39,59.38,59.4,50000000.0,50000000.0,,0,0,102,2026-02-03 07:40:01.745932
SPK,52.29,52.28,52.3,50000000.0,50000000.0,,0,0,102,2026-02-03 07:40:01.745932
EEC,47.16,47.15,47.17,50000000.0,50000000.0,,0,0,102,2026-02-03 07:40:01.745932
TGX,41.54,41.53,41.55,50000000.0,50000000.0,0,0,0,103,2026-02-03 07:40:02.785276
PHR,49.72,49.71,49.73,50000000.0,50000000.0,0,0,0,103,2026-02-03 07:40:02.785276
BYL,45.8,45.79,45.81,50000000.0,50000000.0,0,0,0,103,2026-02-03 07:40:02.785276
CLD,82.77,82.76,82.78,50000000.0,50000000.0,0,0,0,103,2026-02-03 07:40:02.785276
GGD,31.83,31.82,31.84,50000000.0,50000000.0,0,0,0,103,2026-02-03 07:40:02.785276
PNR,61.41,61.4,61.42,50000000.0,50000000.0,0,0,0,103,2026-02-03 07:40:02.785276
FSR,31.63,31.62,31.64,50000000.0,50000000.0,0,0,0,103,2026-02-03 07:40:02.785276
ATB,58.71,58.7,58.72,50000000.0,50000000.0,0,0,0,103,2026-02-03 07:40:02.785276
SPK,52.34,52.33,52.35,50000000.0,50000000.0,0,0,0,103,2026-02-03 07:40:02.785276
EEC,47.21,47.2,47.22,50000000.0,50000000.0,0,0,0,103,2026-02-03 07:40:02.785276
TGX,41.52,41.51,41.53,50000000.0,50000000.0,0,0,0,104,2026-02-03 07:40:03.818875
PHR,49.63,49.62,49.64,50000000.0,50000000.0,0,0,0,104,2026-02-03 07:40:03.818875
BYL,46.34,46.33,46.35,50000000.0,50000000.0,0,0,0,104,2026-02-03 07:40:03.818875
CLD,84.0,83.99,84.01,50000000.0,50000000.0,0,0,0,104,2026-02-03 07:40:03.818875
GGD,31.84,31.83,31.85,50000000.0,50000000.0,0,0,0,104,2026-02-03 07:40:03.818875
PNR,61.77,61.76,61.78,50000000.0,50000000.0,0,0,0,104,2026-02-03 07:40:03.818875
FSR,31.64,31.63,31.65,50000000.0,50000000.0,0,0,0,104,2026-02-03 07:40:03.818875
ATB,59.16,59.15,59.17,50000000.0,50000000.0,0,0,0,104,2026-02-03 07:40:03.818875
SPK,52.43,52.42,52.44,50000000.0,50000000.0,0,0,0,104,2026-02-03 07:40:03.818875
EEC,47.46,47.45,47.47,50000000.0,50000000.0,0,0,0,104,2026-02-03 07:40:03.818875
TGX,40.68,40.67,40.69,50000000.0,50000000.0,0,0,0,105,2026-02-03 07:40:04.854926
PHR,49.7,49.69,49.71,50000000.0,50000000.0,0,0,0,105,2026-02-03 07:40:04.854926
BYL,46.16,46.15,46.17,50000000.0,50000000.0,0,0,0,105,2026-02-03 07:40:04.854926
CLD,83.61,83.6,83.62,50000000.0,50000000.0,0,0,0,105,2026-02-03 07:40:04.854926
GGD,31.76,31.75,31.77,50000000.0,50000000.0,0,0,0,105,2026-02-03 07:40:04.854926
PNR,61.67,61.66,61.68,50000000.0,50000000.0,0,0,0,105,2026-02-03 07:40:04.854926
FSR,31.64,31.63,31.65,50000000.0,50000000.0,0,0,0,105,2026-02-03 07:40:04.854926
ATB,59.17,59.16,59.18,50000000.0,50000000.0,0,0,0,105,2026-02-03 07:40:04.854926
SPK,52.35,52.34,52.36,50000000.0,50000000.0,0,0,0,105,2026-02-03 07:40:04.854926
EEC,47.31,47.3,47.32,50000000.0,50000000.0,0,0,0,105,2026-02-03 07:40:04.854926
TGX,40.62,40.61,40.63,50000000.0,50000000.0,0,0,0,106,2026-02-03 07:40:05.886281
PHR,49.83,49.82,49.84,50000000.0,50000000.0,0,0,0,106,2026-02-03 07:40:05.886281
BYL,45.9,45.89,45.91,50000000.0,50000000.0,0,0,0,106,2026-02-03 07:40:05.886281
CLD,82.95,82.94,82.96,50000000.0,50000000.0,0,0,0,106,2026-02-03 07:40:05.886281
GGD,31.73,31.72,31.74,50000000.0,50000000.0,0,0,0,106,2026-02-03 07:40:05.886281
PNR,61.48,61.47,61.49,50000000.0,50000000.0,0,0,0,106,2026-02-03 07:40:05.886281
FSR,31.61,31.6,31.62,50000000.0,50000000.0,0,0,0,106,2026-02-03 07:40:05.886281
ATB,58.97,58.96,58.98,50000000.0,50000000.0,0,0,0,106,2026-02-03 07:40:05.886281
SPK,52.53,52.52,52.54,50000000.0,50000000.0,0,0,0,106,2026-02-03 07:40:05.886281
EEC,47.63,47.62,47.64,50000000.0,50000000.0,0,0,0,106,2026-02-03 07:40:05.886281
TGX,40.58,40.57,40.59,50000000.0,50000000.0,0,0,0,107,2026-02-03 07:40:06.418886
PHR,49.66,49.65,49.67,50000000.0,50000000.0,0,0,0,107,2026-02-03 07:40:06.418886
BYL,45.86,45.85,45.87,50000000.0,50000000.0,0,0,0,107,2026-02-03 07:40:06.418886
CLD,82.75,82.74,82.76,50000000.0,50000000.0,0,0,0,107,2026-02-03 07:40:06.418886
GGD,31.75,31.74,31.76,50000000.0,50000000.0,0,0,0,107,2026-02-03 07:40:06.418886
PNR,61.7,61.69,61.71,50000000.0,50000000.0,0,0,0,107,2026-02-03 07:40:06.418886
FSR,31.63,31.62,31.64,50000000.0,50000000.0,0,0,0,107,2026-02-03 07:40:06.418886
ATB,58.76,58.75,58.77,50000000.0,50000000.0,0,0,0,107,2026-02-03 07:40:06.418886
SPK,52.44,52.43,52.45,50000000.0,50000000.0,0,0,0,107,2026-02-03 07:40:06.418886
EEC,47.45,47.44,47.46,50000000.0,50000000.0,0,0,0,107,2026-02-03 07:40:06.418886
TGX,40.57,40.56,40.58,50000000.0,50000000.0,0,0,0,108,2026-02-03 07:40:07.452909
PHR,49.21,49.2,49.22,50000000.0,50000000.0,0,0,0,108,2026-02-03 07:40:07.452909
BYL,45.49,45.48,45.5,50000000.0,50000000.0,0,0,0,108,2026-02-03 07:40:07.452909
CLD,81.86,81.85,81.87,50000000.0,50000000.0,0,0,0,108,2026-02-03 07:40:07.452909
GGD,31.78,31.77,31.79,50000000.0,50000000.0,0,0,0,108,2026-02-03 07:40:07.452909
PNR,61.71,61.7,61.72,50000000.0,50000000.0,0,0,0,108,2026-02-03 07:40:07.452909
FSR,31.66,31.65,31.67,50000000.0,50000000.0,0,0,0,108,2026-02-03 07:40:07.452909
ATB,58.45,58.44,58.46,50000000.0,50000000.0,0,0,0,108,2026-02-03 07:40:07.452909
SPK,52.38,52.37,52.39,50000000.0,50000000.0,0,0,0,108,2026-02-03 07:40:07.452909
EEC,47.27,47.26,47.28,50000000.0,50000000.0,0,0,0,108,2026-02-03 07:40:07.452909
TGX,40.71,40.7,40.72,50000000.0,50000000.0,0,0,0,109,2026-02-03 07:40:08.492729
PHR,49.03,49.02,49.04,50000000.0,50000000.0,0,0,0,109,2026-02-03 07:40:08.492729
BYL,45.55,45.54,45.56,50000000.0,50000000.0,0,0,0,109,2026-02-03 07:40:08.492729
CLD,82.02,82.01,82.03,50000000.0,50000000.0,0,0,0,109,2026-02-03 07:40:08.492729
GGD,31.89,31.88,31.9,50000000.0,50000000.0,0,0,0,109,2026-02-03 07:40:08.492729
PNR,61.77,61.76,61.78,50000000.0,50000000.0,0,0,0,109,2026-02-03 07:40:08.492729
FSR,31.66,31.65,31.67,50000000.0,50000000.0,0,0,0,109,2026-02-03 07:40:08.492729
ATB,58.05,58.04,58.06,50000000.0,50000000.0,0,0,0,109,2026-02-03 07:40:08.492729
SPK,52.31,52.3,52.32,50000000.0,50000000.0,0,0,0,109,2026-02-03 07:40:08.492729
EEC,47.22,47.21,47.23,50000000.0,50000000.0,0,0,0,109,2026-02-03 07:40:08.492729
TGX,40.68,40.67,40.69,50000000.0,50000000.0,0,0,0,110,2026-02-03 07:40:09.530544
PHR,49.39,49.38,49.4,50000000.0,50000000.0,0,0,0,110,2026-02-03 07:40:09.530544
BYL,45.58,45.57,45.59,50000000.0,50000000.0,0,0,0,110,2026-02-03 07:40:09.530544
CLD,82.09,82.08,82.1,50000000.0,50000000.0,0,0,0,110,2026-02-03 07:40:09.530544
GGD,31.88,31.87,31.89,50000000.0,50000000.0,0,0,0,110,2026-02-03 07:40:09.530544
PNR,62.02,62.01,62.03,50000000.0,50000000.0,0,0,0,110,2026-02-03 07:40:09.530544
FSR,31.66,31.65,31.67,50000000.0,50000000.0,0,0,0,110,2026-02-03 07:40:09.530544
ATB,57.43,57.42,57.44,50000000.0,50000000.0,0,0,0,110,2026-02-03 07:40:09.530544
SPK,52.26,52.25,52.27,50000000.0,50000000.0,0,0,0,110,2026-02-03 07:40:09.530544
EEC,47.16,47.15,47.17,50000000.0,50000000.0,0,0,0,110,2026-02-03 07:40:09.530544
TGX,40.68,40.67,40.69,50000000.0,50000000.0,0,0,0,111,2026-02-03 07:40:10.566139
PHR,49.88,49.87,49.89,50000000.0,50000000.0,0,0,0,111,2026-02-03 07:40:10.566139
BYL,45.6,45.59,45.61,50000000.0,50000000.0,0,0,0,111,2026-02-03 07:40:10.566139
CLD,82.11,82.1,82.12,50000000.0,50000000.0,0,0,0,111,2026-02-03 07:40:10.566139
GGD,31.84,31.83,31.85,50000000.0,50000000.0,0,0,0,111,2026-02-03 07:40:10.566139
PNR,61.92,61.91,61.93,50000000.0,50000000.0,0,0,0,111,2026-02-03 07:40:10.566139
FSR,31.65,31.64,31.66,50000000.0,50000000.0,0,0,0,111,2026-02-03 07:40:10.566139
ATB,57.82,57.81,57.83,50000000.0,50000000.0,0,0,0,111,2026-02-03 07:40:10.566139
SPK,52.29,52.28,52.3,50000000.0,50000000.0,0,0,0,111,2026-02-03 07:40:10.566139
EEC,47.2,47.19,47.21,50000000.0,50000000.0,0,0,0,111,2026-02-03 07:40:10.566139
TGX,40.69,40.68,40.7,50000000.0,50000000.0,0,0,0,112,2026-02-03 07:40:11.597653
PHR,49.7,49.69,49.71,50000000.0,50000000.0,0,0,0,112,2026-02-03 07:40:11.597653
BYL,45.95,45.94,45.96,50000000.0,50000000.0,0,0,0,112,2026-02-03 07:40:11.597653
CLD,82.91,82.9,82.92,50000000.0,50000000.0,0,0,0,112,2026-02-03 07:40:11.597653
GGD,31.82,31.81,31.83,50000000.0,50000000.0,0,0,0,112,2026-02-03 07:40:11.597653
PNR,61.9,61.89,61.91,50000000.0,50000000.0,0,0,0,112,2026-02-03 07:40:11.597653
FSR,31.67,31.66,31.68,50000000.0,50000000.0,0,0,0,112,2026-02-03 07:40:11.597653
ATB,57.76,57.75,57.77,50000000.0,50000000.0,0,0,0,112,2026-02-03 07:40:11.597653
SPK,52.25,52.24,52.26,50000000.0,50000000.0,0,0,0,112,2026-02-03 07:40:11.597653
EEC,47.26,47.25,47.27,50000000.0,50000000.0,0,0,0,112,2026-02-03 07:40:11.597653
TGX,40.65,40.64,40.66,50000000.0,50000000.0,0,0,0,113,2026-02-03 07:40:12.628857
PHR,49.34,49.33,49.35,50000000.0,50000000.0,0,0,0,113,2026-02-03 07:40:12.628857
BYL,45.96,45.95,45.97,50000000.0,50000000.0,0,0,0,113,2026-02-03 07:40:12.628857
CLD,83.02,83.01,83.03,50000000.0,50000000.0,0,0,0,113,2026-02-03 07:40:12.628857
GGD,31.75,31.74,31.76,50000000.0,50000000.0,0,0,0,113,2026-02-03 07:40:12.628857
PNR,61.8,61.79,61.81,50000000.0,50000000.0,0,0,0,113,2026-02-03 07:40:12.628857
FSR,31.66,31.65,31.67,50000000.0,50000000.0,0,0,0,113,2026-02-03 07:40:12.628857
ATB,57.84,57.83,57.85,50000000.0,50000000.0,0,0,0,113,2026-02-03 07:40:12.628857
SPK,52.11,52.1,52.12,50000000.0,50000000.0,0,0,0,113,2026-02-03 07:40:12.628857
EEC,47.05,47.04,47.06,50000000.0,50000000.0,0,0,0,113,2026-02-03 07:40:12.628857
TGX,40.65,40.64,40.66,50000000.0,50000000.0,0,0,0,114,2026-02-03 07:40:13.665441
PHR,48.81,48.8,48.82,50000000.0,50000000.0,0,0,0,114,2026-02-03 07:40:13.665441
BYL,45.92,45.91,45.93,50000000.0,50000000.0,0,0,0,114,2026-02-03 07:40:13.665441
CLD,82.94,82.93,82.95,50000000.0,50000000.0,0,0,0,114,2026-02-03 07:40:13.665441
GGD,31.78,31.77,31.79,50000000.0,50000000.0,0,0,0,114,2026-02-03 07:40:13.665441
PNR,61.62,61.61,61.63,50000000.0,50000000.0,0,0,0,114,2026-02-03 07:40:13.665441
FSR,31.67,31.66,31.68,50000000.0,50000000.0,0,0,0,114,2026-02-03 07:40:13.665441
ATB,57.49,57.48,57.5,50000000.0,50000000.0,0,0,0,114,2026-02-03 07:40:13.665441
SPK,52.21,52.2,52.22,50000000.0,50000000.0,0,0,0,114,2026-02-03 07:40:13.665441
EEC,47.23,47.22,47.24,50000000.0,50000000.0,0,0,0,114,2026-02-03 07:40:13.665441
TGX,40.66,40.65,40.67,50000000.0,50000000.0,,0,0,0,115,2026-02-03 07:40:14.709142
PHR,48.95,48.94,48.96,50000000.0,50000000.0,,0,0,0,115,2026-02-03 07:40:14.709142
BYL,45.79,45.78,45.8,50000000.0,50000000.0,,0,0,0,115,2026-02-03 07:40:14.709142
CLD,82.68,82.67,82.69,50000000.0,50000000.0,1000.0,0,0,0,115,2026-02-03 07:40:14.709142
GGD,31.73,31.72,31.74,50000000.0,50000000.0,,0,0,0,115,2026-02-03 07:40:14.709142
PNR,61.47,61.46,61.48,50000000.0,50000000.0,,0,0,0,115,2026-02-03 07:40:14.709142
FSR,31.67,31.66,31.68,50000000.0,50000000.0,,0,0,0,115,2026-02-03 07:40:14.709142
ATB,57.45,57.44,57.46,50000000.0,50000000.0,,0,0,0,115,2026-02-03 07:40:14.709142
SPK,52.28,52.27,52.29,50000000.0,50000000.0,,0,0,0,115,2026-02-03 07:40:14.709142
EEC,47.3,47.29,47.31,50000000.0,50000000.0,,0,0,0,115,2026-02-03 07:40:14.709142
TGX,40.69,40.68,40.7,50000000.0,50000000.0,,0,0,0,116,2026-02-03 07:40:15.742642
PHR,48.76,48.75,48.77,50000000.0,50000000.0,,0,0,0,116,2026-02-03 07:40:15.742642
BYL,45.85,45.84,45.86,50000000.0,50000000.0,,0,0,0,116,2026-02-03 07:40:15.742642
CLD,82.81,82.81,82.83,50000000.0,50000000.0,1000.0,0,0,0,116,2026-02-03 07:40:15.742642
GGD,31.77,31.76,31.78,50000000.0,50000000.0,,0,0,0,116,2026-02-03 07:40:15.742642
PNR,61.51,61.5,61.52,50000000.0,50000000.0,,0,0,0,116,2026-02-03 07:40:15.742642
FSR,31.67,31.66,31.68,50000000.0,50000000.0,,0,0,0,116,2026-02-03 07:40:15.742642
ATB,57.93,57.92,57.94,50000000.0,50000000.0,,0,0,0,116,2026-02-03 07:40:15.742642
SPK,52.18,52.17,52.19,50000000.0,50000000.0,,0,0,0,116,2026-02-03 07:40:15.742642
EEC,47.14,47.13,47.15,50000000.0,50000000.0,,0,0,0,116,2026-02-03 07:40:15.742642
TGX,40.74,40.73,40.75,50000000.0,50000000.0,,0,0,0,117,2026-02-03 07:40:16.780209
PHR,48.71,48.7,48.72,50000000.0,50000000.0,,0,0,0,117,2026-02-03 07:40:16.780209
BYL,45.67,45.66,45.68,50000000.0,50000000.0,,0,0,0,117,2026-02-03 07:40:16.780209
CLD,82.51,82.5,82.52,50000000.0,50000000.0,4000.0,0,0,0,117,2026-02-03 07:40:16.780209
GGD,31.65,31.64,31.66,50000000.0,50000000.0,,0,0,0,117,2026-02-03 07:40:16.780209
PNR,61.46,61.45,61.47,50000000.0,50000000.0,,0,0,0,117,2026-02-03 07:40:16.780209
FSR,31.67,31.66,31.68,50000000.0,50000000.0,,0,0,0,117,2026-02-03 07:40:16.780209
ATB,57.7,57.69,57.71,50000000.0,50000000.0,,0,0,0,117,2026-02-03 07:40:16.780209
SPK,52.07,52.06,52.08,50000000.0,50000000.0,,0,0,0,117,2026-02-03 07:40:16.780209
EEC,47.09,47.08,47.1,50000000.0,50000000.0,,0,0,0,117,2026-02-03 07:40:16.780209
TGX,40.76,40.75,40.77,50000000.0,50000000.0,,0,0,0,118,2026-02-03 07:40:17.809006
PHR,48.44,48.43,48.45,50000000.0,50000000.0,,0,0,0,118,2026-02-03 07:40:17.809006
BYL,45.61,45.6,45.62,50000000.0,50000000.0,,0,0,0,118,2026-02-03 07:40:17.809006
CLD,82.35,82.34,82.36,50000000.0,50000000.0,6000.0,0,0,0,118,2026-02-03 07:40:17.809006
GGD,31.74,31.73,31.75,50000000.0,50000000.0,,0,0,0,118,2026-02-03 07:40:17.809006
PNR,61.45,61.44,61.46,50000000.0,50000000.0,,0,0,0,118,2026-02-03 07:40:17.809006
FSR,31.68,31.67,31.69,50000000.0,50000000.0,,0,0,0,118,2026-02-03 07:40:17.809006
ATB,57.75,57.74,57.76,50000000.0,50000000.0,,0,0,0,118,2026-02-03 07:40:17.809006
SPK,51.96,51.95,51.97,50000000.0,50000000.0,,0,0,0,118,2026-02-03 07:40:17.809006
EEC,46.92,46.91,46.93,50000000.0,50000000.0,,0,0,0,118,2026-02-03 07:40:17.809006
TGX,40.8,40.79,40.81,50000000.0,50000000.0,,0,0,0,119,2026-02-03 07:40:18.846225
PHR,48.49,48.48,48.5,50000000.0,50000000.0,,0,0,0,119,2026-02-03 07:40:18.846225
BYL,45.43,45.42,45.44,50000000.0,50000000.0,,0,0,0,119,2026-02-03 07:40:18.846225
CLD,81.92,81.91,81.93,50000000.0,50000000.0,8000.0,0,0,0,119,2026-02-03 07:40:18.846225
GGD,31.71,31.7,31.72,50000000.0,50000000.0,,0,0,0,119,2026-02-03 07:40:18.846225
PNR,61.51,61.5,61.52,50000000.0,50000000.0,,0,0,0,119,2026-02-03 07:40:18.846225
FSR,31.72,31.71,31.73,50000000.0,50000000.0,,0,0,0,119,2026-02-03 07:40:18.846225
ATB,57.2,57.19,57.21,50000000.0,50000000.0,,0,0,0,119,2026-02-03 07:40:18.846225
SPK,52.04,52.03,52.05,50000000.0,50000000.0,,0,0,0,119,2026-02-03 07:40:18.846225
EEC,47.12,47.11,47.13,50000000.0,50000000.0,,0,0,0,119,2026-02-03 07:40:18.846225
TGX,40.86,40.85,40.87,50000000.0,50000000.0,,0,0,0,120,2026-02-03 07:40:19.887383
PHR,48.31,48.3,48.32,50000000.0,50000000.0,,0,0,0,120,2026-02-03 07:40:19.887383
BYL,45.43,45.42,45.44,50000000.0,50000000.0,,0,0,0,120,2026-02-03 07:40:19.887383
CLD,81.93,81.92,81.94,50000000.0,50000000.0,8000.0,0,0,0,120,2026-02-03 07:40:19.887383
GGD,31.8,31.79,31.81,50000000.0,50000000.0,,0,0,0,120,2026-02-03 07:40:19.887383
PNR,61.47,61.46,61.48,50000000.0,50000000.0,,0,0,0,120,2026-02-03 07:40:19.887383
FSR,31.73,31.72,31.74,50000000.0,50000000.0,,0,0,0,120,2026-02-03 07:40:19.887383
ATB,57.48,57.47,57.49,50000000.0,50000000.0,,0,0,0,120,2026-02-03 07:40:19.887383
SPK,52.04,52.03,52.05,50000000.0,50000000.0,,0,0,0,120,2026-02-03 07:40:19.887383
EEC,47.14,47.13,47.15,50000000.0,50000000.0,,0,0,0,120,2026-02-03 07:40:19.887383
TGX,40.79,40.78,40.8,50000000.0,50000000.0,,0,0,0,121,2026-02-03 07:40:20.925732
PHR,48.3,48.29,48.31,50000000.0,50000000.0,,0,0,0,121,2026-02-03 07:40:20.925732
BYL,45.27,45.25,45.27,50000000.0,50000000.0,,0,0,0,121,2026-02-03 07:40:20.925732
CLD,81.56,81.55,81.57,50000000.0,50000000.0,8000.0,0,0,0,121,2026-02-03 07:40:20.925732
GGD,31.83,31.82,31.84,50000000.0,50000000.0,,0,0,0,121,2026-02-03 07:40:20.925732
PNR,61.63,61.62,61.64,50000000.0,50000000.0,,0,0,0,121,2026-02-03 07:40:20.925732
FSR,31.74,31.73,31.75,50000000.0,50000000.0,,0,0,0,121,2026-02-03 07:40:20.925732
ATB,56.97,56.96,56.98,50000000.0,50000000.0,,0,0,0,121,2026-02-03 07:40:20.925732
SPK,51.87,51.86,51.88,50000000.0,50000000.0,,0,0,0,121,2026-02-03 07:40:20.925732
EEC,46.87,46.86,46.88,50000000.0,50000000.0,,0,0,0,121,2026-02-03 07:40:20.925732
TGX,40.84,40.83,40.85,50000000.0,50000000.0,,0,0,0,122,2026-02-03 07:40:21.958333
PHR,48.45,48.44,48.46,50000000.0,50000000.0,,0,0,0,122,2026-02-03 07:40:21.958333
BYL,44.98,44.97,44.99,50000000.0,50000000.0,,0,0,0,122,2026-02-03 07:40:21.958333
CLD,80.95,80.94,80.96,50000000.0,50000000.0,8000.0,0,0,0,122,2026-02-03 07:40:21.958333
GGD,31.9,31.89,31.91,50000000.0,50000000.0,,0,0,0,122,2026-02-03 07:40:21.958333
PNR,61.82,61.81,61.83,50000000.0,50000000.0,,0,0,0,122,2026-02-03 07:40:21.958333
FSR,31.74,31.73,31.75,50000000.0,50000000.0,,0,0,0,122,2026-02-03 07:40:21.958333
ATB,56.96,56.95,56.97,50000000.0,50000000.0,,0,0,0,122,2026-02-03 07:40:21.958333
SPK,51.96,51.95,51.97,50000000.0,50000000.0,,0,0,0,122,2026-02-03 07:40:21.958333
EEC,46.92,46.91,46.93,50000000.0,50000000.0,,0,0,0,122,2026-02-03 07:40:21.958333
TGX,40.96,40.95,40.97,50000000.0,50000000.0,,0,0,0,123,2026-02-03 07:40:22.994989
PHR,48.5,48.49,48.51,50000000.0,50000000.0,,0,0,0,123,2026-02-03 07:40:22.994989
BYL,44.74,44.73,44.75,50000000.0,50000000.0,,0,0,0,123,2026-02-03 07:40:22.994989
CLD,80.42,80.41,80.43,50000000.0,50000000.0,8000.0,0,0,0,123,2026-02-03 07:40:22.994989
GGD,31.99,31.98,32.0,50000000.0,50000000.0,,0,0,0,123,2026-02-03 07:40:22.994989
PNR,61.75,61.74,61.76,50000000.0,50000000.0,,0,0,0,123,2026-02-03 07:40:22.994989
FSR,31.73,31.72,31.74,50000000.0,50000000.0,,0,0,0,123,2026-02-03 07:40:22.994989
ATB,56.65,56.64,56.66,50000000.0,50000000.0,,0,0,0,123,2026-02-03 07:40:22.994989
SPK,52.02,52.01,52.03,50000000.0,50000000.0,,0,0,0,123,2026-02-03 07:40:22.994989
EEC,47.03,47.02,47.04,50000000.0,50000000.0,,0,0,0,123,2026-02-03 07:40:22.994989
TGX,40.91,40.9,40.92,50000000.0,50000000.0,,0,0,0,124,2026-02-03 07:40:23.529768
PHR,48.4,48.39,48.41,50000000.0,50000000.0,,0,0,0,124,2026-02-03 07:40:23.529768
BYL,44.81,44.8,44.82,50000000.0,50000000.0,,0,0,0,124,2026-02-03 07:40:23.529768
CLD,80.58,80.57,80.59,50000000.0,50000000.0,8000.0,0,0,0,124,2026-02-03 07:40:23.529768
GGD,31.96,31.95,31.97,50000000.0,50000000.0,,0,0,0,124,2026-02-03 07:40:23.529768
PNR,61.6,61.59,61.61,50000000.0,50000000.0,,0,0,0,124,2026-02-03 07:40:23.529768
FSR,31.74,31.73,31.75,50000000.0,50000000.0,,0,0,0,124,2026-02-03 07:40:23.529768
ATB,56.75,56.74,56.76,50000000.0,50000000.0,,0,0,0,124,2026-02-03 07:40:23.529768
