ticker,last_price,bid_price,ask_price,BUY_ANON,SELL_ANON,SELL_COLB-2,BUY_COLB-2,tick,timestamp,news_news_id,news_period,news_tick,news_ticker,news_headline,news_body
RTM,50.0,49.99,50.01,100000000.0,100000000.0,0,0,1,2026-02-02 23:54:46.686177,2.0,1.0,1.0,Week 1,Delta limit and penalty,The delta limit for this sub-heat is 15000 and the penalty percentage is 2%
RTM1C45,5.0,4.99,5.01,1000000.0,1000000.0,0,0,1,2026-02-02 23:54:46.686177,1.0,1.0,1.0,Week 1,Risk free rate and current annualized volatility of RTM,The current risk free rate is 0%. RTM is an ETF that mimics one of the major indices in the simulated world and its current annualized realized volatility is 10%. This simulation consists of 20 trading days that are each 15 ticks in length.
RTM1P45,0.02,0.01,0.03,1000000.0,1000000.0,0,0,1,2026-02-02 23:54:46.686177,,,,,,
RTM1C46,4.0,3.99,4.01,1000000.0,1000000.0,0,0,1,2026-02-02 23:54:46.686177,,,,,,
RTM1P46,0.02,0.01,0.03,1000000.0,1000000.0,0,0,1,2026-02-02 23:54:46.686177,,,,,,
RTM1C47,3.0,2.99,3.01,1000000.0,1000000.0,0,0,1,2026-02-02 23:54:46.686177,,,,,,
RTM1P47,0.02,0.01,0.03,1000000.0,1000000.0,0,0,1,2026-02-02 23:54:46.686177,,,,,,
RTM1C48,2.01,2.0,2.02,1000000.0,1000000.0,0,0,1,2026-02-02 23:54:46.686177,,,,,,
RTM1P48,0.02,0.01,0.03,1000000.0,1000000.0,0,0,1,2026-02-02 23:54:46.686177,,,,,,
RTM1C49,1.11,1.1,1.12,1000000.0,1000000.0,0,0,1,2026-02-02 23:54:46.686177,,,,,,
RTM1P49,0.11,0.1,0.12,1000000.0,1000000.0,0,0,1,2026-02-02 23:54:46.686177,,,,,,
RTM1C50,0.45,0.44,0.46,1000000.0,1000000.0,0,0,1,2026-02-02 23:54:46.686177,,,,,,
RTM1P50,0.45,0.44,0.46,1000000.0,1000000.0,0,0,1,2026-02-02 23:54:46.686177,,,,,,
RTM1C51,0.08,0.07,0.09,1000000.0,1000000.0,0,0,1,2026-02-02 23:54:46.686177,,,,,,
RTM1P51,1.08,1.07,1.09,1000000.0,1000000.0,0,0,1,2026-02-02 23:54:46.686177,,,,,,
RTM1C52,0.02,0.01,0.03,1000000.0,1000000.0,0,0,1,2026-02-02 23:54:46.686177,,,,,,
RTM1P52,2.02,2.01,2.03,1000000.0,1000000.0,0,0,1,2026-02-02 23:54:46.686177,,,,,,
RTM1C53,0.02,0.01,0.03,1000000.0,1000000.0,0,0,1,2026-02-02 23:54:46.686177,,,,,,
RTM1P53,3.0,2.99,3.01,1000000.0,1000000.0,0,0,1,2026-02-02 23:54:46.686177,,,,,,
RTM1C54,0.02,0.01,0.03,1000000.0,1000000.0,0,0,1,2026-02-02 23:54:46.686177,,,,,,
RTM1P54,4.0,3.99,4.01,1000000.0,1000000.0,0,0,1,2026-02-02 23:54:46.686177,,,,,,
RTM,50.01,50.0,50.02,100000000.0,100000000.0,0,0,2,2026-02-02 23:54:47.263491
RTM1C45,5.01,5.0,5.02,1000000.0,1000000.0,0,0,2,2026-02-02 23:54:47.263491
RTM1P45,0.02,0.01,0.03,1000000.0,1000000.0,0,0,2,2026-02-02 23:54:47.263491
RTM1C46,4.01,4.0,4.02,1000000.0,1000000.0,0,0,2,2026-02-02 23:54:47.263491
RTM1P46,0.02,0.01,0.03,1000000.0,1000000.0,0,0,2,2026-02-02 23:54:47.263491
RTM1C47,3.01,3.0,3.02,1000000.0,1000000.0,0,0,2,2026-02-02 23:54:47.263491
RTM1P47,0.02,0.01,0.03,1000000.0,1000000.0,0,0,2,2026-02-02 23:54:47.263491
RTM1C48,2.03,2.02,2.04,1000000.0,1000000.0,0,0,2,2026-02-02 23:54:47.263491
RTM1P48,0.02,0.01,0.03,1000000.0,1000000.0,0,0,2,2026-02-02 23:54:47.263491
RTM1C49,1.12,1.11,1.13,1000000.0,1000000.0,0,0,2,2026-02-02 23:54:47.263491
RTM1P49,0.1,0.09,0.11,1000000.0,1000000.0,0,0,2,2026-02-02 23:54:47.263491
RTM1C50,0.42,0.41,0.43,1000000.0,1000000.0,0,0,2,2026-02-02 23:54:47.263491
RTM1P50,0.41,0.4,0.42,1000000.0,1000000.0,0,0,2,2026-02-02 23:54:47.263491
RTM1C51,0.12,0.11,0.13,1000000.0,1000000.0,0,0,2,2026-02-02 23:54:47.263491
RTM1P51,1.11,1.1,1.12,1000000.0,1000000.0,0,0,2,2026-02-02 23:54:47.263491
RTM1C52,0.02,0.01,0.03,1000000.0,1000000.0,0,0,2,2026-02-02 23:54:47.263491
RTM1P52,2.0,1.99,2.01,1000000.0,1000000.0,0,0,2,2026-02-02 23:54:47.263491
RTM1C53,0.02,0.01,0.03,1000000.0,1000000.0,0,0,2,2026-02-02 23:54:47.263491
RTM1P53,2.99,2.98,3.0,1000000.0,1000000.0,0,0,2,2026-02-02 23:54:47.263491
RTM1C54,0.02,0.01,0.03,1000000.0,1000000.0,0,0,2,2026-02-02 23:54:47.263491
RTM1P54,3.99,3.98,4.0,1000000.0,1000000.0,0,0,2,2026-02-02 23:54:47.263491
RTM,49.92,49.91,49.93,100000000.0,100000000.0,0,0,3,2026-02-02 23:54:47.839641
RTM1C45,4.92,4.91,4.93,1000000.0,1000000.0,0,0,3,2026-02-02 23:54:47.839641
RTM1P45,0.02,0.01,0.03,1000000.0,1000000.0,0,0,3,2026-02-02 23:54:47.839641
RTM1C46,3.92,3.91,3.93,1000000.0,1000000.0,0,0,3,2026-02-02 23:54:47.839641
RTM1P46,0.02,0.01,0.03,1000000.0,1000000.0,0,0,3,2026-02-02 23:54:47.839641
RTM1C47,2.92,2.91,2.93,1000000.0,1000000.0,0,0,3,2026-02-02 23:54:47.839641
RTM1P47,0.02,0.01,0.03,1000000.0,1000000.0,0,0,3,2026-02-02 23:54:47.839641
RTM1C48,1.94,1.93,1.95,1000000.0,1000000.0,0,0,3,2026-02-02 23:54:47.839641
RTM1P48,0.02,0.01,0.03,1000000.0,1000000.0,0,0,3,2026-02-02 23:54:47.839641
RTM1C49,1.0,0.99,1.01,1000000.0,1000000.0,0,0,3,2026-02-02 23:54:47.839641
RTM1P49,0.08,0.07,0.09,1000000.0,1000000.0,0,0,3,2026-02-02 23:54:47.839641
RTM1C50,0.34,0.33,0.35,1000000.0,1000000.0,0,0,3,2026-02-02 23:54:47.839641
RTM1P50,0.42,0.41,0.43,1000000.0,1000000.0,0,0,3,2026-02-02 23:54:47.839641
RTM1C51,0.05,0.04,0.06,1000000.0,1000000.0,0,0,3,2026-02-02 23:54:47.839641
RTM1P51,1.13,1.12,1.14,1000000.0,1000000.0,0,0,3,2026-02-02 23:54:47.839641
RTM1C52,0.02,0.01,0.03,1000000.0,1000000.0,0,0,3,2026-02-02 23:54:47.839641
RTM1P52,2.09,2.08,2.1,1000000.0,1000000.0,0,0,3,2026-02-02 23:54:47.839641
RTM1C53,0.02,0.01,0.03,1000000.0,1000000.0,0,0,3,2026-02-02 23:54:47.839641
RTM1P53,3.08,3.07,3.09,1000000.0,1000000.0,0,0,3,2026-02-02 23:54:47.839641
RTM1C54,0.02,0.01,0.03,1000000.0,1000000.0,0,0,3,2026-02-02 23:54:47.839641
RTM1P54,4.08,4.07,4.09,1000000.0,1000000.0,0,0,3,2026-02-02 23:54:47.839641
RTM,49.83,49.82,49.84,100000000.0,100000000.0,0,0,4,2026-02-02 23:54:48.953561
RTM1C45,4.83,4.82,4.84,1000000.0,1000000.0,0,0,4,2026-02-02 23:54:48.953561
RTM1P45,0.02,0.01,0.03,1000000.0,1000000.0,0,0,4,2026-02-02 23:54:48.953561
RTM1C46,3.83,3.82,3.84,1000000.0,1000000.0,0,0,4,2026-02-02 23:54:48.953561
RTM1P46,0.02,0.01,0.03,1000000.0,1000000.0,0,0,4,2026-02-02 23:54:48.953561
RTM1C47,2.84,2.83,2.85,1000000.0,1000000.0,0,0,4,2026-02-02 23:54:48.953561
RTM1P47,0.02,0.01,0.03,1000000.0,1000000.0,0,0,4,2026-02-02 23:54:48.953561
RTM1C48,1.86,1.85,1.87,1000000.0,1000000.0,0,0,4,2026-02-02 23:54:48.953561
RTM1P48,0.02,0.01,0.03,1000000.0,1000000.0,0,0,4,2026-02-02 23:54:48.953561
RTM1C49,0.95,0.94,0.96,1000000.0,1000000.0,0,0,4,2026-02-02 23:54:48.953561
RTM1P49,0.11,0.1,0.12,1000000.0,1000000.0,0,0,4,2026-02-02 23:54:48.953561
RTM1C50,0.29,0.28,0.3,1000000.0,1000000.0,0,0,4,2026-02-02 23:54:48.953561
RTM1P50,0.45,0.44,0.46,1000000.0,1000000.0,0,0,4,2026-02-02 23:54:48.953561
RTM1C51,0.05,0.04,0.06,1000000.0,1000000.0,0,0,4,2026-02-02 23:54:48.953561
RTM1P51,1.22,1.21,1.23,1000000.0,1000000.0,0,0,4,2026-02-02 23:54:48.953561
RTM1C52,0.02,0.01,0.03,1000000.0,1000000.0,0,0,4,2026-02-02 23:54:48.953561
RTM1P52,2.17,2.16,2.18,1000000.0,1000000.0,0,0,4,2026-02-02 23:54:48.953561
RTM1C53,0.02,0.01,0.03,1000000.0,1000000.0,0,0,4,2026-02-02 23:54:48.953561
RTM1P53,3.17,3.16,3.18,1000000.0,1000000.0,0,0,4,2026-02-02 23:54:48.953561
RTM1C54,0.02,0.01,0.03,1000000.0,1000000.0,0,0,4,2026-02-02 23:54:48.953561
RTM1P54,4.17,4.16,4.18,1000000.0,1000000.0,0,0,4,2026-02-02 23:54:48.953561
RTM,49.81,49.8,49.82,100000000.0,100000000.0,0,0,5,2026-02-02 23:54:50.021814
RTM1C45,4.81,4.8,4.82,1000000.0,1000000.0,0,0,5,2026-02-02 23:54:50.021814
RTM1P45,0.02,0.01,0.03,1000000.0,1000000.0,0,0,5,2026-02-02 23:54:50.021814
RTM1C46,3.81,3.8,3.82,1000000.0,1000000.0,0,0,5,2026-02-02 23:54:50.021814
RTM1P46,0.02,0.01,0.03,1000000.0,1000000.0,0,0,5,2026-02-02 23:54:50.021814
RTM1C47,2.81,2.8,2.82,1000000.0,1000000.0,0,0,5,2026-02-02 23:54:50.021814
RTM1P47,0.02,0.01,0.03,1000000.0,1000000.0,0,0,5,2026-02-02 23:54:50.021814
RTM1C48,1.82,1.81,1.83,1000000.0,1000000.0,0,0,5,2026-02-02 23:54:50.021814
RTM1P48,0.02,0.01,0.03,1000000.0,1000000.0,0,0,5,2026-02-02 23:54:50.021814
RTM1C49,0.9,0.89,0.91,1000000.0,1000000.0,0,0,5,2026-02-02 23:54:50.021814
RTM1P49,0.09,0.08,0.1,1000000.0,1000000.0,0,0,5,2026-02-02 23:54:50.021814
RTM1C50,0.36,0.35,0.37,1000000.0,1000000.0,0,0,5,2026-02-02 23:54:50.021814
RTM1P50,0.55,0.54,0.56,1000000.0,1000000.0,0,0,5,2026-02-02 23:54:50.021814
RTM1C51,0.09,0.07,0.09,1000000.0,1000000.0,0,0,5,2026-02-02 23:54:50.021814
RTM1P51,1.28,1.26,1.28,1000000.0,1000000.0,0,0,5,2026-02-02 23:54:50.021814
RTM1C52,0.02,0.01,0.03,1000000.0,1000000.0,0,0,5,2026-02-02 23:54:50.021814
RTM1P52,2.2,2.19,2.21,1000000.0,1000000.0,0,0,5,2026-02-02 23:54:50.021814
RTM1C53,0.02,0.01,0.03,1000000.0,1000000.0,0,0,5,2026-02-02 23:54:50.021814
RTM1P53,3.19,3.18,3.2,1000000.0,1000000.0,0,0,5,2026-02-02 23:54:50.021814
RTM1C54,0.02,0.01,0.03,1000000.0,1000000.0,0,0,5,2026-02-02 23:54:50.021814
RTM1P54,4.19,4.18,4.2,1000000.0,1000000.0,0,0,5,2026-02-02 23:54:50.021814
RTM,49.75,49.74,49.76,100000000.0,100000000.0,0,0,6,2026-02-02 23:54:51.098461
RTM1C45,4.75,4.74,4.76,1000000.0,1000000.0,0,0,6,2026-02-02 23:54:51.098461
RTM1P45,0.02,0.01,0.03,1000000.0,1000000.0,0,0,6,2026-02-02 23:54:51.098461
RTM1C46,3.75,3.74,3.76,1000000.0,1000000.0,0,0,6,2026-02-02 23:54:51.098461
RTM1P46,0.02,0.01,0.03,1000000.0,1000000.0,0,0,6,2026-02-02 23:54:51.098461
RTM1C47,2.75,2.74,2.76,1000000.0,1000000.0,0,0,6,2026-02-02 23:54:51.098461
RTM1P47,0.02,0.01,0.03,1000000.0,1000000.0,0,0,6,2026-02-02 23:54:51.098461
RTM1C48,1.76,1.75,1.77,1000000.0,1000000.0,0,0,6,2026-02-02 23:54:51.098461
RTM1P48,0.02,0.01,0.03,1000000.0,1000000.0,0,0,6,2026-02-02 23:54:51.098461
RTM1C49,0.92,0.91,0.93,1000000.0,1000000.0,0,0,6,2026-02-02 23:54:51.098461
RTM1P49,0.17,0.16,0.18,1000000.0,1000000.0,0,0,6,2026-02-02 23:54:51.098461
RTM1C50,0.34,0.33,0.35,1000000.0,1000000.0,0,0,6,2026-02-02 23:54:51.098461
RTM1P50,0.59,0.58,0.6,1000000.0,1000000.0,0,0,6,2026-02-02 23:54:51.098461
RTM1C51,0.04,0.03,0.05,1000000.0,1000000.0,0,0,6,2026-02-02 23:54:51.098461
RTM1P51,1.29,1.28,1.3,1000000.0,1000000.0,0,0,6,2026-02-02 23:54:51.098461
RTM1C52,0.02,0.01,0.03,1000000.0,1000000.0,0,0,6,2026-02-02 23:54:51.098461
RTM1P52,2.26,2.25,2.27,1000000.0,1000000.0,0,0,6,2026-02-02 23:54:51.098461
RTM1C53,0.02,0.01,0.03,1000000.0,1000000.0,0,0,6,2026-02-02 23:54:51.098461
RTM1P53,3.25,3.24,3.26,1000000.0,1000000.0,0,0,6,2026-02-02 23:54:51.098461
RTM1C54,0.02,0.01,0.03,1000000.0,1000000.0,0,0,6,2026-02-02 23:54:51.098461
RTM1P54,4.25,4.24,4.26,1000000.0,1000000.0,0,0,6,2026-02-02 23:54:51.098461
RTM,49.79,49.78,49.8,100000000.0,100000000.0,,0,7,2026-02-02 23:54:52.158151
RTM1C45,4.79,4.78,4.8,1000000.0,1000000.0,,0,7,2026-02-02 23:54:52.158151
RTM1P45,0.02,0.01,0.03,1000000.0,1000000.0,,0,7,2026-02-02 23:54:52.158151
RTM1C46,3.79,3.78,3.8,1000000.0,1000000.0,,0,7,2026-02-02 23:54:52.158151
RTM1P46,0.02,0.01,0.03,1000000.0,1000000.0,,0,7,2026-02-02 23:54:52.158151
RTM1C47,2.79,2.78,2.8,1000000.0,1000000.0,,0,7,2026-02-02 23:54:52.158151
RTM1P47,0.02,0.01,0.03,1000000.0,1000000.0,,0,7,2026-02-02 23:54:52.158151
RTM1C48,1.81,1.8,1.82,1000000.0,1000000.0,,0,7,2026-02-02 23:54:52.158151
RTM1P48,0.02,0.01,0.03,1000000.0,1000000.0,,0,7,2026-02-02 23:54:52.158151
RTM1C49,0.96,0.95,0.97,1000000.0,1000000.0,,0,7,2026-02-02 23:54:52.158151
RTM1P49,0.17,0.16,0.18,1000000.0,1000000.0,,0,7,2026-02-02 23:54:52.158151
RTM1C50,0.29,0.28,0.3,1000000.0,1000000.0,,0,7,2026-02-02 23:54:52.158151
RTM1P50,0.5,0.49,0.51,1000000.0,1000000.0,,0,7,2026-02-02 23:54:52.158151
RTM1C51,0.09,0.09,0.1,1000000.0,1000000.0,50.0,0,7,2026-02-02 23:54:52.158151
RTM1P51,1.3,1.3,1.31,1000000.0,1000000.0,50.0,0,7,2026-02-02 23:54:52.158151
RTM1C52,0.02,0.01,0.03,1000000.0,1000000.0,,0,7,2026-02-02 23:54:52.158151
RTM1P52,2.22,2.21,2.23,1000000.0,1000000.0,,0,7,2026-02-02 23:54:52.158151
RTM1C53,0.02,0.01,0.03,1000000.0,1000000.0,,0,7,2026-02-02 23:54:52.158151
RTM1P53,3.21,3.2,3.22,1000000.0,1000000.0,,0,7,2026-02-02 23:54:52.158151
RTM1C54,0.02,0.01,0.03,1000000.0,1000000.0,,0,7,2026-02-02 23:54:52.158151
RTM1P54,4.21,4.2,4.22,1000000.0,1000000.0,,0,7,2026-02-02 23:54:52.158151
RTM,49.89,49.88,49.9,100000000.0,100000000.0,,0,8,2026-02-02 23:54:53.212387
RTM1C45,4.89,4.88,4.9,1000000.0,1000000.0,,0,8,2026-02-02 23:54:53.212387
RTM1P45,0.02,0.01,0.03,1000000.0,1000000.0,,0,8,2026-02-02 23:54:53.212387
RTM1C46,3.89,3.88,3.9,1000000.0,1000000.0,,0,8,2026-02-02 23:54:53.212387
RTM1P46,0.02,0.01,0.03,1000000.0,1000000.0,,0,8,2026-02-02 23:54:53.212387
RTM1C47,2.89,2.88,2.9,1000000.0,1000000.0,,0,8,2026-02-02 23:54:53.212387
RTM1P47,0.02,0.01,0.03,1000000.0,1000000.0,,0,8,2026-02-02 23:54:53.212387
RTM1C48,1.9,1.89,1.91,1000000.0,1000000.0,,0,8,2026-02-02 23:54:53.212387
RTM1P48,0.02,0.01,0.03,1000000.0,1000000.0,,0,8,2026-02-02 23:54:53.212387
RTM1C49,1.01,1.0,1.02,1000000.0,1000000.0,,0,8,2026-02-02 23:54:53.212387
RTM1P49,0.12,0.11,0.13,1000000.0,1000000.0,,0,8,2026-02-02 23:54:53.212387
RTM1C50,0.34,0.33,0.35,1000000.0,1000000.0,,0,8,2026-02-02 23:54:53.212387
RTM1P50,0.45,0.44,0.46,1000000.0,1000000.0,,0,8,2026-02-02 23:54:53.212387
RTM1C51,0.1,0.09,0.1,1000000.0,1000000.0,50.0,0,8,2026-02-02 23:54:53.212387
RTM1P51,1.21,1.19,1.21,1000000.0,1000000.0,,0,8,2026-02-02 23:54:53.212387
RTM1C52,0.02,0.01,0.03,1000000.0,1000000.0,,0,8,2026-02-02 23:54:53.212387
RTM1P52,2.13,2.12,2.14,1000000.0,1000000.0,,0,8,2026-02-02 23:54:53.212387
RTM1C53,0.02,0.01,0.03,1000000.0,1000000.0,,0,8,2026-02-02 23:54:53.212387
RTM1P53,3.11,3.1,3.12,1000000.0,1000000.0,,0,8,2026-02-02 23:54:53.212387
RTM1C54,0.02,0.01,0.03,1000000.0,1000000.0,,0,8,2026-02-02 23:54:53.212387
RTM1P54,4.11,4.1,4.12,1000000.0,1000000.0,,0,8,2026-02-02 23:54:53.212387
RTM,50.01,50.0,50.02,100000000.0,100000000.0,0,0,9,2026-02-02 23:54:54.266545
RTM1C45,5.01,5.0,5.02,1000000.0,1000000.0,0,0,9,2026-02-02 23:54:54.266545
RTM1P45,0.02,0.01,0.03,1000000.0,1000000.0,0,0,9,2026-02-02 23:54:54.266545
RTM1C46,4.01,4.0,4.02,1000000.0,1000000.0,0,0,9,2026-02-02 23:54:54.266545
RTM1P46,0.02,0.01,0.03,1000000.0,1000000.0,0,0,9,2026-02-02 23:54:54.266545
RTM1C47,3.01,3.0,3.02,1000000.0,1000000.0,0,0,9,2026-02-02 23:54:54.266545
RTM1P47,0.02,0.01,0.03,1000000.0,1000000.0,0,0,9,2026-02-02 23:54:54.266545
RTM1C48,2.02,2.01,2.03,1000000.0,1000000.0,0,0,9,2026-02-02 23:54:54.266545
RTM1P48,0.02,0.01,0.03,1000000.0,1000000.0,0,0,9,2026-02-02 23:54:54.266545
RTM1C49,1.14,1.13,1.15,1000000.0,1000000.0,0,0,9,2026-02-02 23:54:54.266545
RTM1P49,0.12,0.11,0.13,1000000.0,1000000.0,0,0,9,2026-02-02 23:54:54.266545
RTM1C50,0.39,0.38,0.4,1000000.0,1000000.0,0,0,9,2026-02-02 23:54:54.266545
RTM1P50,0.38,0.37,0.39,1000000.0,1000000.0,0,0,9,2026-02-02 23:54:54.266545
RTM1C51,0.11,0.09,0.11,1000000.0,1000000.0,0,0,9,2026-02-02 23:54:54.266545
RTM1P51,1.09,1.08,1.1,1000000.0,1000000.0,0,0,9,2026-02-02 23:54:54.266545
RTM1C52,0.02,0.01,0.03,1000000.0,1000000.0,0,0,9,2026-02-02 23:54:54.266545
RTM1P52,2.0,1.99,2.01,1000000.0,1000000.0,0,0,9,2026-02-02 23:54:54.266545
RTM1C53,0.02,0.01,0.03,1000000.0,1000000.0,0,0,9,2026-02-02 23:54:54.266545
RTM1P53,2.99,2.98,3.0,1000000.0,1000000.0,0,0,9,2026-02-02 23:54:54.266545
RTM1C54,0.02,0.01,0.03,1000000.0,1000000.0,0,0,9,2026-02-02 23:54:54.266545
RTM1P54,3.99,3.98,4.0,1000000.0,1000000.0,0,0,9,2026-02-02 23:54:54.266545
RTM,50.06,50.05,50.07,100000000.0,100000000.0,0,0,10,2026-02-02 23:54:55.331874
RTM1C45,5.06,5.05,5.07,1000000.0,1000000.0,0,0,10,2026-02-02 23:54:55.331874
RTM1P45,0.02,0.01,0.03,1000000.0,1000000.0,0,0,10,2026-02-02 23:54:55.331874
RTM1C46,4.06,4.05,4.07,1000000.0,1000000.0,0,0,10,2026-02-02 23:54:55.331874
RTM1P46,0.02,0.01,0.03,1000000.0,1000000.0,0,0,10,2026-02-02 23:54:55.331874
RTM1C47,3.06,3.05,3.07,1000000.0,1000000.0,0,0,10,2026-02-02 23:54:55.331874
RTM1P47,0.02,0.01,0.03,1000000.0,1000000.0,0,0,10,2026-02-02 23:54:55.331874
RTM1C48,2.07,2.06,2.08,1000000.0,1000000.0,0,0,10,2026-02-02 23:54:55.331874
RTM1P48,0.02,0.01,0.03,1000000.0,1000000.0,0,0,10,2026-02-02 23:54:55.331874
RTM1C49,1.14,1.13,1.15,1000000.0,1000000.0,0,0,10,2026-02-02 23:54:55.331874
RTM1P49,0.08,0.07,0.09,1000000.0,1000000.0,0,0,10,2026-02-02 23:54:55.331874
RTM1C50,0.5,0.49,0.51,1000000.0,1000000.0,0,0,10,2026-02-02 23:54:55.331874
RTM1P50,0.44,0.43,0.45,1000000.0,1000000.0,0,0,10,2026-02-02 23:54:55.331874
RTM1C51,0.1,0.08,0.1,1000000.0,1000000.0,0,0,10,2026-02-02 23:54:55.331874
RTM1P51,1.04,1.02,1.04,1000000.0,1000000.0,0,0,10,2026-02-02 23:54:55.331874
RTM1C52,0.02,0.01,0.03,1000000.0,1000000.0,0,0,10,2026-02-02 23:54:55.331874
RTM1P52,1.96,1.95,1.97,1000000.0,1000000.0,0,0,10,2026-02-02 23:54:55.331874
RTM1C53,0.02,0.01,0.03,1000000.0,1000000.0,0,0,10,2026-02-02 23:54:55.331874
RTM1P53,2.94,2.93,2.95,1000000.0,1000000.0,0,0,10,2026-02-02 23:54:55.331874
RTM1C54,0.02,0.01,0.03,1000000.0,1000000.0,0,0,10,2026-02-02 23:54:55.331874
RTM1P54,3.94,3.93,3.95,1000000.0,1000000.0,0,0,10,2026-02-02 23:54:55.331874
RTM,50.06,50.05,50.07,100000000.0,100000000.0,0,0,11,2026-02-02 23:54:55.890755
RTM1C45,5.06,5.05,5.07,1000000.0,1000000.0,0,0,11,2026-02-02 23:54:55.890755
RTM1P45,0.02,0.01,0.03,1000000.0,1000000.0,0,0,11,2026-02-02 23:54:55.890755
RTM1C46,4.06,4.05,4.07,1000000.0,1000000.0,0,0,11,2026-02-02 23:54:55.890755
RTM1P46,0.02,0.01,0.03,1000000.0,1000000.0,0,0,11,2026-02-02 23:54:55.890755
RTM1C47,3.06,3.05,3.07,1000000.0,1000000.0,0,0,11,2026-02-02 23:54:55.890755
RTM1P47,0.02,0.01,0.03,1000000.0,1000000.0,0,0,11,2026-02-02 23:54:55.890755
RTM1C48,2.08,2.07,2.09,1000000.0,1000000.0,0,0,11,2026-02-02 23:54:55.890755
RTM1P48,0.02,0.01,0.03,1000000.0,1000000.0,0,0,11,2026-02-02 23:54:55.890755
RTM1C49,1.17,1.16,1.18,1000000.0,1000000.0,0,0,11,2026-02-02 23:54:55.890755
RTM1P49,0.11,0.1,0.12,1000000.0,1000000.0,0,0,11,2026-02-02 23:54:55.890755
RTM1C50,0.46,0.45,0.47,1000000.0,1000000.0,0,0,11,2026-02-02 23:54:55.890755
RTM1P50,0.4,0.39,0.41,1000000.0,1000000.0,0,0,11,2026-02-02 23:54:55.890755
RTM1C51,0.1,0.09,0.11,1000000.0,1000000.0,0,0,11,2026-02-02 23:54:55.890755
RTM1P51,1.04,1.03,1.05,1000000.0,1000000.0,0,0,11,2026-02-02 23:54:55.890755
RTM1C52,0.02,0.01,0.03,1000000.0,1000000.0,0,0,11,2026-02-02 23:54:55.890755
RTM1P52,1.95,1.94,1.96,1000000.0,1000000.0,0,0,11,2026-02-02 23:54:55.890755
RTM1C53,0.02,0.01,0.03,1000000.0,1000000.0,0,0,11,2026-02-02 23:54:55.890755
RTM1P53,2.94,2.93,2.95,1000000.0,1000000.0,0,0,11,2026-02-02 23:54:55.890755
RTM1C54,0.02,0.01,0.03,1000000.0,1000000.0,0,0,11,2026-02-02 23:54:55.890755
RTM1P54,3.94,3.93,3.95,1000000.0,1000000.0,0,0,11,2026-02-02 23:54:55.890755
RTM,50.19,50.18,50.2,100000000.0,100000000.0,0,0,12,2026-02-02 23:54:56.951203
RTM1C45,5.19,5.18,5.2,1000000.0,1000000.0,0,0,12,2026-02-02 23:54:56.951203
RTM1P45,0.02,0.01,0.03,1000000.0,1000000.0,0,0,12,2026-02-02 23:54:56.951203
RTM1C46,4.19,4.18,4.2,1000000.0,1000000.0,0,0,12,2026-02-02 23:54:56.951203
RTM1P46,0.02,0.01,0.03,1000000.0,1000000.0,0,0,12,2026-02-02 23:54:56.951203
RTM1C47,3.19,3.18,3.2,1000000.0,1000000.0,0,0,12,2026-02-02 23:54:56.951203
RTM1P47,0.02,0.01,0.03,1000000.0,1000000.0,0,0,12,2026-02-02 23:54:56.951203
RTM1C48,2.2,2.19,2.21,1000000.0,1000000.0,0,0,12,2026-02-02 23:54:56.951203
RTM1P48,0.02,0.01,0.03,1000000.0,1000000.0,0,0,12,2026-02-02 23:54:56.951203
RTM1C49,1.28,1.27,1.29,1000000.0,1000000.0,0,0,12,2026-02-02 23:54:56.951203
RTM1P49,0.09,0.08,0.1,1000000.0,1000000.0,0,0,12,2026-02-02 23:54:56.951203
RTM1C50,0.55,0.54,0.56,1000000.0,1000000.0,0,0,12,2026-02-02 23:54:56.951203
RTM1P50,0.36,0.35,0.37,1000000.0,1000000.0,0,0,12,2026-02-02 23:54:56.951203
RTM1C51,0.13,0.12,0.14,1000000.0,1000000.0,0,0,12,2026-02-02 23:54:56.951203
RTM1P51,0.94,0.93,0.95,1000000.0,1000000.0,0,0,12,2026-02-02 23:54:56.951203
RTM1C52,0.02,0.01,0.03,1000000.0,1000000.0,0,0,12,2026-02-02 23:54:56.951203
RTM1P52,1.83,1.82,1.84,1000000.0,1000000.0,0,0,12,2026-02-02 23:54:56.951203
RTM1C53,0.02,0.01,0.03,1000000.0,1000000.0,0,0,12,2026-02-02 23:54:56.951203
RTM1P53,2.81,2.8,2.82,1000000.0,1000000.0,0,0,12,2026-02-02 23:54:56.951203
RTM1C54,0.02,0.01,0.03,1000000.0,1000000.0,0,0,12,2026-02-02 23:54:56.951203
RTM1P54,3.81,3.8,3.82,1000000.0,1000000.0,0,0,12,2026-02-02 23:54:56.951203
RTM,50.13,50.12,50.14,100000000.0,100000000.0,0,0,13,2026-02-02 23:54:58.025717
RTM1C45,5.13,5.12,5.14,1000000.0,1000000.0,0,0,13,2026-02-02 23:54:58.025717
RTM1P45,0.02,0.01,0.03,1000000.0,1000000.0,0,0,13,2026-02-02 23:54:58.025717
RTM1C46,4.13,4.12,4.14,1000000.0,1000000.0,0,0,13,2026-02-02 23:54:58.025717
RTM1P46,0.02,0.01,0.03,1000000.0,1000000.0,0,0,13,2026-02-02 23:54:58.025717
RTM1C47,3.13,3.12,3.14,1000000.0,1000000.0,0,0,13,2026-02-02 23:54:58.025717
RTM1P47,0.02,0.01,0.03,1000000.0,1000000.0,0,0,13,2026-02-02 23:54:58.025717
RTM1C48,2.14,2.13,2.15,1000000.0,1000000.0,0,0,13,2026-02-02 23:54:58.025717
RTM1P48,0.02,0.01,0.03,1000000.0,1000000.0,0,0,13,2026-02-02 23:54:58.025717
RTM1C49,1.23,1.22,1.24,1000000.0,1000000.0,0,0,13,2026-02-02 23:54:58.025717
RTM1P49,0.1,0.09,0.11,1000000.0,1000000.0,0,0,13,2026-02-02 23:54:58.025717
RTM1C50,0.52,0.51,0.53,1000000.0,1000000.0,0,0,13,2026-02-02 23:54:58.025717
RTM1P50,0.39,0.38,0.4,1000000.0,1000000.0,0,0,13,2026-02-02 23:54:58.025717
RTM1C51,0.14,0.13,0.15,1000000.0,1000000.0,0,0,13,2026-02-02 23:54:58.025717
RTM1P51,1.01,1.0,1.02,1000000.0,1000000.0,0,0,13,2026-02-02 23:54:58.025717
RTM1C52,0.02,0.01,0.03,1000000.0,1000000.0,0,0,13,2026-02-02 23:54:58.025717
RTM1P52,1.89,1.88,1.9,1000000.0,1000000.0,0,0,13,2026-02-02 23:54:58.025717
RTM1C53,0.02,0.01,0.03,1000000.0,1000000.0,0,0,13,2026-02-02 23:54:58.025717
RTM1P53,2.88,2.87,2.89,1000000.0,1000000.0,0,0,13,2026-02-02 23:54:58.025717
RTM1C54,0.02,0.01,0.03,1000000.0,1000000.0,0,0,13,2026-02-02 23:54:58.025717
RTM1P54,3.87,3.86,3.88,1000000.0,1000000.0,0,0,13,2026-02-02 23:54:58.025717
RTM,50.19,50.18,50.2,100000000.0,100000000.0,0,0,14,2026-02-02 23:54:59.108326
RTM1C45,5.19,5.18,5.2,1000000.0,1000000.0,0,0,14,2026-02-02 23:54:59.108326
RTM1P45,0.02,0.01,0.03,1000000.0,1000000.0,0,0,14,2026-02-02 23:54:59.108326
RTM1C46,4.19,4.18,4.2,1000000.0,1000000.0,0,0,14,2026-02-02 23:54:59.108326
RTM1P46,0.02,0.01,0.03,1000000.0,1000000.0,0,0,14,2026-02-02 23:54:59.108326
RTM1C47,3.19,3.18,3.2,1000000.0,1000000.0,0,0,14,2026-02-02 23:54:59.108326
RTM1P47,0.02,0.01,0.03,1000000.0,1000000.0,0,0,14,2026-02-02 23:54:59.108326
RTM1C48,2.2,2.19,2.21,1000000.0,1000000.0,0,0,14,2026-02-02 23:54:59.108326
RTM1P48,0.02,0.01,0.03,1000000.0,1000000.0,0,0,14,2026-02-02 23:54:59.108326
RTM1C49,1.25,1.24,1.26,1000000.0,1000000.0,0,0,14,2026-02-02 23:54:59.108326
RTM1P49,0.06,0.05,0.07,1000000.0,1000000.0,0,0,14,2026-02-02 23:54:59.108326
RTM1C50,0.52,0.51,0.53,1000000.0,1000000.0,0,0,14,2026-02-02 23:54:59.108326
RTM1P50,0.33,0.32,0.34,1000000.0,1000000.0,0,0,14,2026-02-02 23:54:59.108326
RTM1C51,0.13,0.12,0.14,1000000.0,1000000.0,0,0,14,2026-02-02 23:54:59.108326
RTM1P51,0.95,0.94,0.96,1000000.0,1000000.0,0,0,14,2026-02-02 23:54:59.108326
RTM1C52,0.03,0.02,0.04,1000000.0,1000000.0,0,0,14,2026-02-02 23:54:59.108326
RTM1P52,1.85,1.84,1.86,1000000.0,1000000.0,0,0,14,2026-02-02 23:54:59.108326
RTM1C53,0.02,0.01,0.03,1000000.0,1000000.0,0,0,14,2026-02-02 23:54:59.108326
RTM1P53,2.82,2.81,2.83,1000000.0,1000000.0,0,0,14,2026-02-02 23:54:59.108326
RTM1C54,0.02,0.01,0.03,1000000.0,1000000.0,0,0,14,2026-02-02 23:54:59.108326
RTM1P54,3.81,3.8,3.82,1000000.0,1000000.0,0,0,14,2026-02-02 23:54:59.108326
RTM,50.07,50.06,50.08,100000000.0,100000000.0,0,0,15,2026-02-02 23:55:00.169999
RTM1C45,5.07,5.06,5.08,1000000.0,1000000.0,0,0,15,2026-02-02 23:55:00.169999
RTM1P45,0.02,0.01,0.03,1000000.0,1000000.0,0,0,15,2026-02-02 23:55:00.169999
RTM1C46,4.07,4.06,4.08,1000000.0,1000000.0,0,0,15,2026-02-02 23:55:00.169999
RTM1P46,0.02,0.01,0.03,1000000.0,1000000.0,0,0,15,2026-02-02 23:55:00.169999
RTM1C47,3.07,3.06,3.08,1000000.0,1000000.0,0,0,15,2026-02-02 23:55:00.169999
RTM1P47,0.02,0.01,0.03,1000000.0,1000000.0,0,0,15,2026-02-02 23:55:00.169999
RTM1C48,2.09,2.08,2.1,1000000.0,1000000.0,0,0,15,2026-02-02 23:55:00.169999
RTM1P48,0.02,0.01,0.03,1000000.0,1000000.0,0,0,15,2026-02-02 23:55:00.169999
RTM1C49,1.16,1.15,1.17,1000000.0,1000000.0,0,0,15,2026-02-02 23:55:00.169999
RTM1P49,0.09,0.08,0.1,1000000.0,1000000.0,0,0,15,2026-02-02 23:55:00.169999
RTM1C50,0.48,0.47,0.49,1000000.0,1000000.0,0,0,15,2026-02-02 23:55:00.169999
RTM1P50,0.41,0.4,0.42,1000000.0,1000000.0,0,0,15,2026-02-02 23:55:00.169999
RTM1C51,0.11,0.1,0.12,1000000.0,1000000.0,0,0,15,2026-02-02 23:55:00.169999
RTM1P51,1.03,1.02,1.04,1000000.0,1000000.0,0,0,15,2026-02-02 23:55:00.169999
RTM1C52,0.02,0.01,0.03,1000000.0,1000000.0,0,0,15,2026-02-02 23:55:00.169999
RTM1P52,1.95,1.94,1.96,1000000.0,1000000.0,0,0,15,2026-02-02 23:55:00.169999
RTM1C53,0.02,0.01,0.03,1000000.0,1000000.0,0,0,15,2026-02-02 23:55:00.169999
RTM1P53,2.93,2.92,2.94,1000000.0,1000000.0,0,0,15,2026-02-02 23:55:00.169999
RTM1C54,0.02,0.01,0.03,1000000.0,1000000.0,0,0,15,2026-02-02 23:55:00.169999
RTM1P54,3.93,3.92,3.94,1000000.0,1000000.0,0,0,15,2026-02-02 23:55:00.169999
RTM,50.13,50.12,50.14,100000000.0,100000000.0,0,0,16,2026-02-02 23:55:01.228675
RTM1C45,5.13,5.12,5.14,1000000.0,1000000.0,0,0,16,2026-02-02 23:55:01.228675
RTM1P45,0.02,0.01,0.03,1000000.0,1000000.0,0,0,16,2026-02-02 23:55:01.228675
RTM1C46,4.13,4.12,4.14,1000000.0,1000000.0,0,0,16,2026-02-02 23:55:01.228675
RTM1P46,0.02,0.01,0.03,1000000.0,1000000.0,0,0,16,2026-02-02 23:55:01.228675
RTM1C47,3.13,3.12,3.14,1000000.0,1000000.0,0,0,16,2026-02-02 23:55:01.228675
RTM1P47,0.02,0.01,0.03,1000000.0,1000000.0,0,0,16,2026-02-02 23:55:01.228675
RTM1C48,2.14,2.13,2.15,1000000.0,1000000.0,0,0,16,2026-02-02 23:55:01.228675
RTM1P48,0.02,0.01,0.03,1000000.0,1000000.0,0,0,16,2026-02-02 23:55:01.228675
RTM1C49,1.21,1.2,1.22,1000000.0,1000000.0,0,0,16,2026-02-02 23:55:01.228675
RTM1P49,0.08,0.07,0.09,1000000.0,1000000.0,0,0,16,2026-02-02 23:55:01.228675
RTM1C50,0.49,0.48,0.5,1000000.0,1000000.0,0,0,16,2026-02-02 23:55:01.228675
RTM1P50,0.35,0.34,0.36,1000000.0,1000000.0,0,0,16,2026-02-02 23:55:01.228675
RTM1C51,0.14,0.13,0.15,1000000.0,1000000.0,0,0,16,2026-02-02 23:55:01.228675
RTM1P51,1.0,0.99,1.01,1000000.0,1000000.0,0,0,16,2026-02-02 23:55:01.228675
RTM1C52,0.03,0.02,0.04,1000000.0,1000000.0,0,0,16,2026-02-02 23:55:01.228675
RTM1P52,1.9,1.89,1.91,1000000.0,1000000.0,0,0,16,2026-02-02 23:55:01.228675
RTM1C53,0.02,0.01,0.03,1000000.0,1000000.0,0,0,16,2026-02-02 23:55:01.228675
RTM1P53,2.87,2.86,2.88,1000000.0,1000000.0,0,0,16,2026-02-02 23:55:01.228675
RTM1C54,0.02,0.01,0.03,1000000.0,1000000.0,0,0,16,2026-02-02 23:55:01.228675
RTM1P54,3.87,3.86,3.88,1000000.0,1000000.0,0,0,16,2026-02-02 23:55:01.228675
RTM,50.16,50.15,50.17,100000000.0,100000000.0,0,0,17,2026-02-02 23:55:02.281290
RTM1C45,5.16,5.15,5.17,1000000.0,1000000.0,0,0,17,2026-02-02 23:55:02.281290
RTM1P45,0.02,0.01,0.03,1000000.0,1000000.0,0,0,17,2026-02-02 23:55:02.281290
RTM1C46,4.16,4.15,4.17,1000000.0,1000000.0,0,0,17,2026-02-02 23:55:02.281290
RTM1P46,0.02,0.01,0.03,1000000.0,1000000.0,0,0,17,2026-02-02 23:55:02.281290
RTM1C47,3.16,3.15,3.17,1000000.0,1000000.0,0,0,17,2026-02-02 23:55:02.281290
RTM1P47,0.02,0.01,0.03,1000000.0,1000000.0,0,0,17,2026-02-02 23:55:02.281290
RTM1C48,2.17,2.16,2.18,1000000.0,1000000.0,0,0,17,2026-02-02 23:55:02.281290
RTM1P48,0.02,0.01,0.03,1000000.0,1000000.0,0,0,17,2026-02-02 23:55:02.281290
RTM1C49,1.23,1.23,1.25,1000000.0,1000000.0,0,0,17,2026-02-02 23:55:02.281290
RTM1P49,0.08,0.07,0.09,1000000.0,1000000.0,0,0,17,2026-02-02 23:55:02.281290
RTM1C50,0.55,0.55,0.57,1000000.0,1000000.0,0,0,17,2026-02-02 23:55:02.281290
RTM1P50,0.39,0.39,0.41,1000000.0,1000000.0,0,0,17,2026-02-02 23:55:02.281290
RTM1C51,0.14,0.14,0.16,1000000.0,1000000.0,0,0,17,2026-02-02 23:55:02.281290
RTM1P51,0.98,0.98,1.0,1000000.0,1000000.0,0,0,17,2026-02-02 23:55:02.281290
RTM1C52,0.03,0.02,0.04,1000000.0,1000000.0,0,0,17,2026-02-02 23:55:02.281290
RTM1P52,1.85,1.85,1.87,1000000.0,1000000.0,0,0,17,2026-02-02 23:55:02.281290
RTM1C53,0.02,0.01,0.03,1000000.0,1000000.0,0,0,17,2026-02-02 23:55:02.281290
RTM1P53,2.84,2.83,2.85,1000000.0,1000000.0,0,0,17,2026-02-02 23:55:02.281290
RTM1C54,0.02,0.01,0.03,1000000.0,1000000.0,0,0,17,2026-02-02 23:55:02.281290
RTM1P54,3.84,3.83,3.85,1000000.0,1000000.0,0,0,17,2026-02-02 23:55:02.281290
RTM,50.24,50.23,50.25,100000000.0,100000000.0,0,0,18,2026-02-02 23:55:03.347324
RTM1C45,5.24,5.23,5.25,1000000.0,1000000.0,0,0,18,2026-02-02 23:55:03.347324
RTM1P45,0.02,0.01,0.03,1000000.0,1000000.0,0,0,18,2026-02-02 23:55:03.347324
RTM1C46,4.24,4.23,4.25,1000000.0,1000000.0,0,0,18,2026-02-02 23:55:03.347324
RTM1P46,0.02,0.01,0.03,1000000.0,1000000.0,0,0,18,2026-02-02 23:55:03.347324
RTM1C47,3.24,3.23,3.25,1000000.0,1000000.0,0,0,18,2026-02-02 23:55:03.347324
RTM1P47,0.02,0.01,0.03,1000000.0,1000000.0,0,0,18,2026-02-02 23:55:03.347324
RTM1C48,2.25,2.24,2.26,1000000.0,1000000.0,0,0,18,2026-02-02 23:55:03.347324
RTM1P48,0.02,0.01,0.03,1000000.0,1000000.0,0,0,18,2026-02-02 23:55:03.347324
RTM1C49,1.3,1.29,1.31,1000000.0,1000000.0,0,0,18,2026-02-02 23:55:03.347324
RTM1P49,0.07,0.06,0.08,1000000.0,1000000.0,0,0,18,2026-02-02 23:55:03.347324
RTM1C50,0.58,0.57,0.59,1000000.0,1000000.0,0,0,18,2026-02-02 23:55:03.347324
RTM1P50,0.34,0.33,0.35,1000000.0,1000000.0,0,0,18,2026-02-02 23:55:03.347324
RTM1C51,0.19,0.18,0.2,1000000.0,1000000.0,0,0,18,2026-02-02 23:55:03.347324
RTM1P51,0.95,0.94,0.96,1000000.0,1000000.0,0,0,18,2026-02-02 23:55:03.347324
RTM1C52,0.02,0.01,0.03,1000000.0,1000000.0,0,0,18,2026-02-02 23:55:03.347324
RTM1P52,1.78,1.77,1.79,1000000.0,1000000.0,0,0,18,2026-02-02 23:55:03.347324
RTM1C53,0.02,0.01,0.03,1000000.0,1000000.0,0,0,18,2026-02-02 23:55:03.347324
RTM1P53,2.76,2.75,2.77,1000000.0,1000000.0,0,0,18,2026-02-02 23:55:03.347324
RTM1C54,0.02,0.01,0.03,1000000.0,1000000.0,0,0,18,2026-02-02 23:55:03.347324
RTM1P54,3.76,3.75,3.77,1000000.0,1000000.0,0,0,18,2026-02-02 23:55:03.347324
RTM,50.18,50.17,50.19,100000000.0,100000000.0,0,0,19,2026-02-02 23:55:03.900068
RTM1C45,5.18,5.17,5.19,1000000.0,1000000.0,0,0,19,2026-02-02 23:55:03.900068
RTM1P45,0.02,0.01,0.03,1000000.0,1000000.0,0,0,19,2026-02-02 23:55:03.900068
RTM1C46,4.18,4.17,4.19,1000000.0,1000000.0,0,0,19,2026-02-02 23:55:03.900068
RTM1P46,0.02,0.01,0.03,1000000.0,1000000.0,0,0,19,2026-02-02 23:55:03.900068
RTM1C47,3.18,3.17,3.19,1000000.0,1000000.0,0,0,19,2026-02-02 23:55:03.900068
RTM1P47,0.02,0.01,0.03,1000000.0,1000000.0,0,0,19,2026-02-02 23:55:03.900068
RTM1C48,2.19,2.18,2.2,1000000.0,1000000.0,0,0,19,2026-02-02 23:55:03.900068
RTM1P48,0.02,0.01,0.03,1000000.0,1000000.0,0,0,19,2026-02-02 23:55:03.900068
RTM1C49,1.25,1.24,1.26,1000000.0,1000000.0,0,0,19,2026-02-02 23:55:03.900068
RTM1P49,0.07,0.06,0.08,1000000.0,1000000.0,0,0,19,2026-02-02 23:55:03.900068
RTM1C50,0.55,0.54,0.56,1000000.0,1000000.0,0,0,19,2026-02-02 23:55:03.900068
RTM1P50,0.37,0.36,0.38,1000000.0,1000000.0,0,0,19,2026-02-02 23:55:03.900068
RTM1C51,0.18,0.17,0.19,1000000.0,1000000.0,0,0,19,2026-02-02 23:55:03.900068
RTM1P51,1.0,0.99,1.01,1000000.0,1000000.0,0,0,19,2026-02-02 23:55:03.900068
RTM1C52,0.03,0.02,0.04,1000000.0,1000000.0,0,0,19,2026-02-02 23:55:03.900068
RTM1P52,1.85,1.84,1.86,1000000.0,1000000.0,0,0,19,2026-02-02 23:55:03.900068
RTM1C53,0.02,0.01,0.03,1000000.0,1000000.0,0,0,19,2026-02-02 23:55:03.900068
RTM1P53,2.82,2.81,2.83,1000000.0,1000000.0,0,0,19,2026-02-02 23:55:03.900068
RTM1C54,0.02,0.01,0.03,1000000.0,1000000.0,0,0,19,2026-02-02 23:55:03.900068
RTM1P54,3.82,3.81,3.83,1000000.0,1000000.0,0,0,19,2026-02-02 23:55:03.900068
RTM,50.28,50.27,50.29,100000000.0,100000000.0,0,0,20,2026-02-02 23:55:04.953512
RTM1C45,5.28,5.27,5.29,1000000.0,1000000.0,0,0,20,2026-02-02 23:55:04.953512
RTM1P45,0.02,0.01,0.03,1000000.0,1000000.0,0,0,20,2026-02-02 23:55:04.953512
RTM1C46,4.28,4.27,4.29,1000000.0,1000000.0,0,0,20,2026-02-02 23:55:04.953512
RTM1P46,0.02,0.01,0.03,1000000.0,1000000.0,0,0,20,2026-02-02 23:55:04.953512
RTM1C47,3.28,3.27,3.29,1000000.0,1000000.0,0,0,20,2026-02-02 23:55:04.953512
RTM1P47,0.02,0.01,0.03,1000000.0,1000000.0,0,0,20,2026-02-02 23:55:04.953512
RTM1C48,2.29,2.28,2.3,1000000.0,1000000.0,0,0,20,2026-02-02 23:55:04.953512
RTM1P48,0.02,0.01,0.03,1000000.0,1000000.0,0,0,20,2026-02-02 23:55:04.953512
RTM1C49,1.36,1.35,1.37,1000000.0,1000000.0,0,0,20,2026-02-02 23:55:04.953512
RTM1P49,0.09,0.08,0.1,1000000.0,1000000.0,0,0,20,2026-02-02 23:55:04.953512
RTM1C50,0.57,0.56,0.58,1000000.0,1000000.0,0,0,20,2026-02-02 23:55:04.953512
RTM1P50,0.29,0.28,0.3,1000000.0,1000000.0,0,0,20,2026-02-02 23:55:04.953512
RTM1C51,0.16,0.15,0.17,1000000.0,1000000.0,0,0,20,2026-02-02 23:55:04.953512
RTM1P51,0.89,0.88,0.9,1000000.0,1000000.0,0,0,20,2026-02-02 23:55:04.953512
RTM1C52,0.03,0.02,0.04,1000000.0,1000000.0,0,0,20,2026-02-02 23:55:04.953512
RTM1P52,1.75,1.74,1.76,1000000.0,1000000.0,0,0,20,2026-02-02 23:55:04.953512
RTM1C53,0.02,0.01,0.03,1000000.0,1000000.0,0,0,20,2026-02-02 23:55:04.953512
RTM1P53,2.72,2.71,2.73,1000000.0,1000000.0,0,0,20,2026-02-02 23:55:04.953512
RTM1C54,0.02,0.01,0.03,1000000.0,1000000.0,0,0,20,2026-02-02 23:55:04.953512
RTM1P54,3.72,3.71,3.73,1000000.0,1000000.0,0,0,20,2026-02-02 23:55:04.953512
RTM,50.28,50.27,50.29,100000000.0,100000000.0,0,0,21,2026-02-02 23:55:06.010729
RTM1C45,5.28,5.27,5.29,1000000.0,1000000.0,0,0,21,2026-02-02 23:55:06.010729
RTM1P45,0.02,0.01,0.03,1000000.0,1000000.0,0,0,21,2026-02-02 23:55:06.010729
RTM1C46,4.28,4.27,4.29,1000000.0,1000000.0,0,0,21,2026-02-02 23:55:06.010729
RTM1P46,0.02,0.01,0.03,1000000.0,1000000.0,0,0,21,2026-02-02 23:55:06.010729
RTM1C47,3.28,3.27,3.29,1000000.0,1000000.0,0,0,21,2026-02-02 23:55:06.010729
RTM1P47,0.02,0.01,0.03,1000000.0,1000000.0,0,0,21,2026-02-02 23:55:06.010729
RTM1C48,2.29,2.28,2.3,1000000.0,1000000.0,0,0,21,2026-02-02 23:55:06.010729
RTM1P48,0.02,0.01,0.03,1000000.0,1000000.0,0,0,21,2026-02-02 23:55:06.010729
RTM1C49,1.36,1.35,1.37,1000000.0,1000000.0,0,0,21,2026-02-02 23:55:06.010729
RTM1P49,0.08,0.07,0.09,1000000.0,1000000.0,0,0,21,2026-02-02 23:55:06.010729
RTM1C50,0.59,0.58,0.6,1000000.0,1000000.0,0,0,21,2026-02-02 23:55:06.010729
RTM1P50,0.31,0.3,0.32,1000000.0,1000000.0,0,0,21,2026-02-02 23:55:06.010729
RTM1C51,0.21,0.2,0.22,1000000.0,1000000.0,0,0,21,2026-02-02 23:55:06.010729
RTM1P51,0.93,0.92,0.94,1000000.0,1000000.0,0,0,21,2026-02-02 23:55:06.010729
RTM1C52,0.05,0.04,0.06,1000000.0,1000000.0,0,0,21,2026-02-02 23:55:06.010729
RTM1P52,1.76,1.75,1.77,1000000.0,1000000.0,0,0,21,2026-02-02 23:55:06.010729
RTM1C53,0.02,0.01,0.03,1000000.0,1000000.0,0,0,21,2026-02-02 23:55:06.010729
RTM1P53,2.72,2.71,2.73,1000000.0,1000000.0,0,0,21,2026-02-02 23:55:06.010729
RTM1C54,0.02,0.01,0.03,1000000.0,1000000.0,0,0,21,2026-02-02 23:55:06.010729
RTM1P54,3.72,3.71,3.73,1000000.0,1000000.0,0,0,21,2026-02-02 23:55:06.010729
RTM,50.34,50.33,50.35,100000000.0,100000000.0,0,0,22,2026-02-02 23:55:07.064443
RTM1C45,5.34,5.33,5.35,1000000.0,1000000.0,0,0,22,2026-02-02 23:55:07.064443
RTM1P45,0.02,0.01,0.03,1000000.0,1000000.0,0,0,22,2026-02-02 23:55:07.064443
RTM1C46,4.34,4.33,4.35,1000000.0,1000000.0,0,0,22,2026-02-02 23:55:07.064443
RTM1P46,0.02,0.01,0.03,1000000.0,1000000.0,0,0,22,2026-02-02 23:55:07.064443
RTM1C47,3.35,3.34,3.36,1000000.0,1000000.0,0,0,22,2026-02-02 23:55:07.064443
RTM1P47,0.02,0.01,0.03,1000000.0,1000000.0,0,0,22,2026-02-02 23:55:07.064443
RTM1C48,2.35,2.34,2.36,1000000.0,1000000.0,0,0,22,2026-02-02 23:55:07.064443
RTM1P48,0.02,0.01,0.03,1000000.0,1000000.0,0,0,22,2026-02-02 23:55:07.064443
RTM1C49,1.42,1.41,1.43,1000000.0,1000000.0,0,0,22,2026-02-02 23:55:07.064443
RTM1P49,0.07,0.06,0.08,1000000.0,1000000.0,0,0,22,2026-02-02 23:55:07.064443
RTM1C50,0.65,0.64,0.66,1000000.0,1000000.0,0,0,22,2026-02-02 23:55:07.064443
RTM1P50,0.3,0.29,0.31,1000000.0,1000000.0,0,0,22,2026-02-02 23:55:07.064443
RTM1C51,0.22,0.21,0.23,1000000.0,1000000.0,0,0,22,2026-02-02 23:55:07.064443
RTM1P51,0.88,0.87,0.89,1000000.0,1000000.0,0,0,22,2026-02-02 23:55:07.064443
RTM1C52,0.04,0.03,0.05,1000000.0,1000000.0,0,0,22,2026-02-02 23:55:07.064443
RTM1P52,1.69,1.68,1.7,1000000.0,1000000.0,0,0,22,2026-02-02 23:55:07.064443
RTM1C53,0.02,0.01,0.03,1000000.0,1000000.0,0,0,22,2026-02-02 23:55:07.064443
RTM1P53,2.66,2.65,2.67,1000000.0,1000000.0,0,0,22,2026-02-02 23:55:07.064443
RTM1C54,0.02,0.01,0.03,1000000.0,1000000.0,0,0,22,2026-02-02 23:55:07.064443
RTM1P54,3.66,3.65,3.67,1000000.0,1000000.0,0,0,22,2026-02-02 23:55:07.064443
RTM,50.46,50.45,50.47,100000000.0,100000000.0,0,0,23,2026-02-02 23:55:08.119416
RTM1C45,5.46,5.45,5.47,1000000.0,1000000.0,0,0,23,2026-02-02 23:55:08.119416
RTM1P45,0.02,0.01,0.03,1000000.0,1000000.0,0,0,23,2026-02-02 23:55:08.119416
RTM1C46,4.46,4.45,4.47,1000000.0,1000000.0,0,0,23,2026-02-02 23:55:08.119416
RTM1P46,0.02,0.01,0.03,1000000.0,1000000.0,0,0,23,2026-02-02 23:55:08.119416
RTM1C47,3.46,3.45,3.47,1000000.0,1000000.0,0,0,23,2026-02-02 23:55:08.119416
RTM1P47,0.02,0.01,0.03,1000000.0,1000000.0,0,0,23,2026-02-02 23:55:08.119416
RTM1C48,2.47,2.46,2.48,1000000.0,1000000.0,0,0,23,2026-02-02 23:55:08.119416
RTM1P48,0.02,0.01,0.03,1000000.0,1000000.0,0,0,23,2026-02-02 23:55:08.119416
RTM1C49,1.53,1.52,1.54,1000000.0,1000000.0,0,0,23,2026-02-02 23:55:08.119416
RTM1P49,0.06,0.05,0.07,1000000.0,1000000.0,0,0,23,2026-02-02 23:55:08.119416
RTM1C50,0.73,0.72,0.74,1000000.0,1000000.0,0,0,23,2026-02-02 23:55:08.119416
RTM1P50,0.26,0.25,0.27,1000000.0,1000000.0,0,0,23,2026-02-02 23:55:08.119416
RTM1C51,0.22,0.21,0.23,1000000.0,1000000.0,0,0,23,2026-02-02 23:55:08.119416
RTM1P51,0.75,0.74,0.76,1000000.0,1000000.0,0,0,23,2026-02-02 23:55:08.119416
RTM1C52,0.04,0.03,0.05,1000000.0,1000000.0,0,0,23,2026-02-02 23:55:08.119416
RTM1P52,1.58,1.57,1.59,1000000.0,1000000.0,0,0,23,2026-02-02 23:55:08.119416
RTM1C53,0.02,0.01,0.03,1000000.0,1000000.0,0,0,23,2026-02-02 23:55:08.119416
RTM1P53,2.54,2.53,2.55,1000000.0,1000000.0,0,0,23,2026-02-02 23:55:08.119416
RTM1C54,0.02,0.01,0.03,1000000.0,1000000.0,0,0,23,2026-02-02 23:55:08.119416
RTM1P54,3.54,3.53,3.55,1000000.0,1000000.0,0,0,23,2026-02-02 23:55:08.119416
RTM,50.47,50.46,50.48,100000000.0,100000000.0,0,0,24,2026-02-02 23:55:09.166998
RTM1C45,5.47,5.46,5.48,1000000.0,1000000.0,0,0,24,2026-02-02 23:55:09.166998
RTM1P45,0.02,0.01,0.03,1000000.0,1000000.0,0,0,24,2026-02-02 23:55:09.166998
RTM1C46,4.47,4.46,4.48,1000000.0,1000000.0,0,0,24,2026-02-02 23:55:09.166998
RTM1P46,0.02,0.01,0.03,1000000.0,1000000.0,0,0,24,2026-02-02 23:55:09.166998
RTM1C47,3.47,3.46,3.48,1000000.0,1000000.0,0,0,24,2026-02-02 23:55:09.166998
RTM1P47,0.02,0.01,0.03,1000000.0,1000000.0,0,0,24,2026-02-02 23:55:09.166998
RTM1C48,2.48,2.47,2.49,1000000.0,1000000.0,0,0,24,2026-02-02 23:55:09.166998
RTM1P48,0.02,0.01,0.03,1000000.0,1000000.0,0,0,24,2026-02-02 23:55:09.166998
RTM1C49,1.52,1.51,1.53,1000000.0,1000000.0,0,0,24,2026-02-02 23:55:09.166998
RTM1P49,0.05,0.04,0.06,1000000.0,1000000.0,0,0,24,2026-02-02 23:55:09.166998
RTM1C50,0.71,0.7,0.72,1000000.0,1000000.0,0,0,24,2026-02-02 23:55:09.166998
RTM1P50,0.24,0.23,0.25,1000000.0,1000000.0,0,0,24,2026-02-02 23:55:09.166998
RTM1C51,0.23,0.22,0.24,1000000.0,1000000.0,0,0,24,2026-02-02 23:55:09.166998
RTM1P51,0.76,0.75,0.77,1000000.0,1000000.0,0,0,24,2026-02-02 23:55:09.166998
RTM1C52,0.06,0.05,0.07,1000000.0,1000000.0,0,0,24,2026-02-02 23:55:09.166998
RTM1P52,1.59,1.58,1.6,1000000.0,1000000.0,0,0,24,2026-02-02 23:55:09.166998
RTM1C53,0.02,0.01,0.03,1000000.0,1000000.0,0,0,24,2026-02-02 23:55:09.166998
RTM1P53,2.54,2.53,2.55,1000000.0,1000000.0,0,0,24,2026-02-02 23:55:09.166998
RTM1C54,0.02,0.01,0.03,1000000.0,1000000.0,0,0,24,2026-02-02 23:55:09.166998
RTM1P54,3.53,3.52,3.54,1000000.0,1000000.0,0,0,24,2026-02-02 23:55:09.166998
RTM,50.61,50.6,50.62,100000000.0,100000000.0,0,0,25,2026-02-02 23:55:10.216285
RTM1C45,5.61,5.6,5.62,1000000.0,1000000.0,0,0,25,2026-02-02 23:55:10.216285
RTM1P45,0.02,0.01,0.03,1000000.0,1000000.0,0,0,25,2026-02-02 23:55:10.216285
RTM1C46,4.61,4.6,4.62,1000000.0,1000000.0,0,0,25,2026-02-02 23:55:10.216285
RTM1P46,0.02,0.01,0.03,1000000.0,1000000.0,0,0,25,2026-02-02 23:55:10.216285
RTM1C47,3.61,3.6,3.62,1000000.0,1000000.0,0,0,25,2026-02-02 23:55:10.216285
RTM1P47,0.02,0.01,0.03,1000000.0,1000000.0,0,0,25,2026-02-02 23:55:10.216285
RTM1C48,2.61,2.6,2.62,1000000.0,1000000.0,0,0,25,2026-02-02 23:55:10.216285
RTM1P48,0.02,0.01,0.03,1000000.0,1000000.0,0,0,25,2026-02-02 23:55:10.216285
RTM1C49,1.65,1.64,1.66,1000000.0,1000000.0,0,0,25,2026-02-02 23:55:10.216285
RTM1P49,0.04,0.03,0.05,1000000.0,1000000.0,0,0,25,2026-02-02 23:55:10.216285
RTM1C50,0.81,0.8,0.82,1000000.0,1000000.0,0,0,25,2026-02-02 23:55:10.216285
RTM1P50,0.2,0.19,0.21,1000000.0,1000000.0,0,0,25,2026-02-02 23:55:10.216285
RTM1C51,0.31,0.3,0.32,1000000.0,1000000.0,0,0,25,2026-02-02 23:55:10.216285
RTM1P51,0.7,0.69,0.71,1000000.0,1000000.0,0,0,25,2026-02-02 23:55:10.216285
RTM1C52,0.08,0.07,0.09,1000000.0,1000000.0,0,0,25,2026-02-02 23:55:10.216285
RTM1P52,1.47,1.46,1.48,1000000.0,1000000.0,0,0,25,2026-02-02 23:55:10.216285
RTM1C53,0.02,0.01,0.03,1000000.0,1000000.0,0,0,25,2026-02-02 23:55:10.216285
RTM1P53,2.41,2.4,2.42,1000000.0,1000000.0,0,0,25,2026-02-02 23:55:10.216285
RTM1C54,0.02,0.01,0.03,1000000.0,1000000.0,0,0,25,2026-02-02 23:55:10.216285
RTM1P54,3.39,3.38,3.4,1000000.0,1000000.0,0,0,25,2026-02-02 23:55:10.216285
RTM,50.59,50.58,50.6,100000000.0,100000000.0,0,0,26,2026-02-02 23:55:11.273093
RTM1C45,5.59,5.58,5.6,1000000.0,1000000.0,0,0,26,2026-02-02 23:55:11.273093
RTM1P45,0.02,0.01,0.03,1000000.0,1000000.0,0,0,26,2026-02-02 23:55:11.273093
RTM1C46,4.59,4.58,4.6,1000000.0,1000000.0,0,0,26,2026-02-02 23:55:11.273093
RTM1P46,0.02,0.01,0.03,1000000.0,1000000.0,0,0,26,2026-02-02 23:55:11.273093
RTM1C47,3.59,3.58,3.6,1000000.0,1000000.0,0,0,26,2026-02-02 23:55:11.273093
RTM1P47,0.02,0.01,0.03,1000000.0,1000000.0,0,0,26,2026-02-02 23:55:11.273093
RTM1C48,2.6,2.59,2.61,1000000.0,1000000.0,0,0,26,2026-02-02 23:55:11.273093
RTM1P48,0.02,0.01,0.03,1000000.0,1000000.0,0,0,26,2026-02-02 23:55:11.273093
RTM1C49,1.64,1.63,1.65,1000000.0,1000000.0,0,0,26,2026-02-02 23:55:11.273093
RTM1P49,0.05,0.04,0.06,1000000.0,1000000.0,0,0,26,2026-02-02 23:55:11.273093
RTM1C50,0.8,0.79,0.81,1000000.0,1000000.0,0,0,26,2026-02-02 23:55:11.273093
RTM1P50,0.21,0.2,0.22,1000000.0,1000000.0,0,0,26,2026-02-02 23:55:11.273093
RTM1C51,0.29,0.28,0.3,1000000.0,1000000.0,0,0,26,2026-02-02 23:55:11.273093
RTM1P51,0.7,0.69,0.71,1000000.0,1000000.0,0,0,26,2026-02-02 23:55:11.273093
RTM1C52,0.06,0.05,0.07,1000000.0,1000000.0,0,0,26,2026-02-02 23:55:11.273093
RTM1P52,1.47,1.46,1.48,1000000.0,1000000.0,0,0,26,2026-02-02 23:55:11.273093
RTM1C53,0.02,0.01,0.03,1000000.0,1000000.0,0,0,26,2026-02-02 23:55:11.273093
RTM1P53,2.42,2.41,2.43,1000000.0,1000000.0,0,0,26,2026-02-02 23:55:11.273093
RTM1C54,0.02,0.01,0.03,1000000.0,1000000.0,0,0,26,2026-02-02 23:55:11.273093
RTM1P54,3.41,3.4,3.42,1000000.0,1000000.0,0,0,26,2026-02-02 23:55:11.273093
RTM,50.66,50.65,50.67,100000000.0,100000000.0,0,0,27,2026-02-02 23:55:12.326316
RTM1C45,5.66,5.65,5.67,1000000.0,1000000.0,0,0,27,2026-02-02 23:55:12.326316
RTM1P45,0.02,0.01,0.03,1000000.0,1000000.0,0,0,27,2026-02-02 23:55:12.326316
RTM1C46,4.66,4.65,4.67,1000000.0,1000000.0,0,0,27,2026-02-02 23:55:12.326316
RTM1P46,0.02,0.01,0.03,1000000.0,1000000.0,0,0,27,2026-02-02 23:55:12.326316
RTM1C47,3.66,3.65,3.67,1000000.0,1000000.0,0,0,27,2026-02-02 23:55:12.326316
RTM1P47,0.02,0.01,0.03,1000000.0,1000000.0,0,0,27,2026-02-02 23:55:12.326316
RTM1C48,2.66,2.65,2.67,1000000.0,1000000.0,0,0,27,2026-02-02 23:55:12.326316
RTM1P48,0.02,0.01,0.03,1000000.0,1000000.0,0,0,27,2026-02-02 23:55:12.326316
RTM1C49,1.69,1.68,1.7,1000000.0,1000000.0,0,0,27,2026-02-02 23:55:12.326316
RTM1P49,0.04,0.03,0.05,1000000.0,1000000.0,0,0,27,2026-02-02 23:55:12.326316
RTM1C50,0.85,0.84,0.86,1000000.0,1000000.0,0,0,27,2026-02-02 23:55:12.326316
RTM1P50,0.19,0.18,0.2,1000000.0,1000000.0,0,0,27,2026-02-02 23:55:12.326316
RTM1C51,0.3,0.29,0.31,1000000.0,1000000.0,0,0,27,2026-02-02 23:55:12.326316
RTM1P51,0.64,0.63,0.65,1000000.0,1000000.0,0,0,27,2026-02-02 23:55:12.326316
RTM1C52,0.08,0.07,0.09,1000000.0,1000000.0,0,0,27,2026-02-02 23:55:12.326316
RTM1P52,1.42,1.41,1.43,1000000.0,1000000.0,0,0,27,2026-02-02 23:55:12.326316
RTM1C53,0.02,0.01,0.03,1000000.0,1000000.0,0,0,27,2026-02-02 23:55:12.326316
RTM1P53,2.35,2.34,2.36,1000000.0,1000000.0,0,0,27,2026-02-02 23:55:12.326316
RTM1C54,0.02,0.01,0.03,1000000.0,1000000.0,0,0,27,2026-02-02 23:55:12.326316
RTM1P54,3.34,3.33,3.35,1000000.0,1000000.0,0,0,27,2026-02-02 23:55:12.326316
RTM,50.75,50.74,50.76,100000000.0,100000000.0,0,0,28,2026-02-02 23:55:13.374510
RTM1C45,5.75,5.74,5.76,1000000.0,1000000.0,0,0,28,2026-02-02 23:55:13.374510
RTM1P45,0.02,0.01,0.03,1000000.0,1000000.0,0,0,28,2026-02-02 23:55:13.374510
RTM1C46,4.75,4.74,4.76,1000000.0,1000000.0,0,0,28,2026-02-02 23:55:13.374510
RTM1P46,0.02,0.01,0.03,1000000.0,1000000.0,0,0,28,2026-02-02 23:55:13.374510
RTM1C47,3.75,3.74,3.76,1000000.0,1000000.0,0,0,28,2026-02-02 23:55:13.374510
RTM1P47,0.02,0.01,0.03,1000000.0,1000000.0,0,0,28,2026-02-02 23:55:13.374510
RTM1C48,2.75,2.74,2.76,1000000.0,1000000.0,0,0,28,2026-02-02 23:55:13.374510
RTM1P48,0.02,0.01,0.03,1000000.0,1000000.0,0,0,28,2026-02-02 23:55:13.374510
RTM1C49,1.79,1.78,1.8,1000000.0,1000000.0,0,0,28,2026-02-02 23:55:13.374510
RTM1P49,0.04,0.03,0.05,1000000.0,1000000.0,0,0,28,2026-02-02 23:55:13.374510
RTM1C50,0.9,0.89,0.91,1000000.0,1000000.0,0,0,28,2026-02-02 23:55:13.374510
RTM1P50,0.15,0.14,0.16,1000000.0,1000000.0,0,0,28,2026-02-02 23:55:13.374510
RTM1C51,0.34,0.33,0.35,1000000.0,1000000.0,0,0,28,2026-02-02 23:55:13.374510
RTM1P51,0.59,0.58,0.6,1000000.0,1000000.0,0,0,28,2026-02-02 23:55:13.374510
RTM1C52,0.07,0.06,0.08,1000000.0,1000000.0,0,0,28,2026-02-02 23:55:13.374510
RTM1P52,1.33,1.32,1.34,1000000.0,1000000.0,0,0,28,2026-02-02 23:55:13.374510
RTM1C53,0.02,0.01,0.03,1000000.0,1000000.0,0,0,28,2026-02-02 23:55:13.374510
RTM1P53,2.26,2.25,2.27,1000000.0,1000000.0,0,0,28,2026-02-02 23:55:13.374510
RTM1C54,0.02,0.01,0.03,1000000.0,1000000.0,0,0,28,2026-02-02 23:55:13.374510
RTM1P54,3.25,3.24,3.26,1000000.0,1000000.0,0,0,28,2026-02-02 23:55:13.374510
RTM,50.57,50.56,50.58,100000000.0,100000000.0,0,0,29,2026-02-02 23:55:14.425997
RTM1C45,5.57,5.56,5.58,1000000.0,1000000.0,0,0,29,2026-02-02 23:55:14.425997
RTM1P45,0.02,0.01,0.03,1000000.0,1000000.0,0,0,29,2026-02-02 23:55:14.425997
RTM1C46,4.57,4.56,4.58,1000000.0,1000000.0,0,0,29,2026-02-02 23:55:14.425997
RTM1P46,0.02,0.01,0.03,1000000.0,1000000.0,0,0,29,2026-02-02 23:55:14.425997
RTM1C47,3.57,3.56,3.58,1000000.0,1000000.0,0,0,29,2026-02-02 23:55:14.425997
RTM1P47,0.02,0.01,0.03,1000000.0,1000000.0,0,0,29,2026-02-02 23:55:14.425997
RTM1C48,2.57,2.56,2.58,1000000.0,1000000.0,0,0,29,2026-02-02 23:55:14.425997
RTM1P48,0.02,0.01,0.03,1000000.0,1000000.0,0,0,29,2026-02-02 23:55:14.425997
RTM1C49,1.62,1.61,1.63,1000000.0,1000000.0,0,0,29,2026-02-02 23:55:14.425997
RTM1P49,0.05,0.04,0.06,1000000.0,1000000.0,0,0,29,2026-02-02 23:55:14.425997
RTM1C50,0.77,0.76,0.78,1000000.0,1000000.0,0,0,29,2026-02-02 23:55:14.425997
RTM1P50,0.2,0.19,0.21,1000000.0,1000000.0,0,0,29,2026-02-02 23:55:14.425997
RTM1C51,0.31,0.3,0.32,1000000.0,1000000.0,0,0,29,2026-02-02 23:55:14.425997
RTM1P51,0.74,0.73,0.75,1000000.0,1000000.0,0,0,29,2026-02-02 23:55:14.425997
RTM1C52,0.06,0.05,0.07,1000000.0,1000000.0,0,0,29,2026-02-02 23:55:14.425997
RTM1P52,1.49,1.48,1.5,1000000.0,1000000.0,0,0,29,2026-02-02 23:55:14.425997
RTM1C53,0.02,0.01,0.03,1000000.0,1000000.0,0,0,29,2026-02-02 23:55:14.425997
RTM1P53,2.44,2.43,2.45,1000000.0,1000000.0,0,0,29,2026-02-02 23:55:14.425997
RTM1C54,0.02,0.01,0.03,1000000.0,1000000.0,0,0,29,2026-02-02 23:55:14.425997
RTM1P54,3.43,3.42,3.44,1000000.0,1000000.0,0,0,29,2026-02-02 23:55:14.425997
RTM,50.64,50.63,50.65,100000000.0,100000000.0,0,0,30,2026-02-02 23:55:14.991296
RTM1C45,5.64,5.63,5.65,1000000.0,1000000.0,0,0,30,2026-02-02 23:55:14.991296
RTM1P45,0.02,0.01,0.03,1000000.0,1000000.0,0,0,30,2026-02-02 23:55:14.991296
RTM1C46,4.64,4.63,4.65,1000000.0,1000000.0,0,0,30,2026-02-02 23:55:14.991296
RTM1P46,0.02,0.01,0.03,1000000.0,1000000.0,0,0,30,2026-02-02 23:55:14.991296
RTM1C47,3.64,3.63,3.65,1000000.0,1000000.0,0,0,30,2026-02-02 23:55:14.991296
RTM1P47,0.02,0.01,0.03,1000000.0,1000000.0,0,0,30,2026-02-02 23:55:14.991296
RTM1C48,2.65,2.64,2.66,1000000.0,1000000.0,0,0,30,2026-02-02 23:55:14.991296
RTM1P48,0.02,0.01,0.03,1000000.0,1000000.0,0,0,30,2026-02-02 23:55:14.991296
RTM1C49,1.68,1.67,1.69,1000000.0,1000000.0,0,0,30,2026-02-02 23:55:14.991296
RTM1P49,0.03,0.02,0.04,1000000.0,1000000.0,0,0,30,2026-02-02 23:55:14.991296
RTM1C50,0.82,0.81,0.83,1000000.0,1000000.0,0,0,30,2026-02-02 23:55:14.991296
RTM1P50,0.18,0.17,0.19,1000000.0,1000000.0,0,0,30,2026-02-02 23:55:14.991296
RTM1C51,0.31,0.3,0.32,1000000.0,1000000.0,0,0,30,2026-02-02 23:55:14.991296
RTM1P51,0.67,0.66,0.68,1000000.0,1000000.0,0,0,30,2026-02-02 23:55:14.991296
RTM1C52,0.05,0.04,0.06,1000000.0,1000000.0,0,0,30,2026-02-02 23:55:14.991296
RTM1P52,1.41,1.4,1.42,1000000.0,1000000.0,0,0,30,2026-02-02 23:55:14.991296
RTM1C53,0.02,0.01,0.03,1000000.0,1000000.0,0,0,30,2026-02-02 23:55:14.991296
RTM1P53,2.37,2.36,2.38,1000000.0,1000000.0,0,0,30,2026-02-02 23:55:14.991296
RTM1C54,0.02,0.01,0.03,1000000.0,1000000.0,0,0,30,2026-02-02 23:55:14.991296
RTM1P54,3.36,3.35,3.37,1000000.0,1000000.0,0,0,30,2026-02-02 23:55:14.991296
RTM,50.63,50.62,50.64,100000000.0,100000000.0,0,0,31,2026-02-02 23:55:16.041185
RTM1C45,5.63,5.62,5.64,1000000.0,1000000.0,0,0,31,2026-02-02 23:55:16.041185
RTM1P45,0.02,0.01,0.03,1000000.0,1000000.0,0,0,31,2026-02-02 23:55:16.041185
RTM1C46,4.63,4.62,4.64,1000000.0,1000000.0,0,0,31,2026-02-02 23:55:16.041185
RTM1P46,0.02,0.01,0.03,1000000.0,1000000.0,0,0,31,2026-02-02 23:55:16.041185
RTM1C47,3.63,3.62,3.64,1000000.0,1000000.0,0,0,31,2026-02-02 23:55:16.041185
RTM1P47,0.02,0.01,0.03,1000000.0,1000000.0,0,0,31,2026-02-02 23:55:16.041185
RTM1C48,2.64,2.63,2.65,1000000.0,1000000.0,0,0,31,2026-02-02 23:55:16.041185
RTM1P48,0.02,0.01,0.03,1000000.0,1000000.0,0,0,31,2026-02-02 23:55:16.041185
RTM1C49,1.69,1.68,1.7,1000000.0,1000000.0,0,0,31,2026-02-02 23:55:16.041185
RTM1P49,0.05,0.04,0.06,1000000.0,1000000.0,0,0,31,2026-02-02 23:55:16.041185
RTM1C50,0.85,0.84,0.86,1000000.0,1000000.0,0,0,31,2026-02-02 23:55:16.041185
RTM1P50,0.22,0.21,0.23,1000000.0,1000000.0,0,0,31,2026-02-02 23:55:16.041185
RTM1C51,0.31,0.3,0.32,1000000.0,1000000.0,0,0,31,2026-02-02 23:55:16.041185
RTM1P51,0.67,0.66,0.68,1000000.0,1000000.0,0,0,31,2026-02-02 23:55:16.041185
RTM1C52,0.05,0.04,0.06,1000000.0,1000000.0,0,0,31,2026-02-02 23:55:16.041185
RTM1P52,1.42,1.41,1.43,1000000.0,1000000.0,0,0,31,2026-02-02 23:55:16.041185
RTM1C53,0.02,0.01,0.03,1000000.0,1000000.0,0,0,31,2026-02-02 23:55:16.041185
RTM1P53,2.38,2.37,2.39,1000000.0,1000000.0,0,0,31,2026-02-02 23:55:16.041185
RTM1C54,0.02,0.01,0.03,1000000.0,1000000.0,0,0,31,2026-02-02 23:55:16.041185
RTM1P54,3.37,3.36,3.38,1000000.0,1000000.0,0,0,31,2026-02-02 23:55:16.041185
RTM,50.49,50.48,50.5,100000000.0,100000000.0,0,0,32,2026-02-02 23:55:17.097247
RTM1C45,5.49,5.48,5.5,1000000.0,1000000.0,0,0,32,2026-02-02 23:55:17.097247
RTM1P45,0.02,0.01,0.03,1000000.0,1000000.0,0,0,32,2026-02-02 23:55:17.097247
RTM1C46,4.49,4.48,4.5,1000000.0,1000000.0,0,0,32,2026-02-02 23:55:17.097247
RTM1P46,0.02,0.01,0.03,1000000.0,1000000.0,0,0,32,2026-02-02 23:55:17.097247
RTM1C47,3.49,3.48,3.5,1000000.0,1000000.0,0,0,32,2026-02-02 23:55:17.097247
RTM1P47,0.02,0.01,0.03,1000000.0,1000000.0,0,0,32,2026-02-02 23:55:17.097247
RTM1C48,2.5,2.49,2.51,1000000.0,1000000.0,0,0,32,2026-02-02 23:55:17.097247
RTM1P48,0.02,0.01,0.03,1000000.0,1000000.0,0,0,32,2026-02-02 23:55:17.097247
RTM1C49,1.55,1.54,1.56,1000000.0,1000000.0,0,0,32,2026-02-02 23:55:17.097247
RTM1P49,0.06,0.05,0.07,1000000.0,1000000.0,0,0,32,2026-02-02 23:55:17.097247
RTM1C50,0.75,0.74,0.76,1000000.0,1000000.0,0,0,32,2026-02-02 23:55:17.097247
RTM1P50,0.26,0.25,0.27,1000000.0,1000000.0,0,0,32,2026-02-02 23:55:17.097247
RTM1C51,0.27,0.26,0.28,1000000.0,1000000.0,0,0,32,2026-02-02 23:55:17.097247
RTM1P51,0.77,0.76,0.78,1000000.0,1000000.0,0,0,32,2026-02-02 23:55:17.097247
RTM1C52,0.06,0.05,0.07,1000000.0,1000000.0,0,0,32,2026-02-02 23:55:17.097247
RTM1P52,1.56,1.55,1.57,1000000.0,1000000.0,0,0,32,2026-02-02 23:55:17.097247
RTM1C53,0.02,0.01,0.03,1000000.0,1000000.0,0,0,32,2026-02-02 23:55:17.097247
RTM1P53,2.51,2.5,2.52,1000000.0,1000000.0,0,0,32,2026-02-02 23:55:17.097247
RTM1C54,0.02,0.01,0.03,1000000.0,1000000.0,0,0,32,2026-02-02 23:55:17.097247
RTM1P54,3.51,3.5,3.52,1000000.0,1000000.0,0,0,32,2026-02-02 23:55:17.097247
RTM,50.57,50.56,50.58,100000000.0,100000000.0,0,0,33,2026-02-02 23:55:18.166424
RTM1C45,5.57,5.56,5.58,1000000.0,1000000.0,0,0,33,2026-02-02 23:55:18.166424
RTM1P45,0.02,0.01,0.03,1000000.0,1000000.0,0,0,33,2026-02-02 23:55:18.166424
RTM1C46,4.57,4.56,4.58,1000000.0,1000000.0,0,0,33,2026-02-02 23:55:18.166424
RTM1P46,0.02,0.01,0.03,1000000.0,1000000.0,0,0,33,2026-02-02 23:55:18.166424
RTM1C47,3.57,3.56,3.58,1000000.0,1000000.0,0,0,33,2026-02-02 23:55:18.166424
RTM1P47,0.02,0.01,0.03,1000000.0,1000000.0,0,0,33,2026-02-02 23:55:18.166424
RTM1C48,2.58,2.57,2.59,1000000.0,1000000.0,0,0,33,2026-02-02 23:55:18.166424
RTM1P48,0.02,0.01,0.03,1000000.0,1000000.0,0,0,33,2026-02-02 23:55:18.166424
RTM1C49,1.62,1.61,1.63,1000000.0,1000000.0,0,0,33,2026-02-02 23:55:18.166424
RTM1P49,0.05,0.04,0.06,1000000.0,1000000.0,0,0,33,2026-02-02 23:55:18.166424
RTM1C50,0.81,0.8,0.82,1000000.0,1000000.0,0,0,33,2026-02-02 23:55:18.166424
RTM1P50,0.23,0.22,0.24,1000000.0,1000000.0,0,0,33,2026-02-02 23:55:18.166424
RTM1C51,0.31,0.3,0.32,1000000.0,1000000.0,0,0,33,2026-02-02 23:55:18.166424
RTM1P51,0.74,0.73,0.75,1000000.0,1000000.0,0,0,33,2026-02-02 23:55:18.166424
RTM1C52,0.07,0.06,0.08,1000000.0,1000000.0,0,0,33,2026-02-02 23:55:18.166424
RTM1P52,1.5,1.49,1.51,1000000.0,1000000.0,0,0,33,2026-02-02 23:55:18.166424
RTM1C53,0.02,0.01,0.03,1000000.0,1000000.0,0,0,33,2026-02-02 23:55:18.166424
RTM1P53,2.44,2.43,2.45,1000000.0,1000000.0,0,0,33,2026-02-02 23:55:18.166424
RTM1C54,0.02,0.01,0.03,1000000.0,1000000.0,0,0,33,2026-02-02 23:55:18.166424
RTM1P54,3.43,3.42,3.44,1000000.0,1000000.0,0,0,33,2026-02-02 23:55:18.166424
RTM,50.58,50.57,50.59,100000000.0,100000000.0,0,0,34,2026-02-02 23:55:19.228141
RTM1C45,5.58,5.57,5.59,1000000.0,1000000.0,0,0,34,2026-02-02 23:55:19.228141
RTM1P45,0.02,0.01,0.03,1000000.0,1000000.0,0,0,34,2026-02-02 23:55:19.228141
RTM1C46,4.58,4.57,4.59,1000000.0,1000000.0,0,0,34,2026-02-02 23:55:19.228141
RTM1P46,0.02,0.01,0.03,1000000.0,1000000.0,0,0,34,2026-02-02 23:55:19.228141
RTM1C47,3.58,3.57,3.59,1000000.0,1000000.0,0,0,34,2026-02-02 23:55:19.228141
RTM1P47,0.02,0.01,0.03,1000000.0,1000000.0,0,0,34,2026-02-02 23:55:19.228141
RTM1C48,2.58,2.57,2.59,1000000.0,1000000.0,0,0,34,2026-02-02 23:55:19.228141
RTM1P48,0.02,0.01,0.03,1000000.0,1000000.0,0,0,34,2026-02-02 23:55:19.228141
RTM1C49,1.64,1.63,1.65,1000000.0,1000000.0,0,0,34,2026-02-02 23:55:19.228141
RTM1P49,0.06,0.05,0.07,1000000.0,1000000.0,0,0,34,2026-02-02 23:55:19.228141
RTM1C50,0.83,0.82,0.84,1000000.0,1000000.0,0,0,34,2026-02-02 23:55:19.228141
RTM1P50,0.25,0.24,0.26,1000000.0,1000000.0,0,0,34,2026-02-02 23:55:19.228141
RTM1C51,0.31,0.3,0.32,1000000.0,1000000.0,0,0,34,2026-02-02 23:55:19.228141
RTM1P51,0.73,0.72,0.74,1000000.0,1000000.0,0,0,34,2026-02-02 23:55:19.228141
RTM1C52,0.08,0.07,0.09,1000000.0,1000000.0,0,0,34,2026-02-02 23:55:19.228141
RTM1P52,1.5,1.49,1.51,1000000.0,1000000.0,0,0,34,2026-02-02 23:55:19.228141
RTM1C53,0.02,0.01,0.03,1000000.0,1000000.0,0,0,34,2026-02-02 23:55:19.228141
RTM1P53,2.44,2.43,2.45,1000000.0,1000000.0,0,0,34,2026-02-02 23:55:19.228141
RTM1C54,0.02,0.01,0.03,1000000.0,1000000.0,0,0,34,2026-02-02 23:55:19.228141
RTM1P54,3.42,3.41,3.43,1000000.0,1000000.0,0,0,34,2026-02-02 23:55:19.228141
RTM,50.67,50.66,50.68,100000000.0,100000000.0,0,0,35,2026-02-02 23:55:20.290019
RTM1C45,5.67,5.66,5.68,1000000.0,1000000.0,0,0,35,2026-02-02 23:55:20.290019
RTM1P45,0.02,0.01,0.03,1000000.0,1000000.0,0,0,35,2026-02-02 23:55:20.290019
RTM1C46,4.67,4.66,4.68,1000000.0,1000000.0,0,0,35,2026-02-02 23:55:20.290019
RTM1P46,0.02,0.01,0.03,1000000.0,1000000.0,0,0,35,2026-02-02 23:55:20.290019
RTM1C47,3.67,3.66,3.68,1000000.0,1000000.0,0,0,35,2026-02-02 23:55:20.290019
RTM1P47,0.02,0.01,0.03,1000000.0,1000000.0,0,0,35,2026-02-02 23:55:20.290019
RTM1C48,2.67,2.66,2.68,1000000.0,1000000.0,0,0,35,2026-02-02 23:55:20.290019
RTM1P48,0.02,0.01,0.03,1000000.0,1000000.0,0,0,35,2026-02-02 23:55:20.290019
RTM1C49,1.7,1.69,1.71,1000000.0,1000000.0,0,0,35,2026-02-02 23:55:20.290019
RTM1P49,0.04,0.03,0.05,1000000.0,1000000.0,0,0,35,2026-02-02 23:55:20.290019
RTM1C50,0.87,0.86,0.88,1000000.0,1000000.0,0,0,35,2026-02-02 23:55:20.290019
RTM1P50,0.2,0.19,0.21,1000000.0,1000000.0,0,0,35,2026-02-02 23:55:20.290019
RTM1C51,0.33,0.32,0.34,1000000.0,1000000.0,0,0,35,2026-02-02 23:55:20.290019
RTM1P51,0.66,0.65,0.67,1000000.0,1000000.0,0,0,35,2026-02-02 23:55:20.290019
RTM1C52,0.08,0.07,0.09,1000000.0,1000000.0,0,0,35,2026-02-02 23:55:20.290019
RTM1P52,1.42,1.41,1.43,1000000.0,1000000.0,0,0,35,2026-02-02 23:55:20.290019
RTM1C53,0.02,0.01,0.03,1000000.0,1000000.0,0,0,35,2026-02-02 23:55:20.290019
RTM1P53,2.35,2.34,2.36,1000000.0,1000000.0,0,0,35,2026-02-02 23:55:20.290019
RTM1C54,0.02,0.01,0.03,1000000.0,1000000.0,0,0,35,2026-02-02 23:55:20.290019
RTM1P54,3.34,3.33,3.35,1000000.0,1000000.0,0,0,35,2026-02-02 23:55:20.290019
RTM,50.67,50.66,50.68,100000000.0,100000000.0,,0,36,2026-02-02 23:55:21.341708,3.0,1.0,35.0,,News 1,The analysts have informed you that the realized volatility of RTM next week will be between 16% and 21%
RTM1C45,5.67,5.66,5.68,1000000.0,1000000.0,,0,36,2026-02-02 23:55:21.341708,,,,,,
RTM1P45,0.02,0.01,0.03,1000000.0,1000000.0,,0,36,2026-02-02 23:55:21.341708,,,,,,
RTM1C46,4.67,4.66,4.68,1000000.0,1000000.0,,0,36,2026-02-02 23:55:21.341708,,,,,,
RTM1P46,0.02,0.01,0.03,1000000.0,1000000.0,,0,36,2026-02-02 23:55:21.341708,,,,,,
RTM1C47,3.67,3.66,3.68,1000000.0,1000000.0,,0,36,2026-02-02 23:55:21.341708,,,,,,
RTM1P47,0.02,0.01,0.03,1000000.0,1000000.0,,0,36,2026-02-02 23:55:21.341708,,,,,,
RTM1C48,2.67,2.66,2.68,1000000.0,1000000.0,,0,36,2026-02-02 23:55:21.341708,,,,,,
RTM1P48,0.02,0.01,0.03,1000000.0,1000000.0,,0,36,2026-02-02 23:55:21.341708,,,,,,
RTM1C49,1.71,1.7,1.72,1000000.0,1000000.0,,0,36,2026-02-02 23:55:21.341708,,,,,,
RTM1P49,0.04,0.03,0.05,1000000.0,1000000.0,,0,36,2026-02-02 23:55:21.341708,,,,,,
RTM1C50,0.9,0.89,0.91,1000000.0,1000000.0,,0,36,2026-02-02 23:55:21.341708,,,,,,
RTM1P50,0.23,0.22,0.24,1000000.0,1000000.0,,0,36,2026-02-02 23:55:21.341708,,,,,,
RTM1C51,0.35,0.34,0.36,1000000.0,1000000.0,36.0,0,36,2026-02-02 23:55:21.341708,,,,,,
RTM1P51,0.68,0.67,0.69,1000000.0,1000000.0,36.0,0,36,2026-02-02 23:55:21.341708,,,,,,
RTM1C52,0.09,0.08,0.1,1000000.0,1000000.0,,0,36,2026-02-02 23:55:21.341708,,,,,,
RTM1P52,1.42,1.41,1.43,1000000.0,1000000.0,,0,36,2026-02-02 23:55:21.341708,,,,,,
RTM1C53,0.02,0.01,0.03,1000000.0,1000000.0,,0,36,2026-02-02 23:55:21.341708,,,,,,
RTM1P53,2.35,2.34,2.36,1000000.0,1000000.0,,0,36,2026-02-02 23:55:21.341708,,,,,,
RTM1C54,0.02,0.01,0.03,1000000.0,1000000.0,,0,36,2026-02-02 23:55:21.341708,,,,,,
RTM1P54,3.33,3.32,3.34,1000000.0,1000000.0,,0,36,2026-02-02 23:55:21.341708,,,,,,
RTM,50.63,50.62,50.64,100000000.0,100000000.0,,0,37,2026-02-02 23:55:22.414478
RTM1C45,5.63,5.62,5.64,1000000.0,1000000.0,,0,37,2026-02-02 23:55:22.414478
RTM1P45,0.02,0.01,0.03,1000000.0,1000000.0,,0,37,2026-02-02 23:55:22.414478
RTM1C46,4.63,4.62,4.64,1000000.0,1000000.0,,0,37,2026-02-02 23:55:22.414478
RTM1P46,0.02,0.01,0.03,1000000.0,1000000.0,,0,37,2026-02-02 23:55:22.414478
RTM1C47,3.63,3.62,3.64,1000000.0,1000000.0,,0,37,2026-02-02 23:55:22.414478
RTM1P47,0.02,0.01,0.03,1000000.0,1000000.0,,0,37,2026-02-02 23:55:22.414478
RTM1C48,2.63,2.62,2.64,1000000.0,1000000.0,,0,37,2026-02-02 23:55:22.414478
RTM1P48,0.02,0.01,0.03,1000000.0,1000000.0,,0,37,2026-02-02 23:55:22.414478
RTM1C49,1.67,1.66,1.68,1000000.0,1000000.0,,0,37,2026-02-02 23:55:22.414478
RTM1P49,0.04,0.03,0.05,1000000.0,1000000.0,,0,37,2026-02-02 23:55:22.414478
RTM1C50,0.87,0.86,0.88,1000000.0,1000000.0,,0,37,2026-02-02 23:55:22.414478
RTM1P50,0.23,0.22,0.24,1000000.0,1000000.0,,0,37,2026-02-02 23:55:22.414478
RTM1C51,0.32,0.3,0.32,1000000.0,1000000.0,,0,37,2026-02-02 23:55:22.414478
RTM1P51,0.69,0.67,0.69,1000000.0,1000000.0,36.0,0,37,2026-02-02 23:55:22.414478
RTM1C52,0.09,0.08,0.1,1000000.0,1000000.0,,0,37,2026-02-02 23:55:22.414478
RTM1P52,1.46,1.45,1.47,1000000.0,1000000.0,,0,37,2026-02-02 23:55:22.414478
RTM1C53,0.02,0.01,0.03,1000000.0,1000000.0,,0,37,2026-02-02 23:55:22.414478
RTM1P53,2.38,2.37,2.39,1000000.0,1000000.0,,0,37,2026-02-02 23:55:22.414478
RTM1C54,0.02,0.01,0.03,1000000.0,1000000.0,,0,37,2026-02-02 23:55:22.414478
RTM1P54,3.37,3.36,3.38,1000000.0,1000000.0,,0,37,2026-02-02 23:55:22.414478
RTM,50.61,50.6,50.62,100000000.0,100000000.0,0,0,38,2026-02-02 23:55:23.475961
RTM1C45,5.61,5.6,5.62,1000000.0,1000000.0,0,0,38,2026-02-02 23:55:23.475961
RTM1P45,0.02,0.01,0.03,1000000.0,1000000.0,0,0,38,2026-02-02 23:55:23.475961
RTM1C46,4.61,4.6,4.62,1000000.0,1000000.0,0,0,38,2026-02-02 23:55:23.475961
RTM1P46,0.02,0.01,0.03,1000000.0,1000000.0,0,0,38,2026-02-02 23:55:23.475961
RTM1C47,3.61,3.6,3.62,1000000.0,1000000.0,0,0,38,2026-02-02 23:55:23.475961
RTM1P47,0.02,0.01,0.03,1000000.0,1000000.0,0,0,38,2026-02-02 23:55:23.475961
RTM1C48,2.62,2.61,2.63,1000000.0,1000000.0,0,0,38,2026-02-02 23:55:23.475961
RTM1P48,0.02,0.01,0.03,1000000.0,1000000.0,0,0,38,2026-02-02 23:55:23.475961
RTM1C49,1.65,1.65,1.67,1000000.0,1000000.0,0,0,38,2026-02-02 23:55:23.475961
RTM1P49,0.04,0.04,0.06,1000000.0,1000000.0,0,0,38,2026-02-02 23:55:23.475961
RTM1C50,0.83,0.83,0.85,1000000.0,1000000.0,0,0,38,2026-02-02 23:55:23.475961
RTM1P50,0.23,0.22,0.24,1000000.0,1000000.0,0,0,38,2026-02-02 23:55:23.475961
RTM1C51,0.32,0.3,0.32,1000000.0,1000000.0,0,0,38,2026-02-02 23:55:23.475961
RTM1P51,0.7,0.68,0.7,1000000.0,1000000.0,0,0,38,2026-02-02 23:55:23.475961
RTM1C52,0.06,0.06,0.08,1000000.0,1000000.0,0,0,38,2026-02-02 23:55:23.475961
RTM1P52,1.45,1.45,1.47,1000000.0,1000000.0,0,0,38,2026-02-02 23:55:23.475961
RTM1C53,0.02,0.01,0.03,1000000.0,1000000.0,0,0,38,2026-02-02 23:55:23.475961
RTM1P53,2.4,2.39,2.41,1000000.0,1000000.0,0,0,38,2026-02-02 23:55:23.475961
RTM1C54,0.02,0.01,0.03,1000000.0,1000000.0,0,0,38,2026-02-02 23:55:23.475961
RTM1P54,3.39,3.38,3.4,1000000.0,1000000.0,0,0,38,2026-02-02 23:55:23.475961
RTM,50.62,50.61,50.63,100000000.0,100000000.0,0,0,39,2026-02-02 23:55:24.048953
RTM1C45,5.62,5.61,5.63,1000000.0,1000000.0,0,0,39,2026-02-02 23:55:24.048953
RTM1P45,0.02,0.01,0.03,1000000.0,1000000.0,0,0,39,2026-02-02 23:55:24.048953
RTM1C46,4.62,4.61,4.63,1000000.0,1000000.0,0,0,39,2026-02-02 23:55:24.048953
RTM1P46,0.02,0.01,0.03,1000000.0,1000000.0,0,0,39,2026-02-02 23:55:24.048953
RTM1C47,3.62,3.61,3.63,1000000.0,1000000.0,0,0,39,2026-02-02 23:55:24.048953
RTM1P47,0.02,0.01,0.03,1000000.0,1000000.0,0,0,39,2026-02-02 23:55:24.048953
RTM1C48,2.62,2.61,2.63,1000000.0,1000000.0,0,0,39,2026-02-02 23:55:24.048953
RTM1P48,0.02,0.01,0.03,1000000.0,1000000.0,0,0,39,2026-02-02 23:55:24.048953
RTM1C49,1.66,1.65,1.67,1000000.0,1000000.0,0,0,39,2026-02-02 23:55:24.048953
RTM1P49,0.05,0.04,0.06,1000000.0,1000000.0,0,0,39,2026-02-02 23:55:24.048953
RTM1C50,0.84,0.83,0.85,1000000.0,1000000.0,0,0,39,2026-02-02 23:55:24.048953
RTM1P50,0.22,0.21,0.23,1000000.0,1000000.0,0,0,39,2026-02-02 23:55:24.048953
RTM1C51,0.31,0.3,0.32,1000000.0,1000000.0,0,0,39,2026-02-02 23:55:24.048953
RTM1P51,0.69,0.68,0.7,1000000.0,1000000.0,0,0,39,2026-02-02 23:55:24.048953
RTM1C52,0.09,0.08,0.1,1000000.0,1000000.0,0,0,39,2026-02-02 23:55:24.048953
RTM1P52,1.47,1.46,1.48,1000000.0,1000000.0,0,0,39,2026-02-02 23:55:24.048953
RTM1C53,0.02,0.01,0.03,1000000.0,1000000.0,0,0,39,2026-02-02 23:55:24.048953
RTM1P53,2.4,2.39,2.41,1000000.0,1000000.0,0,0,39,2026-02-02 23:55:24.048953
RTM1C54,0.02,0.01,0.03,1000000.0,1000000.0,0,0,39,2026-02-02 23:55:24.048953
RTM1P54,3.39,3.38,3.4,1000000.0,1000000.0,0,0,39,2026-02-02 23:55:24.048953
RTM,50.46,50.45,50.47,100000000.0,100000000.0,0,0,40,2026-02-02 23:55:25.110252
RTM1C45,5.46,5.45,5.47,1000000.0,1000000.0,0,0,40,2026-02-02 23:55:25.110252
RTM1P45,0.02,0.01,0.03,1000000.0,1000000.0,0,0,40,2026-02-02 23:55:25.110252
RTM1C46,4.46,4.45,4.47,1000000.0,1000000.0,0,0,40,2026-02-02 23:55:25.110252
RTM1P46,0.02,0.01,0.03,1000000.0,1000000.0,0,0,40,2026-02-02 23:55:25.110252
RTM1C47,3.46,3.45,3.47,1000000.0,1000000.0,0,0,40,2026-02-02 23:55:25.110252
RTM1P47,0.02,0.01,0.03,1000000.0,1000000.0,0,0,40,2026-02-02 23:55:25.110252
RTM1C48,2.47,2.46,2.48,1000000.0,1000000.0,0,0,40,2026-02-02 23:55:25.110252
RTM1P48,0.02,0.01,0.03,1000000.0,1000000.0,0,0,40,2026-02-02 23:55:25.110252
RTM1C49,1.53,1.52,1.54,1000000.0,1000000.0,0,0,40,2026-02-02 23:55:25.110252
RTM1P49,0.07,0.06,0.08,1000000.0,1000000.0,0,0,40,2026-02-02 23:55:25.110252
RTM1C50,0.76,0.75,0.77,1000000.0,1000000.0,0,0,40,2026-02-02 23:55:25.110252
RTM1P50,0.3,0.29,0.31,1000000.0,1000000.0,0,0,40,2026-02-02 23:55:25.110252
RTM1C51,0.28,0.27,0.29,1000000.0,1000000.0,0,0,40,2026-02-02 23:55:25.110252
RTM1P51,0.82,0.81,0.83,1000000.0,1000000.0,0,0,40,2026-02-02 23:55:25.110252
RTM1C52,0.07,0.06,0.08,1000000.0,1000000.0,0,0,40,2026-02-02 23:55:25.110252
RTM1P52,1.61,1.6,1.62,1000000.0,1000000.0,0,0,40,2026-02-02 23:55:25.110252
RTM1C53,0.02,0.01,0.03,1000000.0,1000000.0,0,0,40,2026-02-02 23:55:25.110252
RTM1P53,2.55,2.54,2.56,1000000.0,1000000.0,0,0,40,2026-02-02 23:55:25.110252
RTM1C54,0.02,0.01,0.03,1000000.0,1000000.0,0,0,40,2026-02-02 23:55:25.110252
RTM1P54,3.54,3.53,3.55,1000000.0,1000000.0,0,0,40,2026-02-02 23:55:25.110252
RTM,50.5,50.49,50.51,100000000.0,100000000.0,0,0,41,2026-02-02 23:55:26.191
RTM1C45,5.5,5.49,5.51,1000000.0,1000000.0,0,0,41,2026-02-02 23:55:26.191
RTM1P45,0.02,0.01,0.03,1000000.0,1000000.0,0,0,41,2026-02-02 23:55:26.191
RTM1C46,4.5,4.49,4.51,1000000.0,1000000.0,0,0,41,2026-02-02 23:55:26.191
RTM1P46,0.02,0.01,0.03,1000000.0,1000000.0,0,0,41,2026-02-02 23:55:26.191
RTM1C47,3.5,3.49,3.51,1000000.0,1000000.0,0,0,41,2026-02-02 23:55:26.191
RTM1P47,0.02,0.01,0.03,1000000.0,1000000.0,0,0,41,2026-02-02 23:55:26.191
RTM1C48,2.51,2.5,2.52,1000000.0,1000000.0,0,0,41,2026-02-02 23:55:26.191
RTM1P48,0.02,0.01,0.03,1000000.0,1000000.0,0,0,41,2026-02-02 23:55:26.191
RTM1C49,1.57,1.56,1.58,1000000.0,1000000.0,0,0,41,2026-02-02 23:55:26.191
RTM1P49,0.07,0.06,0.08,1000000.0,1000000.0,0,0,41,2026-02-02 23:55:26.191
RTM1C50,0.78,0.77,0.79,1000000.0,1000000.0,0,0,41,2026-02-02 23:55:26.191
RTM1P50,0.28,0.27,0.29,1000000.0,1000000.0,0,0,41,2026-02-02 23:55:26.191
RTM1C51,0.29,0.28,0.3,1000000.0,1000000.0,0,0,41,2026-02-02 23:55:26.191
RTM1P51,0.79,0.78,0.8,1000000.0,1000000.0,0,0,41,2026-02-02 23:55:26.191
RTM1C52,0.07,0.06,0.08,1000000.0,1000000.0,0,0,41,2026-02-02 23:55:26.191
RTM1P52,1.58,1.57,1.59,1000000.0,1000000.0,0,0,41,2026-02-02 23:55:26.191
RTM1C53,0.02,0.01,0.03,1000000.0,1000000.0,0,0,41,2026-02-02 23:55:26.191
RTM1P53,2.51,2.5,2.52,1000000.0,1000000.0,0,0,41,2026-02-02 23:55:26.191
RTM1C54,0.02,0.01,0.03,1000000.0,1000000.0,0,0,41,2026-02-02 23:55:26.191
RTM1P54,3.5,3.49,3.51,1000000.0,1000000.0,0,0,41,2026-02-02 23:55:26.191
RTM,50.41,50.4,50.42,100000000.0,100000000.0,0,0,42,2026-02-02 23:55:27.261076
RTM1C45,5.41,5.4,5.42,1000000.0,1000000.0,0,0,42,2026-02-02 23:55:27.261076
RTM1P45,0.02,0.01,0.03,1000000.0,1000000.0,0,0,42,2026-02-02 23:55:27.261076
RTM1C46,4.41,4.4,4.42,1000000.0,1000000.0,0,0,42,2026-02-02 23:55:27.261076
RTM1P46,0.02,0.01,0.03,1000000.0,1000000.0,0,0,42,2026-02-02 23:55:27.261076
RTM1C47,3.41,3.4,3.42,1000000.0,1000000.0,0,0,42,2026-02-02 23:55:27.261076
RTM1P47,0.02,0.01,0.03,1000000.0,1000000.0,0,0,42,2026-02-02 23:55:27.261076
RTM1C48,2.42,2.41,2.43,1000000.0,1000000.0,0,0,42,2026-02-02 23:55:27.261076
RTM1P48,0.02,0.01,0.03,1000000.0,1000000.0,0,0,42,2026-02-02 23:55:27.261076
RTM1C49,1.48,1.47,1.49,1000000.0,1000000.0,0,0,42,2026-02-02 23:55:27.261076
RTM1P49,0.07,0.06,0.08,1000000.0,1000000.0,0,0,42,2026-02-02 23:55:27.261076
RTM1C50,0.72,0.71,0.73,1000000.0,1000000.0,0,0,42,2026-02-02 23:55:27.261076
RTM1P50,0.31,0.3,0.32,1000000.0,1000000.0,0,0,42,2026-02-02 23:55:27.261076
RTM1C51,0.24,0.23,0.25,1000000.0,1000000.0,0,0,42,2026-02-02 23:55:27.261076
RTM1P51,0.83,0.82,0.84,1000000.0,1000000.0,0,0,42,2026-02-02 23:55:27.261076
RTM1C52,0.07,0.06,0.08,1000000.0,1000000.0,0,0,42,2026-02-02 23:55:27.261076
RTM1P52,1.66,1.65,1.67,1000000.0,1000000.0,0,0,42,2026-02-02 23:55:27.261076
RTM1C53,0.02,0.01,0.03,1000000.0,1000000.0,0,0,42,2026-02-02 23:55:27.261076
RTM1P53,2.6,2.59,2.61,1000000.0,1000000.0,0,0,42,2026-02-02 23:55:27.261076
RTM1C54,0.02,0.01,0.03,1000000.0,1000000.0,0,0,42,2026-02-02 23:55:27.261076
RTM1P54,3.59,3.58,3.6,1000000.0,1000000.0,0,0,42,2026-02-02 23:55:27.261076
RTM,50.33,50.32,50.34,100000000.0,100000000.0,0,0,43,2026-02-02 23:55:28.322568
RTM1C45,5.33,5.32,5.34,1000000.0,1000000.0,0,0,43,2026-02-02 23:55:28.322568
RTM1P45,0.02,0.01,0.03,1000000.0,1000000.0,0,0,43,2026-02-02 23:55:28.322568
RTM1C46,4.33,4.32,4.34,1000000.0,1000000.0,0,0,43,2026-02-02 23:55:28.322568
RTM1P46,0.02,0.01,0.03,1000000.0,1000000.0,0,0,43,2026-02-02 23:55:28.322568
RTM1C47,3.33,3.32,3.34,1000000.0,1000000.0,0,0,43,2026-02-02 23:55:28.322568
RTM1P47,0.02,0.01,0.03,1000000.0,1000000.0,0,0,43,2026-02-02 23:55:28.322568
RTM1C48,2.34,2.33,2.35,1000000.0,1000000.0,0,0,43,2026-02-02 23:55:28.322568
RTM1P48,0.02,0.01,0.03,1000000.0,1000000.0,0,0,43,2026-02-02 23:55:28.322568
RTM1C49,1.42,1.4,1.42,1000000.0,1000000.0,0,0,43,2026-02-02 23:55:28.322568
RTM1P49,0.1,0.08,0.1,1000000.0,1000000.0,0,0,43,2026-02-02 23:55:28.322568
RTM1C50,0.68,0.66,0.68,1000000.0,1000000.0,0,0,43,2026-02-02 23:55:28.322568
RTM1P50,0.36,0.34,0.36,1000000.0,1000000.0,0,0,43,2026-02-02 23:55:28.322568
RTM1C51,0.23,0.21,0.23,1000000.0,1000000.0,0,0,43,2026-02-02 23:55:28.322568
RTM1P51,0.9,0.89,0.91,1000000.0,1000000.0,0,0,43,2026-02-02 23:55:28.322568
RTM1C52,0.06,0.05,0.07,1000000.0,1000000.0,0,0,43,2026-02-02 23:55:28.322568
RTM1P52,1.73,1.72,1.74,1000000.0,1000000.0,0,0,43,2026-02-02 23:55:28.322568
RTM1C53,0.02,0.01,0.03,1000000.0,1000000.0,0,0,43,2026-02-02 23:55:28.322568
RTM1P53,2.68,2.67,2.69,1000000.0,1000000.0,0,0,43,2026-02-02 23:55:28.322568
RTM1C54,0.02,0.01,0.03,1000000.0,1000000.0,0,0,43,2026-02-02 23:55:28.322568
RTM1P54,3.67,3.66,3.68,1000000.0,1000000.0,0,0,43,2026-02-02 23:55:28.322568
RTM,50.26,50.25,50.27,100000000.0,100000000.0,0,0,44,2026-02-02 23:55:29.372230
RTM1C45,5.26,5.25,5.27,1000000.0,1000000.0,0,0,44,2026-02-02 23:55:29.372230
RTM1P45,0.02,0.01,0.03,1000000.0,1000000.0,0,0,44,2026-02-02 23:55:29.372230
RTM1C46,4.26,4.25,4.27,1000000.0,1000000.0,0,0,44,2026-02-02 23:55:29.372230
RTM1P46,0.02,0.01,0.03,1000000.0,1000000.0,0,0,44,2026-02-02 23:55:29.372230
RTM1C47,3.26,3.25,3.27,1000000.0,1000000.0,0,0,44,2026-02-02 23:55:29.372230
RTM1P47,0.02,0.01,0.03,1000000.0,1000000.0,0,0,44,2026-02-02 23:55:29.372230
RTM1C48,2.27,2.26,2.28,1000000.0,1000000.0,0,0,44,2026-02-02 23:55:29.372230
RTM1P48,0.02,0.01,0.03,1000000.0,1000000.0,0,0,44,2026-02-02 23:55:29.372230
RTM1C49,1.35,1.34,1.36,1000000.0,1000000.0,0,0,44,2026-02-02 23:55:29.372230
RTM1P49,0.1,0.09,0.11,1000000.0,1000000.0,0,0,44,2026-02-02 23:55:29.372230
RTM1C50,0.62,0.61,0.63,1000000.0,1000000.0,0,0,44,2026-02-02 23:55:29.372230
RTM1P50,0.37,0.36,0.38,1000000.0,1000000.0,0,0,44,2026-02-02 23:55:29.372230
RTM1C51,0.22,0.21,0.23,1000000.0,1000000.0,0,0,44,2026-02-02 23:55:29.372230
RTM1P51,0.96,0.95,0.97,1000000.0,1000000.0,0,0,44,2026-02-02 23:55:29.372230
RTM1C52,0.05,0.04,0.06,1000000.0,1000000.0,0,0,44,2026-02-02 23:55:29.372230
RTM1P52,1.79,1.78,1.8,1000000.0,1000000.0,0,0,44,2026-02-02 23:55:29.372230
RTM1C53,0.02,0.01,0.03,1000000.0,1000000.0,0,0,44,2026-02-02 23:55:29.372230
RTM1P53,2.75,2.74,2.76,1000000.0,1000000.0,0,0,44,2026-02-02 23:55:29.372230
RTM1C54,0.02,0.01,0.03,1000000.0,1000000.0,0,0,44,2026-02-02 23:55:29.372230
RTM1P54,3.74,3.73,3.75,1000000.0,1000000.0,0,0,44,2026-02-02 23:55:29.372230
RTM,50.26,50.25,50.27,100000000.0,100000000.0,0,0,45,2026-02-02 23:55:30.431660
RTM1C45,5.26,5.25,5.27,1000000.0,1000000.0,0,0,45,2026-02-02 23:55:30.431660
RTM1P45,0.02,0.01,0.03,1000000.0,1000000.0,0,0,45,2026-02-02 23:55:30.431660
RTM1C46,4.26,4.25,4.27,1000000.0,1000000.0,0,0,45,2026-02-02 23:55:30.431660
RTM1P46,0.02,0.01,0.03,1000000.0,1000000.0,0,0,45,2026-02-02 23:55:30.431660
RTM1C47,3.26,3.25,3.27,1000000.0,1000000.0,0,0,45,2026-02-02 23:55:30.431660
RTM1P47,0.02,0.01,0.03,1000000.0,1000000.0,0,0,45,2026-02-02 23:55:30.431660
RTM1C48,2.27,2.26,2.28,1000000.0,1000000.0,0,0,45,2026-02-02 23:55:30.431660
RTM1P48,0.02,0.01,0.03,1000000.0,1000000.0,0,0,45,2026-02-02 23:55:30.431660
RTM1C49,1.35,1.34,1.36,1000000.0,1000000.0,0,0,45,2026-02-02 23:55:30.431660
RTM1P49,0.09,0.08,0.1,1000000.0,1000000.0,0,0,45,2026-02-02 23:55:30.431660
RTM1C50,0.63,0.62,0.64,1000000.0,1000000.0,0,0,45,2026-02-02 23:55:30.431660
RTM1P50,0.37,0.36,0.38,1000000.0,1000000.0,0,0,45,2026-02-02 23:55:30.431660
RTM1C51,0.22,0.21,0.23,1000000.0,1000000.0,0,0,45,2026-02-02 23:55:30.431660
RTM1P51,0.96,0.95,0.97,1000000.0,1000000.0,0,0,45,2026-02-02 23:55:30.431660
RTM1C52,0.05,0.04,0.06,1000000.0,1000000.0,0,0,45,2026-02-02 23:55:30.431660
RTM1P52,1.79,1.78,1.8,1000000.0,1000000.0,0,0,45,2026-02-02 23:55:30.431660
RTM1C53,0.02,0.01,0.03,1000000.0,1000000.0,0,0,45,2026-02-02 23:55:30.431660
RTM1P53,2.75,2.74,2.76,1000000.0,1000000.0,0,0,45,2026-02-02 23:55:30.431660
RTM1C54,0.02,0.01,0.03,1000000.0,1000000.0,0,0,45,2026-02-02 23:55:30.431660
RTM1P54,3.74,3.73,3.75,1000000.0,1000000.0,0,0,45,2026-02-02 23:55:30.431660
RTM,50.25,50.24,50.26,100000000.0,100000000.0,0,0,46,2026-02-02 23:55:31.497940
RTM1C45,5.25,5.24,5.26,1000000.0,1000000.0,0,0,46,2026-02-02 23:55:31.497940
RTM1P45,0.02,0.01,0.03,1000000.0,1000000.0,0,0,46,2026-02-02 23:55:31.497940
RTM1C46,4.25,4.24,4.26,1000000.0,1000000.0,0,0,46,2026-02-02 23:55:31.497940
RTM1P46,0.02,0.01,0.03,1000000.0,1000000.0,0,0,46,2026-02-02 23:55:31.497940
RTM1C47,3.25,3.24,3.26,1000000.0,1000000.0,0,0,46,2026-02-02 23:55:31.497940
RTM1P47,0.02,0.01,0.03,1000000.0,1000000.0,0,0,46,2026-02-02 23:55:31.497940
RTM1C48,2.26,2.25,2.27,1000000.0,1000000.0,0,0,46,2026-02-02 23:55:31.497940
RTM1P48,0.02,0.01,0.03,1000000.0,1000000.0,0,0,46,2026-02-02 23:55:31.497940
RTM1C49,1.35,1.34,1.36,1000000.0,1000000.0,0,0,46,2026-02-02 23:55:31.497940
RTM1P49,0.1,0.09,0.11,1000000.0,1000000.0,0,0,46,2026-02-02 23:55:31.497940
RTM1C50,0.63,0.62,0.64,1000000.0,1000000.0,0,0,46,2026-02-02 23:55:31.497940
RTM1P50,0.38,0.37,0.39,1000000.0,1000000.0,0,0,46,2026-02-02 23:55:31.497940
RTM1C51,0.22,0.21,0.23,1000000.0,1000000.0,0,0,46,2026-02-02 23:55:31.497940
RTM1P51,0.97,0.96,0.98,1000000.0,1000000.0,0,0,46,2026-02-02 23:55:31.497940
RTM1C52,0.05,0.04,0.06,1000000.0,1000000.0,0,0,46,2026-02-02 23:55:31.497940
RTM1P52,1.8,1.79,1.81,1000000.0,1000000.0,0,0,46,2026-02-02 23:55:31.497940
RTM1C53,0.02,0.01,0.03,1000000.0,1000000.0,0,0,46,2026-02-02 23:55:31.497940
RTM1P53,2.76,2.75,2.77,1000000.0,1000000.0,0,0,46,2026-02-02 23:55:31.497940
RTM1C54,0.02,0.01,0.03,1000000.0,1000000.0,0,0,46,2026-02-02 23:55:31.497940
RTM1P54,3.75,3.74,3.76,1000000.0,1000000.0,0,0,46,2026-02-02 23:55:31.497940
RTM,50.26,50.25,50.27,100000000.0,100000000.0,0,0,47,2026-02-02 23:55:32.052780
RTM1C45,5.26,5.25,5.27,1000000.0,1000000.0,0,0,47,2026-02-02 23:55:32.052780
RTM1P45,0.02,0.01,0.03,1000000.0,1000000.0,0,0,47,2026-02-02 23:55:32.052780
RTM1C46,4.26,4.25,4.27,1000000.0,1000000.0,0,0,47,2026-02-02 23:55:32.052780
RTM1P46,0.02,0.01,0.03,1000000.0,1000000.0,0,0,47,2026-02-02 23:55:32.052780
RTM1C47,3.26,3.25,3.27,1000000.0,1000000.0,0,0,47,2026-02-02 23:55:32.052780
RTM1P47,0.02,0.01,0.03,1000000.0,1000000.0,0,0,47,2026-02-02 23:55:32.052780
RTM1C48,2.28,2.27,2.29,1000000.0,1000000.0,0,0,47,2026-02-02 23:55:32.052780
RTM1P48,0.02,0.01,0.03,1000000.0,1000000.0,0,0,47,2026-02-02 23:55:32.052780
RTM1C49,1.35,1.34,1.36,1000000.0,1000000.0,0,0,47,2026-02-02 23:55:32.052780
RTM1P49,0.09,0.08,0.1,1000000.0,1000000.0,0,0,47,2026-02-02 23:55:32.052780
RTM1C50,0.65,0.64,0.66,1000000.0,1000000.0,0,0,47,2026-02-02 23:55:32.052780
RTM1P50,0.39,0.38,0.4,1000000.0,1000000.0,0,0,47,2026-02-02 23:55:32.052780
RTM1C51,0.22,0.21,0.23,1000000.0,1000000.0,0,0,47,2026-02-02 23:55:32.052780
RTM1P51,0.97,0.96,0.98,1000000.0,1000000.0,0,0,47,2026-02-02 23:55:32.052780
RTM1C52,0.05,0.04,0.06,1000000.0,1000000.0,0,0,47,2026-02-02 23:55:32.052780
RTM1P52,1.79,1.78,1.8,1000000.0,1000000.0,0,0,47,2026-02-02 23:55:32.052780
RTM1C53,0.02,0.01,0.03,1000000.0,1000000.0,0,0,47,2026-02-02 23:55:32.052780
RTM1P53,2.75,2.74,2.76,1000000.0,1000000.0,0,0,47,2026-02-02 23:55:32.052780
RTM1C54,0.02,0.01,0.03,1000000.0,1000000.0,0,0,47,2026-02-02 23:55:32.052780
RTM1P54,3.74,3.73,3.75,1000000.0,1000000.0,0,0,47,2026-02-02 23:55:32.052780
RTM,50.34,50.33,50.35,100000000.0,100000000.0,0,0,48,2026-02-02 23:55:33.111028
RTM1C45,5.34,5.33,5.35,1000000.0,1000000.0,0,0,48,2026-02-02 23:55:33.111028
RTM1P45,0.02,0.01,0.03,1000000.0,1000000.0,0,0,48,2026-02-02 23:55:33.111028
RTM1C46,4.34,4.33,4.35,1000000.0,1000000.0,0,0,48,2026-02-02 23:55:33.111028
RTM1P46,0.02,0.01,0.03,1000000.0,1000000.0,0,0,48,2026-02-02 23:55:33.111028
RTM1C47,3.34,3.33,3.35,1000000.0,1000000.0,0,0,48,2026-02-02 23:55:33.111028
RTM1P47,0.02,0.01,0.03,1000000.0,1000000.0,0,0,48,2026-02-02 23:55:33.111028
RTM1C48,2.35,2.34,2.36,1000000.0,1000000.0,0,0,48,2026-02-02 23:55:33.111028
RTM1P48,0.02,0.01,0.03,1000000.0,1000000.0,0,0,48,2026-02-02 23:55:33.111028
RTM1C49,1.44,1.43,1.45,1000000.0,1000000.0,0,0,48,2026-02-02 23:55:33.111028
RTM1P49,0.09,0.08,0.1,1000000.0,1000000.0,0,0,48,2026-02-02 23:55:33.111028
RTM1C50,0.68,0.67,0.69,1000000.0,1000000.0,0,0,48,2026-02-02 23:55:33.111028
RTM1P50,0.34,0.33,0.35,1000000.0,1000000.0,0,0,48,2026-02-02 23:55:33.111028
RTM1C51,0.25,0.24,0.26,1000000.0,1000000.0,0,0,48,2026-02-02 23:55:33.111028
RTM1P51,0.91,0.9,0.92,1000000.0,1000000.0,0,0,48,2026-02-02 23:55:33.111028
RTM1C52,0.06,0.05,0.07,1000000.0,1000000.0,0,0,48,2026-02-02 23:55:33.111028
RTM1P52,1.72,1.71,1.73,1000000.0,1000000.0,0,0,48,2026-02-02 23:55:33.111028
RTM1C53,0.02,0.01,0.03,1000000.0,1000000.0,0,0,48,2026-02-02 23:55:33.111028
RTM1P53,2.67,2.66,2.68,1000000.0,1000000.0,0,0,48,2026-02-02 23:55:33.111028
RTM1C54,0.02,0.01,0.03,1000000.0,1000000.0,0,0,48,2026-02-02 23:55:33.111028
RTM1P54,3.66,3.65,3.67,1000000.0,1000000.0,0,0,48,2026-02-02 23:55:33.111028
RTM,50.39,50.38,50.4,100000000.0,100000000.0,0,0,49,2026-02-02 23:55:34.165153
RTM1C45,5.39,5.38,5.4,1000000.0,1000000.0,0,0,49,2026-02-02 23:55:34.165153
RTM1P45,0.02,0.01,0.03,1000000.0,1000000.0,0,0,49,2026-02-02 23:55:34.165153
RTM1C46,4.39,4.38,4.4,1000000.0,1000000.0,0,0,49,2026-02-02 23:55:34.165153
RTM1P46,0.02,0.01,0.03,1000000.0,1000000.0,0,0,49,2026-02-02 23:55:34.165153
RTM1C47,3.39,3.38,3.4,1000000.0,1000000.0,0,0,49,2026-02-02 23:55:34.165153
RTM1P47,0.02,0.01,0.03,1000000.0,1000000.0,0,0,49,2026-02-02 23:55:34.165153
RTM1C48,2.4,2.39,2.41,1000000.0,1000000.0,0,0,49,2026-02-02 23:55:34.165153
RTM1P48,0.02,0.01,0.03,1000000.0,1000000.0,0,0,49,2026-02-02 23:55:34.165153
RTM1C49,1.48,1.47,1.49,1000000.0,1000000.0,0,0,49,2026-02-02 23:55:34.165153
RTM1P49,0.09,0.08,0.1,1000000.0,1000000.0,0,0,49,2026-02-02 23:55:34.165153
RTM1C50,0.72,0.71,0.73,1000000.0,1000000.0,0,0,49,2026-02-02 23:55:34.165153
RTM1P50,0.33,0.32,0.34,1000000.0,1000000.0,0,0,49,2026-02-02 23:55:34.165153
RTM1C51,0.26,0.25,0.27,1000000.0,1000000.0,0,0,49,2026-02-02 23:55:34.165153
RTM1P51,0.87,0.86,0.88,1000000.0,1000000.0,0,0,49,2026-02-02 23:55:34.165153
RTM1C52,0.06,0.05,0.07,1000000.0,1000000.0,0,0,49,2026-02-02 23:55:34.165153
RTM1P52,1.67,1.66,1.68,1000000.0,1000000.0,0,0,49,2026-02-02 23:55:34.165153
RTM1C53,0.02,0.01,0.03,1000000.0,1000000.0,0,0,49,2026-02-02 23:55:34.165153
RTM1P53,2.62,2.61,2.63,1000000.0,1000000.0,0,0,49,2026-02-02 23:55:34.165153
RTM1C54,0.02,0.01,0.03,1000000.0,1000000.0,0,0,49,2026-02-02 23:55:34.165153
RTM1P54,3.61,3.6,3.62,1000000.0,1000000.0,0,0,49,2026-02-02 23:55:34.165153
RTM,50.46,50.45,50.47,100000000.0,100000000.0,0,0,50,2026-02-02 23:55:35.224623
RTM1C45,5.46,5.45,5.47,1000000.0,1000000.0,0,0,50,2026-02-02 23:55:35.224623
RTM1P45,0.02,0.01,0.03,1000000.0,1000000.0,0,0,50,2026-02-02 23:55:35.224623
RTM1C46,4.46,4.45,4.47,1000000.0,1000000.0,0,0,50,2026-02-02 23:55:35.224623
RTM1P46,0.02,0.01,0.03,1000000.0,1000000.0,0,0,50,2026-02-02 23:55:35.224623
RTM1C47,3.46,3.45,3.47,1000000.0,1000000.0,0,0,50,2026-02-02 23:55:35.224623
RTM1P47,0.02,0.01,0.03,1000000.0,1000000.0,0,0,50,2026-02-02 23:55:35.224623
RTM1C48,2.47,2.46,2.48,1000000.0,1000000.0,0,0,50,2026-02-02 23:55:35.224623
RTM1P48,0.02,0.01,0.03,1000000.0,1000000.0,0,0,50,2026-02-02 23:55:35.224623
RTM1C49,1.54,1.53,1.55,1000000.0,1000000.0,0,0,50,2026-02-02 23:55:35.224623
RTM1P49,0.08,0.07,0.09,1000000.0,1000000.0,0,0,50,2026-02-02 23:55:35.224623
RTM1C50,0.77,0.76,0.78,1000000.0,1000000.0,0,0,50,2026-02-02 23:55:35.224623
RTM1P50,0.31,0.3,0.32,1000000.0,1000000.0,0,0,50,2026-02-02 23:55:35.224623
RTM1C51,0.29,0.28,0.3,1000000.0,1000000.0,0,0,50,2026-02-02 23:55:35.224623
RTM1P51,0.83,0.82,0.84,1000000.0,1000000.0,0,0,50,2026-02-02 23:55:35.224623
RTM1C52,0.08,0.07,0.09,1000000.0,1000000.0,0,0,50,2026-02-02 23:55:35.224623
RTM1P52,1.61,1.6,1.62,1000000.0,1000000.0,0,0,50,2026-02-02 23:55:35.224623
RTM1C53,0.02,0.01,0.03,1000000.0,1000000.0,0,0,50,2026-02-02 23:55:35.224623
RTM1P53,2.55,2.54,2.56,1000000.0,1000000.0,0,0,50,2026-02-02 23:55:35.224623
RTM1C54,0.02,0.01,0.03,1000000.0,1000000.0,0,0,50,2026-02-02 23:55:35.224623
RTM1P54,3.54,3.53,3.55,1000000.0,1000000.0,0,0,50,2026-02-02 23:55:35.224623
RTM,50.62,50.61,50.63,100000000.0,100000000.0,0,0,51,2026-02-02 23:55:36.293442
RTM1C45,5.62,5.61,5.63,1000000.0,1000000.0,0,0,51,2026-02-02 23:55:36.293442
RTM1P45,0.02,0.01,0.03,1000000.0,1000000.0,0,0,51,2026-02-02 23:55:36.293442
RTM1C46,4.62,4.61,4.63,1000000.0,1000000.0,0,0,51,2026-02-02 23:55:36.293442
RTM1P46,0.02,0.01,0.03,1000000.0,1000000.0,0,0,51,2026-02-02 23:55:36.293442
RTM1C47,3.62,3.61,3.63,1000000.0,1000000.0,0,0,51,2026-02-02 23:55:36.293442
RTM1P47,0.02,0.01,0.03,1000000.0,1000000.0,0,0,51,2026-02-02 23:55:36.293442
RTM1C48,2.63,2.62,2.64,1000000.0,1000000.0,0,0,51,2026-02-02 23:55:36.293442
RTM1P48,0.02,0.01,0.03,1000000.0,1000000.0,0,0,51,2026-02-02 23:55:36.293442
RTM1C49,1.68,1.67,1.69,1000000.0,1000000.0,0,0,51,2026-02-02 23:55:36.293442
RTM1P49,0.06,0.05,0.07,1000000.0,1000000.0,0,0,51,2026-02-02 23:55:36.293442
RTM1C50,0.87,0.86,0.88,1000000.0,1000000.0,0,0,51,2026-02-02 23:55:36.293442
RTM1P50,0.24,0.23,0.25,1000000.0,1000000.0,0,0,51,2026-02-02 23:55:36.293442
RTM1C51,0.34,0.33,0.35,1000000.0,1000000.0,0,0,51,2026-02-02 23:55:36.293442
RTM1P51,0.72,0.71,0.73,1000000.0,1000000.0,0,0,51,2026-02-02 23:55:36.293442
RTM1C52,0.09,0.08,0.1,1000000.0,1000000.0,0,0,51,2026-02-02 23:55:36.293442
RTM1P52,1.47,1.46,1.48,1000000.0,1000000.0,0,0,51,2026-02-02 23:55:36.293442
RTM1C53,0.02,0.01,0.03,1000000.0,1000000.0,0,0,51,2026-02-02 23:55:36.293442
RTM1P53,2.4,2.39,2.41,1000000.0,1000000.0,0,0,51,2026-02-02 23:55:36.293442
RTM1C54,0.02,0.01,0.03,1000000.0,1000000.0,0,0,51,2026-02-02 23:55:36.293442
RTM1P54,3.38,3.37,3.39,1000000.0,1000000.0,0,0,51,2026-02-02 23:55:36.293442
RTM,50.66,50.65,50.67,100000000.0,100000000.0,0,0,52,2026-02-02 23:55:37.353392
RTM1C45,5.66,5.65,5.67,1000000.0,1000000.0,0,0,52,2026-02-02 23:55:37.353392
RTM1P45,0.02,0.01,0.03,1000000.0,1000000.0,0,0,52,2026-02-02 23:55:37.353392
RTM1C46,4.66,4.65,4.67,1000000.0,1000000.0,0,0,52,2026-02-02 23:55:37.353392
RTM1P46,0.02,0.01,0.03,1000000.0,1000000.0,0,0,52,2026-02-02 23:55:37.353392
RTM1C47,3.66,3.65,3.67,1000000.0,1000000.0,0,0,52,2026-02-02 23:55:37.353392
RTM1P47,0.02,0.01,0.03,1000000.0,1000000.0,0,0,52,2026-02-02 23:55:37.353392
RTM1C48,2.66,2.65,2.67,1000000.0,1000000.0,0,0,52,2026-02-02 23:55:37.353392
RTM1P48,0.02,0.01,0.03,1000000.0,1000000.0,0,0,52,2026-02-02 23:55:37.353392
RTM1C49,1.71,1.7,1.72,1000000.0,1000000.0,0,0,52,2026-02-02 23:55:37.353392
RTM1P49,0.06,0.05,0.07,1000000.0,1000000.0,0,0,52,2026-02-02 23:55:37.353392
RTM1C50,0.9,0.89,0.91,1000000.0,1000000.0,0,0,52,2026-02-02 23:55:37.353392
RTM1P50,0.24,0.23,0.25,1000000.0,1000000.0,0,0,52,2026-02-02 23:55:37.353392
RTM1C51,0.36,0.35,0.37,1000000.0,1000000.0,0,0,52,2026-02-02 23:55:37.353392
RTM1P51,0.7,0.69,0.71,1000000.0,1000000.0,0,0,52,2026-02-02 23:55:37.353392
RTM1C52,0.1,0.09,0.11,1000000.0,1000000.0,0,0,52,2026-02-02 23:55:37.353392
RTM1P52,1.44,1.43,1.45,1000000.0,1000000.0,0,0,52,2026-02-02 23:55:37.353392
RTM1C53,0.02,0.01,0.03,1000000.0,1000000.0,0,0,52,2026-02-02 23:55:37.353392
RTM1P53,2.36,2.35,2.37,1000000.0,1000000.0,0,0,52,2026-02-02 23:55:37.353392
RTM1C54,0.02,0.01,0.03,1000000.0,1000000.0,0,0,52,2026-02-02 23:55:37.353392
RTM1P54,3.35,3.34,3.36,1000000.0,1000000.0,0,0,52,2026-02-02 23:55:37.353392
RTM,50.62,50.61,50.63,100000000.0,100000000.0,0,0,53,2026-02-02 23:55:38.415804
RTM1C45,5.62,5.61,5.63,1000000.0,1000000.0,0,0,53,2026-02-02 23:55:38.415804
RTM1P45,0.02,0.01,0.03,1000000.0,1000000.0,0,0,53,2026-02-02 23:55:38.415804
RTM1C46,4.62,4.61,4.63,1000000.0,1000000.0,0,0,53,2026-02-02 23:55:38.415804
RTM1P46,0.02,0.01,0.03,1000000.0,1000000.0,0,0,53,2026-02-02 23:55:38.415804
RTM1C47,3.62,3.61,3.63,1000000.0,1000000.0,0,0,53,2026-02-02 23:55:38.415804
RTM1P47,0.02,0.01,0.03,1000000.0,1000000.0,0,0,53,2026-02-02 23:55:38.415804
RTM1C48,2.62,2.61,2.63,1000000.0,1000000.0,0,0,53,2026-02-02 23:55:38.415804
RTM1P48,0.02,0.01,0.03,1000000.0,1000000.0,0,0,53,2026-02-02 23:55:38.415804
RTM1C49,1.68,1.67,1.69,1000000.0,1000000.0,0,0,53,2026-02-02 23:55:38.415804
RTM1P49,0.06,0.05,0.07,1000000.0,1000000.0,0,0,53,2026-02-02 23:55:38.415804
RTM1C50,0.87,0.86,0.88,1000000.0,1000000.0,0,0,53,2026-02-02 23:55:38.415804
RTM1P50,0.26,0.25,0.27,1000000.0,1000000.0,0,0,53,2026-02-02 23:55:38.415804
RTM1C51,0.34,0.33,0.35,1000000.0,1000000.0,0,0,53,2026-02-02 23:55:38.415804
RTM1P51,0.73,0.72,0.74,1000000.0,1000000.0,0,0,53,2026-02-02 23:55:38.415804
RTM1C52,0.09,0.08,0.1,1000000.0,1000000.0,0,0,53,2026-02-02 23:55:38.415804
RTM1P52,1.48,1.47,1.49,1000000.0,1000000.0,0,0,53,2026-02-02 23:55:38.415804
RTM1C53,0.02,0.01,0.03,1000000.0,1000000.0,0,0,53,2026-02-02 23:55:38.415804
RTM1P53,2.4,2.39,2.41,1000000.0,1000000.0,0,0,53,2026-02-02 23:55:38.415804
RTM1C54,0.02,0.01,0.03,1000000.0,1000000.0,0,0,53,2026-02-02 23:55:38.415804
RTM1P54,3.39,3.38,3.4,1000000.0,1000000.0,0,0,53,2026-02-02 23:55:38.415804
RTM,50.68,50.67,50.69,100000000.0,100000000.0,0,0,54,2026-02-02 23:55:39.468200
RTM1C45,5.68,5.67,5.69,1000000.0,1000000.0,0,0,54,2026-02-02 23:55:39.468200
RTM1P45,0.02,0.01,0.03,1000000.0,1000000.0,0,0,54,2026-02-02 23:55:39.468200
RTM1C46,4.68,4.67,4.69,1000000.0,1000000.0,0,0,54,2026-02-02 23:55:39.468200
RTM1P46,0.02,0.01,0.03,1000000.0,1000000.0,0,0,54,2026-02-02 23:55:39.468200
RTM1C47,3.68,3.67,3.69,1000000.0,1000000.0,0,0,54,2026-02-02 23:55:39.468200
RTM1P47,0.02,0.01,0.03,1000000.0,1000000.0,0,0,54,2026-02-02 23:55:39.468200
RTM1C48,2.68,2.67,2.69,1000000.0,1000000.0,0,0,54,2026-02-02 23:55:39.468200
RTM1P48,0.02,0.01,0.03,1000000.0,1000000.0,0,0,54,2026-02-02 23:55:39.468200
RTM1C49,1.73,1.72,1.74,1000000.0,1000000.0,0,0,54,2026-02-02 23:55:39.468200
RTM1P49,0.06,0.05,0.07,1000000.0,1000000.0,0,0,54,2026-02-02 23:55:39.468200
RTM1C50,0.92,0.91,0.93,1000000.0,1000000.0,0,0,54,2026-02-02 23:55:39.468200
RTM1P50,0.24,0.23,0.25,1000000.0,1000000.0,0,0,54,2026-02-02 23:55:39.468200
RTM1C51,0.37,0.36,0.38,1000000.0,1000000.0,0,0,54,2026-02-02 23:55:39.468200
RTM1P51,0.69,0.68,0.7,1000000.0,1000000.0,0,0,54,2026-02-02 23:55:39.468200
RTM1C52,0.11,0.1,0.12,1000000.0,1000000.0,0,0,54,2026-02-02 23:55:39.468200
RTM1P52,1.43,1.42,1.44,1000000.0,1000000.0,0,0,54,2026-02-02 23:55:39.468200
RTM1C53,0.02,0.01,0.03,1000000.0,1000000.0,0,0,54,2026-02-02 23:55:39.468200
RTM1P53,2.34,2.33,2.35,1000000.0,1000000.0,0,0,54,2026-02-02 23:55:39.468200
RTM1C54,0.02,0.01,0.03,1000000.0,1000000.0,0,0,54,2026-02-02 23:55:39.468200
RTM1P54,3.33,3.32,3.34,1000000.0,1000000.0,0,0,54,2026-02-02 23:55:39.468200
RTM,50.77,50.76,50.78,100000000.0,100000000.0,0,0,55,2026-02-02 23:55:40.539209
RTM1C45,5.77,5.76,5.78,1000000.0,1000000.0,0,0,55,2026-02-02 23:55:40.539209
RTM1P45,0.02,0.01,0.03,1000000.0,1000000.0,0,0,55,2026-02-02 23:55:40.539209
RTM1C46,4.77,4.76,4.78,1000000.0,1000000.0,0,0,55,2026-02-02 23:55:40.539209
RTM1P46,0.02,0.01,0.03,1000000.0,1000000.0,0,0,55,2026-02-02 23:55:40.539209
RTM1C47,3.77,3.76,3.78,1000000.0,1000000.0,0,0,55,2026-02-02 23:55:40.539209
RTM1P47,0.02,0.01,0.03,1000000.0,1000000.0,0,0,55,2026-02-02 23:55:40.539209
RTM1C48,2.77,2.76,2.78,1000000.0,1000000.0,0,0,55,2026-02-02 23:55:40.539209
RTM1P48,0.02,0.01,0.03,1000000.0,1000000.0,0,0,55,2026-02-02 23:55:40.539209
RTM1C49,1.81,1.8,1.82,1000000.0,1000000.0,0,0,55,2026-02-02 23:55:40.539209
RTM1P49,0.05,0.04,0.06,1000000.0,1000000.0,0,0,55,2026-02-02 23:55:40.539209
RTM1C50,0.98,0.97,0.99,1000000.0,1000000.0,0,0,55,2026-02-02 23:55:40.539209
RTM1P50,0.22,0.21,0.23,1000000.0,1000000.0,0,0,55,2026-02-02 23:55:40.539209
RTM1C51,0.41,0.4,0.42,1000000.0,1000000.0,0,0,55,2026-02-02 23:55:40.539209
RTM1P51,0.65,0.64,0.66,1000000.0,1000000.0,0,0,55,2026-02-02 23:55:40.539209
RTM1C52,0.12,0.11,0.13,1000000.0,1000000.0,0,0,55,2026-02-02 23:55:40.539209
RTM1P52,1.36,1.35,1.37,1000000.0,1000000.0,0,0,55,2026-02-02 23:55:40.539209
RTM1C53,0.02,0.01,0.03,1000000.0,1000000.0,0,0,55,2026-02-02 23:55:40.539209
RTM1P53,2.26,2.25,2.27,1000000.0,1000000.0,0,0,55,2026-02-02 23:55:40.539209
RTM1C54,0.02,0.01,0.03,1000000.0,1000000.0,0,0,55,2026-02-02 23:55:40.539209
RTM1P54,3.24,3.23,3.25,1000000.0,1000000.0,0,0,55,2026-02-02 23:55:40.539209
RTM,50.63,50.62,50.64,100000000.0,100000000.0,0,0,56,2026-02-02 23:55:41.096871
RTM1C45,5.63,5.62,5.64,1000000.0,1000000.0,0,0,56,2026-02-02 23:55:41.096871
RTM1P45,0.02,0.01,0.03,1000000.0,1000000.0,0,0,56,2026-02-02 23:55:41.096871
RTM1C46,4.63,4.62,4.64,1000000.0,1000000.0,0,0,56,2026-02-02 23:55:41.096871
RTM1P46,0.02,0.01,0.03,1000000.0,1000000.0,0,0,56,2026-02-02 23:55:41.096871
RTM1C47,3.63,3.62,3.64,1000000.0,1000000.0,0,0,56,2026-02-02 23:55:41.096871
RTM1P47,0.02,0.01,0.03,1000000.0,1000000.0,0,0,56,2026-02-02 23:55:41.096871
RTM1C48,2.64,2.63,2.65,1000000.0,1000000.0,0,0,56,2026-02-02 23:55:41.096871
RTM1P48,0.02,0.01,0.03,1000000.0,1000000.0,0,0,56,2026-02-02 23:55:41.096871
RTM1C49,1.69,1.68,1.7,1000000.0,1000000.0,0,0,56,2026-02-02 23:55:41.096871
RTM1P49,0.06,0.05,0.07,1000000.0,1000000.0,0,0,56,2026-02-02 23:55:41.096871
RTM1C50,0.89,0.88,0.9,1000000.0,1000000.0,0,0,56,2026-02-02 23:55:41.096871
RTM1P50,0.26,0.25,0.27,1000000.0,1000000.0,0,0,56,2026-02-02 23:55:41.096871
RTM1C51,0.35,0.34,0.36,1000000.0,1000000.0,0,0,56,2026-02-02 23:55:41.096871
RTM1P51,0.72,0.71,0.73,1000000.0,1000000.0,0,0,56,2026-02-02 23:55:41.096871
RTM1C52,0.1,0.09,0.11,1000000.0,1000000.0,0,0,56,2026-02-02 23:55:41.096871
RTM1P52,1.47,1.46,1.48,1000000.0,1000000.0,0,0,56,2026-02-02 23:55:41.096871
RTM1C53,0.02,0.01,0.03,1000000.0,1000000.0,0,0,56,2026-02-02 23:55:41.096871
RTM1P53,2.39,2.38,2.4,1000000.0,1000000.0,0,0,56,2026-02-02 23:55:41.096871
RTM1C54,0.02,0.01,0.03,1000000.0,1000000.0,0,0,56,2026-02-02 23:55:41.096871
RTM1P54,3.37,3.36,3.38,1000000.0,1000000.0,0,0,56,2026-02-02 23:55:41.096871
RTM,50.71,50.7,50.72,100000000.0,100000000.0,0,0,57,2026-02-02 23:55:42.165681
RTM1C45,5.71,5.7,5.72,1000000.0,1000000.0,0,0,57,2026-02-02 23:55:42.165681
RTM1P45,0.02,0.01,0.03,1000000.0,1000000.0,0,0,57,2026-02-02 23:55:42.165681
RTM1C46,4.71,4.7,4.72,1000000.0,1000000.0,0,0,57,2026-02-02 23:55:42.165681
RTM1P46,0.02,0.01,0.03,1000000.0,1000000.0,0,0,57,2026-02-02 23:55:42.165681
RTM1C47,3.71,3.7,3.72,1000000.0,1000000.0,0,0,57,2026-02-02 23:55:42.165681
RTM1P47,0.02,0.01,0.03,1000000.0,1000000.0,0,0,57,2026-02-02 23:55:42.165681
RTM1C48,2.72,2.71,2.73,1000000.0,1000000.0,0,0,57,2026-02-02 23:55:42.165681
RTM1P48,0.02,0.01,0.03,1000000.0,1000000.0,0,0,57,2026-02-02 23:55:42.165681
RTM1C49,1.76,1.75,1.77,1000000.0,1000000.0,0,0,57,2026-02-02 23:55:42.165681
RTM1P49,0.05,0.04,0.06,1000000.0,1000000.0,0,0,57,2026-02-02 23:55:42.165681
RTM1C50,0.94,0.93,0.95,1000000.0,1000000.0,0,0,57,2026-02-02 23:55:42.165681
RTM1P50,0.24,0.23,0.25,1000000.0,1000000.0,0,0,57,2026-02-02 23:55:42.165681
RTM1C51,0.39,0.38,0.4,1000000.0,1000000.0,0,0,57,2026-02-02 23:55:42.165681
RTM1P51,0.68,0.67,0.69,1000000.0,1000000.0,0,0,57,2026-02-02 23:55:42.165681
RTM1C52,0.11,0.1,0.12,1000000.0,1000000.0,0,0,57,2026-02-02 23:55:42.165681
RTM1P52,1.4,1.39,1.41,1000000.0,1000000.0,0,0,57,2026-02-02 23:55:42.165681
RTM1C53,0.02,0.01,0.03,1000000.0,1000000.0,0,0,57,2026-02-02 23:55:42.165681
RTM1P53,2.31,2.3,2.32,1000000.0,1000000.0,0,0,57,2026-02-02 23:55:42.165681
RTM1C54,0.02,0.01,0.03,1000000.0,1000000.0,0,0,57,2026-02-02 23:55:42.165681
RTM1P54,3.29,3.28,3.3,1000000.0,1000000.0,0,0,57,2026-02-02 23:55:42.165681
RTM,50.67,50.66,50.68,100000000.0,100000000.0,0,0,58,2026-02-02 23:55:43.233791
RTM1C45,5.67,5.66,5.68,1000000.0,1000000.0,0,0,58,2026-02-02 23:55:43.233791
RTM1P45,0.02,0.01,0.03,1000000.0,1000000.0,0,0,58,2026-02-02 23:55:43.233791
RTM1C46,4.67,4.66,4.68,1000000.0,1000000.0,0,0,58,2026-02-02 23:55:43.233791
RTM1P46,0.02,0.01,0.03,1000000.0,1000000.0,0,0,58,2026-02-02 23:55:43.233791
RTM1C47,3.67,3.66,3.68,1000000.0,1000000.0,0,0,58,2026-02-02 23:55:43.233791
RTM1P47,0.02,0.01,0.03,1000000.0,1000000.0,0,0,58,2026-02-02 23:55:43.233791
RTM1C48,2.68,2.67,2.69,1000000.0,1000000.0,0,0,58,2026-02-02 23:55:43.233791
RTM1P48,0.02,0.01,0.03,1000000.0,1000000.0,0,0,58,2026-02-02 23:55:43.233791
RTM1C49,1.73,1.72,1.74,1000000.0,1000000.0,0,0,58,2026-02-02 23:55:43.233791
RTM1P49,0.06,0.05,0.07,1000000.0,1000000.0,0,0,58,2026-02-02 23:55:43.233791
RTM1C50,0.93,0.92,0.94,1000000.0,1000000.0,0,0,58,2026-02-02 23:55:43.233791
RTM1P50,0.25,0.24,0.26,1000000.0,1000000.0,0,0,58,2026-02-02 23:55:43.233791
RTM1C51,0.38,0.37,0.39,1000000.0,1000000.0,0,0,58,2026-02-02 23:55:43.233791
RTM1P51,0.71,0.7,0.72,1000000.0,1000000.0,0,0,58,2026-02-02 23:55:43.233791
RTM1C52,0.11,0.1,0.12,1000000.0,1000000.0,0,0,58,2026-02-02 23:55:43.233791
RTM1P52,1.43,1.42,1.44,1000000.0,1000000.0,0,0,58,2026-02-02 23:55:43.233791
RTM1C53,0.02,0.01,0.03,1000000.0,1000000.0,0,0,58,2026-02-02 23:55:43.233791
RTM1P53,2.35,2.34,2.36,1000000.0,1000000.0,0,0,58,2026-02-02 23:55:43.233791
RTM1C54,0.02,0.01,0.03,1000000.0,1000000.0,0,0,58,2026-02-02 23:55:43.233791
RTM1P54,3.33,3.32,3.34,1000000.0,1000000.0,0,0,58,2026-02-02 23:55:43.233791
RTM,50.68,50.67,50.69,100000000.0,100000000.0,0,0,59,2026-02-02 23:55:44.303485
RTM1C45,5.68,5.67,5.69,1000000.0,1000000.0,0,0,59,2026-02-02 23:55:44.303485
RTM1P45,0.02,0.01,0.03,1000000.0,1000000.0,0,0,59,2026-02-02 23:55:44.303485
RTM1C46,4.68,4.67,4.69,1000000.0,1000000.0,0,0,59,2026-02-02 23:55:44.303485
RTM1P46,0.02,0.01,0.03,1000000.0,1000000.0,0,0,59,2026-02-02 23:55:44.303485
RTM1C47,3.68,3.67,3.69,1000000.0,1000000.0,0,0,59,2026-02-02 23:55:44.303485
RTM1P47,0.02,0.01,0.03,1000000.0,1000000.0,0,0,59,2026-02-02 23:55:44.303485
RTM1C48,2.68,2.67,2.69,1000000.0,1000000.0,0,0,59,2026-02-02 23:55:44.303485
RTM1P48,0.02,0.01,0.03,1000000.0,1000000.0,0,0,59,2026-02-02 23:55:44.303485
RTM1C49,1.74,1.73,1.75,1000000.0,1000000.0,0,0,59,2026-02-02 23:55:44.303485
RTM1P49,0.06,0.05,0.07,1000000.0,1000000.0,0,0,59,2026-02-02 23:55:44.303485
RTM1C50,0.92,0.92,0.94,1000000.0,1000000.0,0,0,59,2026-02-02 23:55:44.303485
RTM1P50,0.25,0.24,0.26,1000000.0,1000000.0,0,0,59,2026-02-02 23:55:44.303485
RTM1C51,0.38,0.37,0.39,1000000.0,1000000.0,0,0,59,2026-02-02 23:55:44.303485
RTM1P51,0.69,0.69,0.71,1000000.0,1000000.0,0,0,59,2026-02-02 23:55:44.303485
RTM1C52,0.1,0.1,0.12,1000000.0,1000000.0,0,0,59,2026-02-02 23:55:44.303485
RTM1P52,1.43,1.42,1.44,1000000.0,1000000.0,0,0,59,2026-02-02 23:55:44.303485
RTM1C53,0.02,0.01,0.03,1000000.0,1000000.0,0,0,59,2026-02-02 23:55:44.303485
RTM1P53,2.34,2.33,2.35,1000000.0,1000000.0,0,0,59,2026-02-02 23:55:44.303485
RTM1C54,0.02,0.01,0.03,1000000.0,1000000.0,0,0,59,2026-02-02 23:55:44.303485
RTM1P54,3.33,3.32,3.34,1000000.0,1000000.0,0,0,59,2026-02-02 23:55:44.303485
RTM,50.62,50.61,50.63,100000000.0,100000000.0,0,0,60,2026-02-02 23:55:45.366914
RTM1C45,5.62,5.61,5.63,1000000.0,1000000.0,0,0,60,2026-02-02 23:55:45.366914
RTM1P45,0.02,0.01,0.03,1000000.0,1000000.0,0,0,60,2026-02-02 23:55:45.366914
RTM1C46,4.62,4.61,4.63,1000000.0,1000000.0,0,0,60,2026-02-02 23:55:45.366914
RTM1P46,0.02,0.01,0.03,1000000.0,1000000.0,0,0,60,2026-02-02 23:55:45.366914
RTM1C47,3.62,3.61,3.63,1000000.0,1000000.0,0,0,60,2026-02-02 23:55:45.366914
RTM1P47,0.02,0.01,0.03,1000000.0,1000000.0,0,0,60,2026-02-02 23:55:45.366914
RTM1C48,2.62,2.61,2.63,1000000.0,1000000.0,0,0,60,2026-02-02 23:55:45.366914
RTM1P48,0.02,0.01,0.03,1000000.0,1000000.0,0,0,60,2026-02-02 23:55:45.366914
RTM1C49,1.68,1.67,1.69,1000000.0,1000000.0,0,0,60,2026-02-02 23:55:45.366914
RTM1P49,0.06,0.05,0.07,1000000.0,1000000.0,0,0,60,2026-02-02 23:55:45.366914
RTM1C50,0.88,0.87,0.89,1000000.0,1000000.0,0,0,60,2026-02-02 23:55:45.366914
RTM1P50,0.26,0.25,0.27,1000000.0,1000000.0,0,0,60,2026-02-02 23:55:45.366914
RTM1C51,0.34,0.33,0.35,1000000.0,1000000.0,0,0,60,2026-02-02 23:55:45.366914
RTM1P51,0.73,0.72,0.74,1000000.0,1000000.0,0,0,60,2026-02-02 23:55:45.366914
RTM1C52,0.09,0.08,0.1,1000000.0,1000000.0,0,0,60,2026-02-02 23:55:45.366914
RTM1P52,1.48,1.47,1.49,1000000.0,1000000.0,0,0,60,2026-02-02 23:55:45.366914
RTM1C53,0.02,0.01,0.03,1000000.0,1000000.0,0,0,60,2026-02-02 23:55:45.366914
RTM1P53,2.4,2.39,2.41,1000000.0,1000000.0,0,0,60,2026-02-02 23:55:45.366914
RTM1C54,0.02,0.01,0.03,1000000.0,1000000.0,0,0,60,2026-02-02 23:55:45.366914
RTM1P54,3.39,3.38,3.4,1000000.0,1000000.0,0,0,60,2026-02-02 23:55:45.366914
RTM,50.52,50.51,50.53,100000000.0,100000000.0,0,0,61,2026-02-02 23:55:46.419488
RTM1C45,5.52,5.51,5.53,1000000.0,1000000.0,0,0,61,2026-02-02 23:55:46.419488
RTM1P45,0.02,0.01,0.03,1000000.0,1000000.0,0,0,61,2026-02-02 23:55:46.419488
RTM1C46,4.52,4.51,4.53,1000000.0,1000000.0,0,0,61,2026-02-02 23:55:46.419488
RTM1P46,0.02,0.01,0.03,1000000.0,1000000.0,0,0,61,2026-02-02 23:55:46.419488
RTM1C47,3.52,3.51,3.53,1000000.0,1000000.0,0,0,61,2026-02-02 23:55:46.419488
RTM1P47,0.02,0.01,0.03,1000000.0,1000000.0,0,0,61,2026-02-02 23:55:46.419488
RTM1C48,2.53,2.52,2.54,1000000.0,1000000.0,0,0,61,2026-02-02 23:55:46.419488
RTM1P48,0.02,0.01,0.03,1000000.0,1000000.0,0,0,61,2026-02-02 23:55:46.419488
RTM1C49,1.59,1.58,1.6,1000000.0,1000000.0,0,0,61,2026-02-02 23:55:46.419488
RTM1P49,0.08,0.07,0.09,1000000.0,1000000.0,0,0,61,2026-02-02 23:55:46.419488
RTM1C50,0.82,0.81,0.83,1000000.0,1000000.0,0,0,61,2026-02-02 23:55:46.419488
RTM1P50,0.3,0.29,0.31,1000000.0,1000000.0,0,0,61,2026-02-02 23:55:46.419488
RTM1C51,0.32,0.31,0.33,1000000.0,1000000.0,0,0,61,2026-02-02 23:55:46.419488
RTM1P51,0.8,0.79,0.81,1000000.0,1000000.0,0,0,61,2026-02-02 23:55:46.419488
RTM1C52,0.08,0.07,0.09,1000000.0,1000000.0,0,0,61,2026-02-02 23:55:46.419488
RTM1P52,1.56,1.55,1.57,1000000.0,1000000.0,0,0,61,2026-02-02 23:55:46.419488
RTM1C53,0.02,0.01,0.03,1000000.0,1000000.0,0,0,61,2026-02-02 23:55:46.419488
RTM1P53,2.49,2.48,2.5,1000000.0,1000000.0,0,0,61,2026-02-02 23:55:46.419488
RTM1C54,0.02,0.01,0.03,1000000.0,1000000.0,0,0,61,2026-02-02 23:55:46.419488
RTM1P54,3.48,3.47,3.49,1000000.0,1000000.0,0,0,61,2026-02-02 23:55:46.419488
RTM,50.45,50.44,50.46,100000000.0,100000000.0,0,0,62,2026-02-02 23:55:47.469096
RTM1C45,5.45,5.44,5.46,1000000.0,1000000.0,0,0,62,2026-02-02 23:55:47.469096
RTM1P45,0.02,0.01,0.03,1000000.0,1000000.0,0,0,62,2026-02-02 23:55:47.469096
RTM1C46,4.45,4.44,4.46,1000000.0,1000000.0,0,0,62,2026-02-02 23:55:47.469096
RTM1P46,0.02,0.01,0.03,1000000.0,1000000.0,0,0,62,2026-02-02 23:55:47.469096
RTM1C47,3.45,3.44,3.46,1000000.0,1000000.0,0,0,62,2026-02-02 23:55:47.469096
RTM1P47,0.02,0.01,0.03,1000000.0,1000000.0,0,0,62,2026-02-02 23:55:47.469096
RTM1C48,2.46,2.45,2.47,1000000.0,1000000.0,0,0,62,2026-02-02 23:55:47.469096
RTM1P48,0.02,0.01,0.03,1000000.0,1000000.0,0,0,62,2026-02-02 23:55:47.469096
RTM1C49,1.53,1.52,1.54,1000000.0,1000000.0,0,0,62,2026-02-02 23:55:47.469096
