ticker,last_price,bid_price,ask_price,BUY_ANON,SELL_ANON,BUY_DUBL-1,SELL_GIOT-1,BUY_UEBR-3,BUY_GIOT-1,SELL_DUBL-1,BUY_UBCT-2,SELL_UBCT-2,SELL_UEBR-3,tick,timestamp,news_news_id,news_period,news_tick,news_ticker,news_headline,news_body
RTM,50.03,50.02,50.04,100000000.0,100000000.0,0,0,0,0,0,0,0,0,2,2026-02-05 04:30:05.160595,2.0,1.0,1.0,Week 1,Delta limit and penalty,The delta limit for this sub-heat is 6000 and the penalty percentage is 5%
RTM1C45,5.03,5.02,5.04,1000000.0,1000000.0,0,0,0,0,0,0,0,0,2,2026-02-05 04:30:05.160595,1.0,1.0,1.0,Week 1,Risk free rate and current annualized volatility of RTM,The current risk free rate is 0%. RTM is an ETF that mimics one of the major indices in the simulated world and its current annualized realized volatility is 12%. This simulation consists of 20 trading days that are each 15 ticks in length.
RTM1P45,0.02,0.01,0.03,1000000.0,1000000.0,0,0,0,0,0,0,0,0,2,2026-02-05 04:30:05.160595,,,,,,
RTM1C46,4.03,4.02,4.04,1000000.0,1000000.0,0,0,0,0,0,0,0,0,2,2026-02-05 04:30:05.160595,,,,,,
RTM1P46,0.02,0.01,0.03,1000000.0,1000000.0,0,0,0,0,0,0,0,0,2,2026-02-05 04:30:05.160595,,,,,,
RTM1C47,3.04,3.03,3.05,1000000.0,1000000.0,0,0,0,0,0,0,0,0,2,2026-02-05 04:30:05.160595,,,,,,
RTM1P47,0.02,0.01,0.03,1000000.0,1000000.0,0,0,0,0,0,0,0,0,2,2026-02-05 04:30:05.160595,,,,,,
RTM1C48,2.05,2.04,2.06,1000000.0,1000000.0,0,0,0,0,0,0,0,0,2,2026-02-05 04:30:05.160595,,,,,,
RTM1P48,0.02,0.01,0.03,1000000.0,1000000.0,0,0,0,0,0,0,0,0,2,2026-02-05 04:30:05.160595,,,,,,
RTM1C49,1.14,1.13,1.15,1000000.0,1000000.0,0,0,0,0,0,0,0,0,2,2026-02-05 04:30:05.160595,,,,,,
RTM1P49,0.1,0.09,0.11,1000000.0,1000000.0,0,0,0,0,0,0,0,0,2,2026-02-05 04:30:05.160595,,,,,,
RTM1C50,0.47,0.46,0.48,1000000.0,1000000.0,0,0,0,0,0,0,0,0,2,2026-02-05 04:30:05.160595,,,,,,
RTM1P50,0.44,0.43,0.45,1000000.0,1000000.0,0,0,0,0,0,0,0,0,2,2026-02-05 04:30:05.160595,,,,,,
RTM1C51,0.11,0.1,0.12,1000000.0,1000000.0,0,0,0,0,0,0,0,0,2,2026-02-05 04:30:05.160595,,,,,,
RTM1P51,1.07,1.06,1.08,1000000.0,1000000.0,0,0,0,0,0,0,0,0,2,2026-02-05 04:30:05.160595,,,,,,
RTM1C52,0.02,0.01,0.03,1000000.0,1000000.0,0,0,0,0,0,0,0,0,2,2026-02-05 04:30:05.160595,,,,,,
RTM1P52,1.99,1.98,2.0,1000000.0,1000000.0,0,0,0,0,0,0,0,0,2,2026-02-05 04:30:05.160595,,,,,,
RTM1C53,0.02,0.01,0.03,1000000.0,1000000.0,0,0,0,0,0,0,0,0,2,2026-02-05 04:30:05.160595,,,,,,
RTM1P53,2.97,2.96,2.98,1000000.0,1000000.0,0,0,0,0,0,0,0,0,2,2026-02-05 04:30:05.160595,,,,,,
RTM1C54,0.02,0.01,0.03,1000000.0,1000000.0,0,0,0,0,0,0,0,0,2,2026-02-05 04:30:05.160595,,,,,,
RTM1P54,3.97,3.96,3.98,1000000.0,1000000.0,0,0,0,0,0,0,0,0,2,2026-02-05 04:30:05.160595,,,,,,
RTM,50.13,50.12,50.14,100000000.0,100000000.0,0,0,0,0,0,0,0,0,3,2026-02-05 04:30:06.228751
RTM1C45,5.13,5.12,5.14,1000000.0,1000000.0,0,0,0,0,0,0,0,0,3,2026-02-05 04:30:06.228751
RTM1P45,0.02,0.01,0.03,1000000.0,1000000.0,0,0,0,0,0,0,0,0,3,2026-02-05 04:30:06.228751
RTM1C46,4.13,4.12,4.14,1000000.0,1000000.0,0,0,0,0,0,0,0,0,3,2026-02-05 04:30:06.228751
RTM1P46,0.02,0.01,0.03,1000000.0,1000000.0,0,0,0,0,0,0,0,0,3,2026-02-05 04:30:06.228751
RTM1C47,3.13,3.12,3.14,1000000.0,1000000.0,0,0,0,0,0,0,0,0,3,2026-02-05 04:30:06.228751
RTM1P47,0.02,0.01,0.03,1000000.0,1000000.0,0,0,0,0,0,0,0,0,3,2026-02-05 04:30:06.228751
RTM1C48,2.14,2.13,2.15,1000000.0,1000000.0,0,0,0,0,0,0,0,0,3,2026-02-05 04:30:06.228751
RTM1P48,0.02,0.01,0.03,1000000.0,1000000.0,0,0,0,0,0,0,0,0,3,2026-02-05 04:30:06.228751
RTM1C49,1.21,1.2,1.22,1000000.0,1000000.0,0,0,0,0,0,0,0,0,3,2026-02-05 04:30:06.228751
RTM1P49,0.08,0.07,0.09,1000000.0,1000000.0,0,0,0,0,0,0,0,0,3,2026-02-05 04:30:06.228751
RTM1C50,0.52,0.51,0.53,1000000.0,1000000.0,0,0,0,0,0,0,0,0,3,2026-02-05 04:30:06.228751
RTM1P50,0.4,0.39,0.41,1000000.0,1000000.0,0,0,0,0,0,0,0,0,3,2026-02-05 04:30:06.228751
RTM1C51,0.17,0.16,0.18,1000000.0,1000000.0,0,0,0,0,0,0,0,0,3,2026-02-05 04:30:06.228751
RTM1P51,1.05,1.04,1.06,1000000.0,1000000.0,0,0,0,0,0,0,0,0,3,2026-02-05 04:30:06.228751
RTM1C52,0.04,0.03,0.05,1000000.0,1000000.0,0,0,0,0,0,0,0,0,3,2026-02-05 04:30:06.228751
RTM1P52,1.92,1.91,1.93,1000000.0,1000000.0,0,0,0,0,0,0,0,0,3,2026-02-05 04:30:06.228751
RTM1C53,0.02,0.01,0.03,1000000.0,1000000.0,0,0,0,0,0,0,0,0,3,2026-02-05 04:30:06.228751
RTM1P53,2.88,2.87,2.89,1000000.0,1000000.0,0,0,0,0,0,0,0,0,3,2026-02-05 04:30:06.228751
RTM1C54,0.02,0.01,0.03,1000000.0,1000000.0,0,0,0,0,0,0,0,0,3,2026-02-05 04:30:06.228751
RTM1P54,3.87,3.86,3.88,1000000.0,1000000.0,0,0,0,0,0,0,0,0,3,2026-02-05 04:30:06.228751
RTM,50.1,50.09,50.11,100000000.0,100000000.0,0,0,0,0,0,0,0,0,4,2026-02-05 04:30:07.302866
RTM1C45,5.1,5.09,5.11,1000000.0,1000000.0,0,0,0,0,0,0,0,0,4,2026-02-05 04:30:07.302866
RTM1P45,0.02,0.01,0.03,1000000.0,1000000.0,0,0,0,0,0,0,0,0,4,2026-02-05 04:30:07.302866
RTM1C46,4.1,4.09,4.11,1000000.0,1000000.0,0,0,0,0,0,0,0,0,4,2026-02-05 04:30:07.302866
RTM1P46,0.02,0.01,0.03,1000000.0,1000000.0,0,0,0,0,0,0,0,0,4,2026-02-05 04:30:07.302866
RTM1C47,3.1,3.09,3.11,1000000.0,1000000.0,0,0,0,0,0,0,0,0,4,2026-02-05 04:30:07.302866
RTM1P47,0.02,0.01,0.03,1000000.0,1000000.0,0,0,0,0,0,0,0,0,4,2026-02-05 04:30:07.302866
RTM1C48,2.12,2.11,2.13,1000000.0,1000000.0,0,0,0,0,0,0,0,0,4,2026-02-05 04:30:07.302866
RTM1P48,0.02,0.01,0.03,1000000.0,1000000.0,0,0,0,0,0,0,0,0,4,2026-02-05 04:30:07.302866
RTM1C49,1.19,1.18,1.2,1000000.0,1000000.0,0,0,0,0,0,0,0,0,4,2026-02-05 04:30:07.302866
RTM1P49,0.09,0.08,0.1,1000000.0,1000000.0,0,0,0,0,0,0,0,0,4,2026-02-05 04:30:07.302866
RTM1C50,0.59,0.58,0.6,1000000.0,1000000.0,0,0,0,0,0,0,0,0,4,2026-02-05 04:30:07.302866
RTM1P50,0.5,0.49,0.51,1000000.0,1000000.0,0,0,0,0,0,0,0,0,4,2026-02-05 04:30:07.302866
RTM1C51,0.19,0.18,0.2,1000000.0,1000000.0,0,0,0,0,0,0,0,0,4,2026-02-05 04:30:07.302866
RTM1P51,1.09,1.08,1.1,1000000.0,1000000.0,0,0,0,0,0,0,0,0,4,2026-02-05 04:30:07.302866
RTM1C52,0.02,0.01,0.03,1000000.0,1000000.0,0,0,0,0,0,0,0,0,4,2026-02-05 04:30:07.302866
RTM1P52,1.92,1.91,1.93,1000000.0,1000000.0,0,0,0,0,0,0,0,0,4,2026-02-05 04:30:07.302866
RTM1C53,0.02,0.01,0.03,1000000.0,1000000.0,0,0,0,0,0,0,0,0,4,2026-02-05 04:30:07.302866
RTM1P53,2.91,2.9,2.92,1000000.0,1000000.0,0,0,0,0,0,0,0,0,4,2026-02-05 04:30:07.302866
RTM1C54,0.02,0.01,0.03,1000000.0,1000000.0,0,0,0,0,0,0,0,0,4,2026-02-05 04:30:07.302866
RTM1P54,3.9,3.89,3.91,1000000.0,1000000.0,0,0,0,0,0,0,0,0,4,2026-02-05 04:30:07.302866
RTM,50.19,50.18,50.2,100000000.0,100000000.0,0,0,0,0,0,0,0,0,5,2026-02-05 04:30:08.386967
RTM1C45,5.19,5.18,5.2,1000000.0,1000000.0,0,0,0,0,0,0,0,0,5,2026-02-05 04:30:08.386967
RTM1P45,0.02,0.01,0.03,1000000.0,1000000.0,0,0,0,0,0,0,0,0,5,2026-02-05 04:30:08.386967
RTM1C46,4.19,4.18,4.2,1000000.0,1000000.0,0,0,0,0,0,0,0,0,5,2026-02-05 04:30:08.386967
RTM1P46,0.02,0.01,0.03,1000000.0,1000000.0,0,0,0,0,0,0,0,0,5,2026-02-05 04:30:08.386967
RTM1C47,3.19,3.18,3.2,1000000.0,1000000.0,0,0,0,0,0,0,0,0,5,2026-02-05 04:30:08.386967
RTM1P47,0.02,0.01,0.03,1000000.0,1000000.0,0,0,0,0,0,0,0,0,5,2026-02-05 04:30:08.386967
RTM1C48,2.2,2.19,2.21,1000000.0,1000000.0,0,0,0,0,0,0,0,0,5,2026-02-05 04:30:08.386967
RTM1P48,0.02,0.01,0.03,1000000.0,1000000.0,0,0,0,0,0,0,0,0,5,2026-02-05 04:30:08.386967
RTM1C49,1.29,1.28,1.3,1000000.0,1000000.0,0,0,0,0,0,0,0,0,5,2026-02-05 04:30:08.386967
RTM1P49,0.1,0.09,0.11,1000000.0,1000000.0,0,0,0,0,0,0,0,0,5,2026-02-05 04:30:08.386967
RTM1C50,0.62,0.61,0.63,1000000.0,1000000.0,0,0,0,0,0,0,0,0,5,2026-02-05 04:30:08.386967
RTM1P50,0.43,0.42,0.44,1000000.0,1000000.0,0,0,0,0,0,0,0,0,5,2026-02-05 04:30:08.386967
RTM1C51,0.24,0.23,0.25,1000000.0,1000000.0,0,0,0,0,0,0,0,0,5,2026-02-05 04:30:08.386967
RTM1P51,1.05,1.04,1.06,1000000.0,1000000.0,0,0,0,0,0,0,0,0,5,2026-02-05 04:30:08.386967
RTM1C52,0.05,0.04,0.06,1000000.0,1000000.0,0,0,0,0,0,0,0,0,5,2026-02-05 04:30:08.386967
RTM1P52,1.86,1.85,1.87,1000000.0,1000000.0,0,0,0,0,0,0,0,0,5,2026-02-05 04:30:08.386967
RTM1C53,0.02,0.01,0.03,1000000.0,1000000.0,0,0,0,0,0,0,0,0,5,2026-02-05 04:30:08.386967
RTM1P53,2.82,2.81,2.83,1000000.0,1000000.0,0,0,0,0,0,0,0,0,5,2026-02-05 04:30:08.386967
RTM1C54,0.02,0.01,0.03,1000000.0,1000000.0,0,0,0,0,0,0,0,0,5,2026-02-05 04:30:08.386967
RTM1P54,3.81,3.8,3.82,1000000.0,1000000.0,0,0,0,0,0,0,0,0,5,2026-02-05 04:30:08.386967
RTM,50.18,50.17,50.19,100000000.0,100000000.0,0,0,0,0,0,0,0,0,6,2026-02-05 04:30:09.455463
RTM1C45,5.18,5.17,5.19,1000000.0,1000000.0,0,0,0,0,0,0,0,0,6,2026-02-05 04:30:09.455463
RTM1P45,0.02,0.01,0.03,1000000.0,1000000.0,0,0,0,0,0,0,0,0,6,2026-02-05 04:30:09.455463
RTM1C46,4.18,4.17,4.19,1000000.0,1000000.0,0,0,0,0,0,0,0,0,6,2026-02-05 04:30:09.455463
RTM1P46,0.02,0.01,0.03,1000000.0,1000000.0,0,0,0,0,0,0,0,0,6,2026-02-05 04:30:09.455463
RTM1C47,3.18,3.17,3.19,1000000.0,1000000.0,0,0,0,0,0,0,0,0,6,2026-02-05 04:30:09.455463
RTM1P47,0.02,0.01,0.03,1000000.0,1000000.0,0,0,0,0,0,0,0,0,6,2026-02-05 04:30:09.455463
RTM1C48,2.2,2.19,2.21,1000000.0,1000000.0,0,0,0,0,0,0,0,0,6,2026-02-05 04:30:09.455463
RTM1P48,0.02,0.01,0.03,1000000.0,1000000.0,0,0,0,0,0,0,0,0,6,2026-02-05 04:30:09.455463
RTM1C49,1.26,1.25,1.27,1000000.0,1000000.0,0,0,0,0,0,0,0,0,6,2026-02-05 04:30:09.455463
RTM1P49,0.08,0.07,0.09,1000000.0,1000000.0,0,0,0,0,0,0,0,0,6,2026-02-05 04:30:09.455463
RTM1C50,0.62,0.61,0.63,1000000.0,1000000.0,0,0,0,0,0,0,0,0,6,2026-02-05 04:30:09.455463
RTM1P50,0.44,0.43,0.45,1000000.0,1000000.0,0,0,0,0,0,0,0,0,6,2026-02-05 04:30:09.455463
RTM1C51,0.21,0.2,0.22,1000000.0,1000000.0,0,0,0,0,0,0,0,0,6,2026-02-05 04:30:09.455463
RTM1P51,1.03,1.02,1.04,1000000.0,1000000.0,0,0,0,0,0,0,0,0,6,2026-02-05 04:30:09.455463
RTM1C52,0.04,0.03,0.05,1000000.0,1000000.0,0,0,0,0,0,0,0,0,6,2026-02-05 04:30:09.455463
RTM1P52,1.86,1.85,1.87,1000000.0,1000000.0,0,0,0,0,0,0,0,0,6,2026-02-05 04:30:09.455463
RTM1C53,0.02,0.01,0.03,1000000.0,1000000.0,0,0,0,0,0,0,0,0,6,2026-02-05 04:30:09.455463
RTM1P53,2.82,2.81,2.83,1000000.0,1000000.0,0,0,0,0,0,0,0,0,6,2026-02-05 04:30:09.455463
RTM1C54,0.02,0.01,0.03,1000000.0,1000000.0,0,0,0,0,0,0,0,0,6,2026-02-05 04:30:09.455463
RTM1P54,3.82,3.81,3.83,1000000.0,1000000.0,0,0,0,0,0,0,0,0,6,2026-02-05 04:30:09.455463
RTM,50.03,50.02,50.04,100000000.0,100000000.0,0,0,0,0,0,0,0,0,7,2026-02-05 04:30:10.025793
RTM1C45,5.03,5.02,5.04,1000000.0,1000000.0,0,0,0,0,0,0,0,0,7,2026-02-05 04:30:10.025793
RTM1P45,0.02,0.01,0.03,1000000.0,1000000.0,0,0,0,0,0,0,0,0,7,2026-02-05 04:30:10.025793
RTM1C46,4.03,4.02,4.04,1000000.0,1000000.0,0,0,0,0,0,0,0,0,7,2026-02-05 04:30:10.025793
RTM1P46,0.02,0.01,0.03,1000000.0,1000000.0,0,0,0,0,0,0,0,0,7,2026-02-05 04:30:10.025793
RTM1C47,3.03,3.02,3.04,1000000.0,1000000.0,0,0,0,0,0,0,0,0,7,2026-02-05 04:30:10.025793
RTM1P47,0.02,0.01,0.03,1000000.0,1000000.0,0,0,0,0,0,0,0,0,7,2026-02-05 04:30:10.025793
RTM1C48,2.07,2.06,2.08,1000000.0,1000000.0,0,0,0,0,0,0,0,0,7,2026-02-05 04:30:10.025793
RTM1P48,0.04,0.03,0.05,1000000.0,1000000.0,0,0,0,0,0,0,0,0,7,2026-02-05 04:30:10.025793
RTM1C49,1.14,1.13,1.15,1000000.0,1000000.0,0,0,0,0,0,0,0,0,7,2026-02-05 04:30:10.025793
RTM1P49,0.11,0.1,0.12,1000000.0,1000000.0,0,0,0,0,0,0,0,0,7,2026-02-05 04:30:10.025793
RTM1C50,0.52,0.51,0.53,1000000.0,1000000.0,0,0,0,0,0,0,0,0,7,2026-02-05 04:30:10.025793
RTM1P50,0.49,0.48,0.5,1000000.0,1000000.0,0,0,0,0,0,0,0,0,7,2026-02-05 04:30:10.025793
RTM1C51,0.16,0.15,0.17,1000000.0,1000000.0,0,0,0,0,0,0,0,0,7,2026-02-05 04:30:10.025793
RTM1P51,1.14,1.13,1.15,1000000.0,1000000.0,0,0,0,0,0,0,0,0,7,2026-02-05 04:30:10.025793
RTM1C52,0.03,0.02,0.04,1000000.0,1000000.0,0,0,0,0,0,0,0,0,7,2026-02-05 04:30:10.025793
RTM1P52,2.0,1.99,2.01,1000000.0,1000000.0,0,0,0,0,0,0,0,0,7,2026-02-05 04:30:10.025793
RTM1C53,0.02,0.01,0.03,1000000.0,1000000.0,0,0,0,0,0,0,0,0,7,2026-02-05 04:30:10.025793
RTM1P53,2.98,2.97,2.99,1000000.0,1000000.0,0,0,0,0,0,0,0,0,7,2026-02-05 04:30:10.025793
RTM1C54,0.02,0.01,0.03,1000000.0,1000000.0,0,0,0,0,0,0,0,0,7,2026-02-05 04:30:10.025793
RTM1P54,3.97,3.96,3.98,1000000.0,1000000.0,0,0,0,0,0,0,0,0,7,2026-02-05 04:30:10.025793
RTM,50.1,50.09,50.11,100000000.0,100000000.0,0,0,0,0,0,0,0,0,8,2026-02-05 04:30:11.137486
RTM1C45,5.1,5.09,5.11,1000000.0,1000000.0,0,0,0,0,0,0,0,0,8,2026-02-05 04:30:11.137486
RTM1P45,0.02,0.01,0.03,1000000.0,1000000.0,0,0,0,0,0,0,0,0,8,2026-02-05 04:30:11.137486
RTM1C46,4.1,4.09,4.11,1000000.0,1000000.0,0,0,0,0,0,0,0,0,8,2026-02-05 04:30:11.137486
RTM1P46,0.02,0.01,0.03,1000000.0,1000000.0,0,0,0,0,0,0,0,0,8,2026-02-05 04:30:11.137486
RTM1C47,3.1,3.09,3.11,1000000.0,1000000.0,0,0,0,0,0,0,0,0,8,2026-02-05 04:30:11.137486
RTM1P47,0.02,0.01,0.03,1000000.0,1000000.0,0,0,0,0,0,0,0,0,8,2026-02-05 04:30:11.137486
RTM1C48,2.13,2.12,2.14,1000000.0,1000000.0,0,0,0,0,0,0,0,0,8,2026-02-05 04:30:11.137486
RTM1P48,0.03,0.02,0.04,1000000.0,1000000.0,0,0,0,0,0,0,0,0,8,2026-02-05 04:30:11.137486
RTM1C49,1.2,1.19,1.21,1000000.0,1000000.0,0,0,0,0,0,0,0,0,8,2026-02-05 04:30:11.137486
RTM1P49,0.1,0.09,0.11,1000000.0,1000000.0,0,0,0,0,0,0,0,0,8,2026-02-05 04:30:11.137486
RTM1C50,0.52,0.51,0.53,1000000.0,1000000.0,0,0,0,0,0,0,0,0,8,2026-02-05 04:30:11.137486
RTM1P50,0.42,0.41,0.43,1000000.0,1000000.0,0,0,0,0,0,0,0,0,8,2026-02-05 04:30:11.137486
RTM1C51,0.18,0.17,0.19,1000000.0,1000000.0,0,0,0,0,0,0,0,0,8,2026-02-05 04:30:11.137486
RTM1P51,1.08,1.07,1.09,1000000.0,1000000.0,0,0,0,0,0,0,0,0,8,2026-02-05 04:30:11.137486
RTM1C52,0.03,0.02,0.04,1000000.0,1000000.0,0,0,0,0,0,0,0,0,8,2026-02-05 04:30:11.137486
RTM1P52,1.93,1.92,1.94,1000000.0,1000000.0,0,0,0,0,0,0,0,0,8,2026-02-05 04:30:11.137486
RTM1C53,0.02,0.01,0.03,1000000.0,1000000.0,0,0,0,0,0,0,0,0,8,2026-02-05 04:30:11.137486
RTM1P53,2.91,2.9,2.92,1000000.0,1000000.0,0,0,0,0,0,0,0,0,8,2026-02-05 04:30:11.137486
RTM1C54,0.02,0.01,0.03,1000000.0,1000000.0,0,0,0,0,0,0,0,0,8,2026-02-05 04:30:11.137486
RTM1P54,3.9,3.89,3.91,1000000.0,1000000.0,0,0,0,0,0,0,0,0,8,2026-02-05 04:30:11.137486
RTM,50.23,50.22,50.24,100000000.0,100000000.0,0,0,0,0,0,0,0,0,9,2026-02-05 04:30:12.215159
RTM1C45,5.23,5.22,5.24,1000000.0,1000000.0,0,0,0,0,0,0,0,0,9,2026-02-05 04:30:12.215159
RTM1P45,0.02,0.01,0.03,1000000.0,1000000.0,0,0,0,0,0,0,0,0,9,2026-02-05 04:30:12.215159
RTM1C46,4.23,4.22,4.24,1000000.0,1000000.0,0,0,0,0,0,0,0,0,9,2026-02-05 04:30:12.215159
RTM1P46,0.02,0.01,0.03,1000000.0,1000000.0,0,0,0,0,0,0,0,0,9,2026-02-05 04:30:12.215159
RTM1C47,3.23,3.22,3.24,1000000.0,1000000.0,0,0,0,0,0,0,0,0,9,2026-02-05 04:30:12.215159
RTM1P47,0.02,0.01,0.03,1000000.0,1000000.0,0,0,0,0,0,0,0,0,9,2026-02-05 04:30:12.215159
RTM1C48,2.24,2.23,2.25,1000000.0,1000000.0,0,0,0,0,0,0,0,0,9,2026-02-05 04:30:12.215159
RTM1P48,0.02,0.01,0.03,1000000.0,1000000.0,0,0,0,0,0,0,0,0,9,2026-02-05 04:30:12.215159
RTM1C49,1.37,1.36,1.38,1000000.0,1000000.0,0,0,0,0,0,0,0,0,9,2026-02-05 04:30:12.215159
RTM1P49,0.14,0.13,0.15,1000000.0,1000000.0,0,0,0,0,0,0,0,0,9,2026-02-05 04:30:12.215159
RTM1C50,0.59,0.58,0.6,1000000.0,1000000.0,0,0,0,0,0,0,0,0,9,2026-02-05 04:30:12.215159
RTM1P50,0.36,0.35,0.37,1000000.0,1000000.0,0,0,0,0,0,0,0,0,9,2026-02-05 04:30:12.215159
RTM1C51,0.2,0.19,0.21,1000000.0,1000000.0,0,0,0,0,0,0,0,0,9,2026-02-05 04:30:12.215159
RTM1P51,0.97,0.96,0.98,1000000.0,1000000.0,0,0,0,0,0,0,0,0,9,2026-02-05 04:30:12.215159
RTM1C52,0.05,0.04,0.06,1000000.0,1000000.0,0,0,0,0,0,0,0,0,9,2026-02-05 04:30:12.215159
RTM1P52,1.82,1.81,1.83,1000000.0,1000000.0,0,0,0,0,0,0,0,0,9,2026-02-05 04:30:12.215159
RTM1C53,0.02,0.01,0.03,1000000.0,1000000.0,0,0,0,0,0,0,0,0,9,2026-02-05 04:30:12.215159
RTM1P53,2.78,2.77,2.79,1000000.0,1000000.0,0,0,0,0,0,0,0,0,9,2026-02-05 04:30:12.215159
RTM1C54,0.02,0.01,0.03,1000000.0,1000000.0,0,0,0,0,0,0,0,0,9,2026-02-05 04:30:12.215159
RTM1P54,3.77,3.76,3.78,1000000.0,1000000.0,0,0,0,0,0,0,0,0,9,2026-02-05 04:30:12.215159
RTM,50.05,50.04,50.06,100000000.0,100000000.0,0,0,0,0,0,0,0,0,10,2026-02-05 04:30:13.286013
RTM1C45,5.05,5.04,5.06,1000000.0,1000000.0,0,0,0,0,0,0,0,0,10,2026-02-05 04:30:13.286013
RTM1P45,0.02,0.01,0.03,1000000.0,1000000.0,0,0,0,0,0,0,0,0,10,2026-02-05 04:30:13.286013
RTM1C46,4.05,4.04,4.06,1000000.0,1000000.0,0,0,0,0,0,0,0,0,10,2026-02-05 04:30:13.286013
RTM1P46,0.02,0.01,0.03,1000000.0,1000000.0,0,0,0,0,0,0,0,0,10,2026-02-05 04:30:13.286013
RTM1C47,3.05,3.04,3.06,1000000.0,1000000.0,0,0,0,0,0,0,0,0,10,2026-02-05 04:30:13.286013
RTM1P47,0.02,0.01,0.03,1000000.0,1000000.0,0,0,0,0,0,0,0,0,10,2026-02-05 04:30:13.286013
RTM1C48,2.07,2.06,2.08,1000000.0,1000000.0,0,0,0,0,0,0,0,0,10,2026-02-05 04:30:13.286013
RTM1P48,0.02,0.01,0.03,1000000.0,1000000.0,0,0,0,0,0,0,0,0,10,2026-02-05 04:30:13.286013
RTM1C49,1.16,1.15,1.17,1000000.0,1000000.0,0,0,0,0,0,0,0,0,10,2026-02-05 04:30:13.286013
RTM1P49,0.11,0.1,0.12,1000000.0,1000000.0,0,0,0,0,0,0,0,0,10,2026-02-05 04:30:13.286013
RTM1C50,0.54,0.53,0.55,1000000.0,1000000.0,0,0,0,0,0,0,0,0,10,2026-02-05 04:30:13.286013
RTM1P50,0.49,0.48,0.5,1000000.0,1000000.0,0,0,0,0,0,0,0,0,10,2026-02-05 04:30:13.286013
RTM1C51,0.13,0.12,0.14,1000000.0,1000000.0,0,0,0,0,0,0,0,0,10,2026-02-05 04:30:13.286013
RTM1P51,1.08,1.07,1.09,1000000.0,1000000.0,0,0,0,0,0,0,0,0,10,2026-02-05 04:30:13.286013
RTM1C52,0.06,0.05,0.07,1000000.0,1000000.0,0,0,0,0,0,0,0,0,10,2026-02-05 04:30:13.286013
RTM1P52,2.01,2.0,2.02,1000000.0,1000000.0,0,0,0,0,0,0,0,0,10,2026-02-05 04:30:13.286013
RTM1C53,0.02,0.01,0.03,1000000.0,1000000.0,0,0,0,0,0,0,0,0,10,2026-02-05 04:30:13.286013
RTM1P53,2.95,2.94,2.96,1000000.0,1000000.0,0,0,0,0,0,0,0,0,10,2026-02-05 04:30:13.286013
RTM1C54,0.02,0.01,0.03,1000000.0,1000000.0,0,0,0,0,0,0,0,0,10,2026-02-05 04:30:13.286013
RTM1P54,3.95,3.94,3.96,1000000.0,1000000.0,0,0,0,0,0,0,0,0,10,2026-02-05 04:30:13.286013
RTM,50.15,50.14,50.16,100000000.0,100000000.0,0,0,0,0,0,0,0,0,11,2026-02-05 04:30:14.405626
RTM1C45,5.15,5.14,5.16,1000000.0,1000000.0,0,0,0,0,0,0,0,0,11,2026-02-05 04:30:14.405626
RTM1P45,0.02,0.01,0.03,1000000.0,1000000.0,0,0,0,0,0,0,0,0,11,2026-02-05 04:30:14.405626
RTM1C46,4.16,4.15,4.17,1000000.0,1000000.0,0,0,0,0,0,0,0,0,11,2026-02-05 04:30:14.405626
RTM1P46,0.02,0.01,0.03,1000000.0,1000000.0,0,0,0,0,0,0,0,0,11,2026-02-05 04:30:14.405626
RTM1C47,3.16,3.15,3.17,1000000.0,1000000.0,0,0,0,0,0,0,0,0,11,2026-02-05 04:30:14.405626
RTM1P47,0.02,0.01,0.03,1000000.0,1000000.0,0,0,0,0,0,0,0,0,11,2026-02-05 04:30:14.405626
RTM1C48,2.18,2.17,2.19,1000000.0,1000000.0,0,0,0,0,0,0,0,0,11,2026-02-05 04:30:14.405626
RTM1P48,0.02,0.01,0.03,1000000.0,1000000.0,0,0,0,0,0,0,0,0,11,2026-02-05 04:30:14.405626
RTM1C49,1.25,1.24,1.26,1000000.0,1000000.0,0,0,0,0,0,0,0,0,11,2026-02-05 04:30:14.405626
RTM1P49,0.1,0.09,0.11,1000000.0,1000000.0,0,0,0,0,0,0,0,0,11,2026-02-05 04:30:14.405626
RTM1C50,0.59,0.58,0.6,1000000.0,1000000.0,0,0,0,0,0,0,0,0,11,2026-02-05 04:30:14.405626
RTM1P50,0.44,0.43,0.45,1000000.0,1000000.0,0,0,0,0,0,0,0,0,11,2026-02-05 04:30:14.405626
RTM1C51,0.21,0.2,0.22,1000000.0,1000000.0,0,0,0,0,0,0,0,0,11,2026-02-05 04:30:14.405626
RTM1P51,1.05,1.04,1.06,1000000.0,1000000.0,0,0,0,0,0,0,0,0,11,2026-02-05 04:30:14.405626
RTM1C52,0.04,0.03,0.05,1000000.0,1000000.0,0,0,0,0,0,0,0,0,11,2026-02-05 04:30:14.405626
RTM1P52,1.89,1.88,1.9,1000000.0,1000000.0,0,0,0,0,0,0,0,0,11,2026-02-05 04:30:14.405626
RTM1C53,0.02,0.01,0.03,1000000.0,1000000.0,0,0,0,0,0,0,0,0,11,2026-02-05 04:30:14.405626
RTM1P53,2.85,2.84,2.86,1000000.0,1000000.0,0,0,0,0,0,0,0,0,11,2026-02-05 04:30:14.405626
RTM1C54,0.02,0.01,0.03,1000000.0,1000000.0,0,0,0,0,0,0,0,0,11,2026-02-05 04:30:14.405626
RTM1P54,3.85,3.84,3.86,1000000.0,1000000.0,0,0,0,0,0,0,0,0,11,2026-02-05 04:30:14.405626
RTM,50.13,50.12,50.14,100000000.0,100000000.0,0,0,0,0,0,0,0,0,12,2026-02-05 04:30:15.491275
RTM1C45,5.13,5.12,5.14,1000000.0,1000000.0,0,0,0,0,0,0,0,0,12,2026-02-05 04:30:15.491275
RTM1P45,0.02,0.01,0.03,1000000.0,1000000.0,0,0,0,0,0,0,0,0,12,2026-02-05 04:30:15.491275
RTM1C46,4.13,4.12,4.14,1000000.0,1000000.0,0,0,0,0,0,0,0,0,12,2026-02-05 04:30:15.491275
RTM1P46,0.02,0.01,0.03,1000000.0,1000000.0,0,0,0,0,0,0,0,0,12,2026-02-05 04:30:15.491275
RTM1C47,3.13,3.12,3.14,1000000.0,1000000.0,0,0,0,0,0,0,0,0,12,2026-02-05 04:30:15.491275
RTM1P47,0.02,0.01,0.03,1000000.0,1000000.0,0,0,0,0,0,0,0,0,12,2026-02-05 04:30:15.491275
RTM1C48,2.15,2.14,2.16,1000000.0,1000000.0,0,0,0,0,0,0,0,0,12,2026-02-05 04:30:15.491275
RTM1P48,0.02,0.01,0.03,1000000.0,1000000.0,0,0,0,0,0,0,0,0,12,2026-02-05 04:30:15.491275
RTM1C49,1.25,1.24,1.26,1000000.0,1000000.0,0,0,0,0,0,0,0,0,12,2026-02-05 04:30:15.491275
RTM1P49,0.13,0.12,0.14,1000000.0,1000000.0,0,0,0,0,0,0,0,0,12,2026-02-05 04:30:15.491275
RTM1C50,0.58,0.57,0.59,1000000.0,1000000.0,0,0,0,0,0,0,0,0,12,2026-02-05 04:30:15.491275
RTM1P50,0.45,0.44,0.46,1000000.0,1000000.0,0,0,0,0,0,0,0,0,12,2026-02-05 04:30:15.491275
RTM1C51,0.23,0.22,0.24,1000000.0,1000000.0,0,0,0,0,0,0,0,0,12,2026-02-05 04:30:15.491275
RTM1P51,1.1,1.09,1.11,1000000.0,1000000.0,0,0,0,0,0,0,0,0,12,2026-02-05 04:30:15.491275
RTM1C52,0.06,0.05,0.07,1000000.0,1000000.0,0,0,0,0,0,0,0,0,12,2026-02-05 04:30:15.491275
RTM1P52,1.94,1.93,1.95,1000000.0,1000000.0,0,0,0,0,0,0,0,0,12,2026-02-05 04:30:15.491275
RTM1C53,0.02,0.01,0.03,1000000.0,1000000.0,0,0,0,0,0,0,0,0,12,2026-02-05 04:30:15.491275
RTM1P53,2.88,2.87,2.89,1000000.0,1000000.0,0,0,0,0,0,0,0,0,12,2026-02-05 04:30:15.491275
RTM1C54,0.02,0.01,0.03,1000000.0,1000000.0,0,0,0,0,0,0,0,0,12,2026-02-05 04:30:15.491275
RTM1P54,3.88,3.87,3.89,1000000.0,1000000.0,0,0,0,0,0,0,0,0,12,2026-02-05 04:30:15.491275
RTM,50.18,50.17,50.19,100000000.0,100000000.0,0,0,0,0,0,0,0,0,13,2026-02-05 04:30:16.076667
RTM1C45,5.18,5.17,5.19,1000000.0,1000000.0,0,0,0,0,0,0,0,0,13,2026-02-05 04:30:16.076667
RTM1P45,0.02,0.01,0.03,1000000.0,1000000.0,0,0,0,0,0,0,0,0,13,2026-02-05 04:30:16.076667
RTM1C46,4.18,4.17,4.19,1000000.0,1000000.0,0,0,0,0,0,0,0,0,13,2026-02-05 04:30:16.076667
RTM1P46,0.02,0.01,0.03,1000000.0,1000000.0,0,0,0,0,0,0,0,0,13,2026-02-05 04:30:16.076667
RTM1C47,3.18,3.17,3.19,1000000.0,1000000.0,0,0,0,0,0,0,0,0,13,2026-02-05 04:30:16.076667
RTM1P47,0.02,0.01,0.03,1000000.0,1000000.0,0,0,0,0,0,0,0,0,13,2026-02-05 04:30:16.076667
RTM1C48,2.21,2.2,2.22,1000000.0,1000000.0,0,0,0,0,0,0,0,0,13,2026-02-05 04:30:16.076667
RTM1P48,0.03,0.02,0.04,1000000.0,1000000.0,0,0,0,0,0,0,0,0,13,2026-02-05 04:30:16.076667
RTM1C49,1.29,1.28,1.3,1000000.0,1000000.0,0,0,0,0,0,0,0,0,13,2026-02-05 04:30:16.076667
RTM1P49,0.11,0.1,0.12,1000000.0,1000000.0,0,0,0,0,0,0,0,0,13,2026-02-05 04:30:16.076667
RTM1C50,0.62,0.61,0.63,1000000.0,1000000.0,0,0,0,0,0,0,0,0,13,2026-02-05 04:30:16.076667
RTM1P50,0.44,0.43,0.45,1000000.0,1000000.0,0,0,0,0,0,0,0,0,13,2026-02-05 04:30:16.076667
RTM1C51,0.22,0.21,0.23,1000000.0,1000000.0,0,0,0,0,0,0,0,0,13,2026-02-05 04:30:16.076667
RTM1P51,1.04,1.03,1.05,1000000.0,1000000.0,0,0,0,0,0,0,0,0,13,2026-02-05 04:30:16.076667
RTM1C52,0.07,0.06,0.08,1000000.0,1000000.0,0,0,0,0,0,0,0,0,13,2026-02-05 04:30:16.076667
RTM1P52,1.89,1.88,1.9,1000000.0,1000000.0,0,0,0,0,0,0,0,0,13,2026-02-05 04:30:16.076667
RTM1C53,0.02,0.01,0.03,1000000.0,1000000.0,0,0,0,0,0,0,0,0,13,2026-02-05 04:30:16.076667
RTM1P53,2.83,2.82,2.84,1000000.0,1000000.0,0,0,0,0,0,0,0,0,13,2026-02-05 04:30:16.076667
RTM1C54,0.02,0.01,0.03,1000000.0,1000000.0,0,0,0,0,0,0,0,0,13,2026-02-05 04:30:16.076667
RTM1P54,3.82,3.81,3.83,1000000.0,1000000.0,0,0,0,0,0,0,0,0,13,2026-02-05 04:30:16.076667
RTM,50.18,50.17,50.19,100000000.0,100000000.0,0,0,0,0,0,0,0,0,14,2026-02-05 04:30:17.202065
RTM1C45,5.18,5.17,5.19,1000000.0,1000000.0,0,0,0,0,0,0,0,0,14,2026-02-05 04:30:17.202065
RTM1P45,0.02,0.01,0.03,1000000.0,1000000.0,0,0,0,0,0,0,0,0,14,2026-02-05 04:30:17.202065
RTM1C46,4.18,4.17,4.19,1000000.0,1000000.0,0,0,0,0,0,0,0,0,14,2026-02-05 04:30:17.202065
RTM1P46,0.02,0.01,0.03,1000000.0,1000000.0,0,0,0,0,0,0,0,0,14,2026-02-05 04:30:17.202065
RTM1C47,3.18,3.17,3.19,1000000.0,1000000.0,0,0,0,0,0,0,0,0,14,2026-02-05 04:30:17.202065
RTM1P47,0.02,0.01,0.03,1000000.0,1000000.0,0,0,0,0,0,0,0,0,14,2026-02-05 04:30:17.202065
RTM1C48,2.2,2.19,2.21,1000000.0,1000000.0,0,0,0,0,0,0,0,0,14,2026-02-05 04:30:17.202065
RTM1P48,0.02,0.01,0.03,1000000.0,1000000.0,0,0,0,0,0,0,0,0,14,2026-02-05 04:30:17.202065
RTM1C49,1.31,1.3,1.32,1000000.0,1000000.0,0,0,0,0,0,0,0,0,14,2026-02-05 04:30:17.202065
RTM1P49,0.14,0.13,0.15,1000000.0,1000000.0,0,0,0,0,0,0,0,0,14,2026-02-05 04:30:17.202065
RTM1C50,0.65,0.64,0.66,1000000.0,1000000.0,0,0,0,0,0,0,0,0,14,2026-02-05 04:30:17.202065
RTM1P50,0.48,0.47,0.49,1000000.0,1000000.0,0,0,0,0,0,0,0,0,14,2026-02-05 04:30:17.202065
RTM1C51,0.21,0.2,0.22,1000000.0,1000000.0,0,0,0,0,0,0,0,0,14,2026-02-05 04:30:17.202065
RTM1P51,1.04,1.03,1.05,1000000.0,1000000.0,0,0,0,0,0,0,0,0,14,2026-02-05 04:30:17.202065
RTM1C52,0.03,0.02,0.04,1000000.0,1000000.0,0,0,0,0,0,0,0,0,14,2026-02-05 04:30:17.202065
RTM1P52,1.86,1.85,1.87,1000000.0,1000000.0,0,0,0,0,0,0,0,0,14,2026-02-05 04:30:17.202065
RTM1C53,0.02,0.01,0.03,1000000.0,1000000.0,0,0,0,0,0,0,0,0,14,2026-02-05 04:30:17.202065
RTM1P53,2.83,2.82,2.84,1000000.0,1000000.0,0,0,0,0,0,0,0,0,14,2026-02-05 04:30:17.202065
RTM1C54,0.02,0.01,0.03,1000000.0,1000000.0,0,0,0,0,0,0,0,0,14,2026-02-05 04:30:17.202065
RTM1P54,3.83,3.82,3.84,1000000.0,1000000.0,0,0,0,0,0,0,0,0,14,2026-02-05 04:30:17.202065
RTM,50.31,50.3,50.32,100000000.0,100000000.0,0,0,0,0,0,0,0,0,15,2026-02-05 04:30:18.287663
RTM1C45,5.31,5.3,5.32,1000000.0,1000000.0,0,0,0,0,0,0,0,0,15,2026-02-05 04:30:18.287663
RTM1P45,0.02,0.01,0.03,1000000.0,1000000.0,0,0,0,0,0,0,0,0,15,2026-02-05 04:30:18.287663
RTM1C46,4.31,4.3,4.32,1000000.0,1000000.0,0,0,0,0,0,0,0,0,15,2026-02-05 04:30:18.287663
RTM1P46,0.02,0.01,0.03,1000000.0,1000000.0,0,0,0,0,0,0,0,0,15,2026-02-05 04:30:18.287663
RTM1C47,3.31,3.3,3.32,1000000.0,1000000.0,0,0,0,0,0,0,0,0,15,2026-02-05 04:30:18.287663
RTM1P47,0.02,0.01,0.03,1000000.0,1000000.0,0,0,0,0,0,0,0,0,15,2026-02-05 04:30:18.287663
RTM1C48,2.33,2.32,2.34,1000000.0,1000000.0,0,0,0,0,0,0,0,0,15,2026-02-05 04:30:18.287663
RTM1P48,0.02,0.01,0.03,1000000.0,1000000.0,0,0,0,0,0,0,0,0,15,2026-02-05 04:30:18.287663
RTM1C49,1.39,1.38,1.4,1000000.0,1000000.0,0,0,0,0,0,0,0,0,15,2026-02-05 04:30:18.287663
RTM1P49,0.08,0.07,0.09,1000000.0,1000000.0,0,0,0,0,0,0,0,0,15,2026-02-05 04:30:18.287663
RTM1C50,0.64,0.63,0.65,1000000.0,1000000.0,0,0,0,0,0,0,0,0,15,2026-02-05 04:30:18.287663
RTM1P50,0.33,0.32,0.34,1000000.0,1000000.0,0,0,0,0,0,0,0,0,15,2026-02-05 04:30:18.287663
RTM1C51,0.25,0.24,0.26,1000000.0,1000000.0,0,0,0,0,0,0,0,0,15,2026-02-05 04:30:18.287663
RTM1P51,0.94,0.93,0.95,1000000.0,1000000.0,0,0,0,0,0,0,0,0,15,2026-02-05 04:30:18.287663
RTM1C52,0.07,0.06,0.08,1000000.0,1000000.0,0,0,0,0,0,0,0,0,15,2026-02-05 04:30:18.287663
RTM1P52,1.76,1.75,1.77,1000000.0,1000000.0,0,0,0,0,0,0,0,0,15,2026-02-05 04:30:18.287663
RTM1C53,0.02,0.01,0.03,1000000.0,1000000.0,0,0,0,0,0,0,0,0,15,2026-02-05 04:30:18.287663
RTM1P53,2.7,2.69,2.71,1000000.0,1000000.0,0,0,0,0,0,0,0,0,15,2026-02-05 04:30:18.287663
RTM1C54,0.02,0.01,0.03,1000000.0,1000000.0,0,0,0,0,0,0,0,0,15,2026-02-05 04:30:18.287663
RTM1P54,3.69,3.68,3.7,1000000.0,1000000.0,0,0,0,0,0,0,0,0,15,2026-02-05 04:30:18.287663
RTM,50.27,50.25,50.27,100000000.0,100000000.0,0,0,0,0,0,0,0,0,16,2026-02-05 04:30:19.362291
RTM1C45,5.26,5.25,5.27,1000000.0,1000000.0,0,0,0,0,0,0,0,0,16,2026-02-05 04:30:19.362291
RTM1P45,0.02,0.01,0.03,1000000.0,1000000.0,0,0,0,0,0,0,0,0,16,2026-02-05 04:30:19.362291
RTM1C46,4.26,4.25,4.27,1000000.0,1000000.0,0,0,0,0,0,0,0,0,16,2026-02-05 04:30:19.362291
RTM1P46,0.02,0.01,0.03,1000000.0,1000000.0,0,0,0,0,0,0,0,0,16,2026-02-05 04:30:19.362291
RTM1C47,3.27,3.26,3.28,1000000.0,1000000.0,0,0,0,0,0,0,0,0,16,2026-02-05 04:30:19.362291
RTM1P47,0.02,0.01,0.03,1000000.0,1000000.0,0,0,0,0,0,0,0,0,16,2026-02-05 04:30:19.362291
RTM1C48,2.29,2.28,2.3,1000000.0,1000000.0,0,0,0,0,0,0,0,0,16,2026-02-05 04:30:19.362291
RTM1P48,0.02,0.01,0.03,1000000.0,1000000.0,0,0,0,0,0,0,0,0,16,2026-02-05 04:30:19.362291
RTM1C49,1.4,1.39,1.41,1000000.0,1000000.0,0,0,0,0,0,0,0,0,16,2026-02-05 04:30:19.362291
RTM1P49,0.13,0.12,0.14,1000000.0,1000000.0,0,0,0,0,0,0,0,0,16,2026-02-05 04:30:19.362291
RTM1C50,0.62,0.61,0.63,1000000.0,1000000.0,0,0,0,0,0,0,0,0,16,2026-02-05 04:30:19.362291
RTM1P50,0.36,0.35,0.37,1000000.0,1000000.0,0,0,0,0,0,0,0,0,16,2026-02-05 04:30:19.362291
RTM1C51,0.23,0.22,0.24,1000000.0,1000000.0,0,0,0,0,0,0,0,0,16,2026-02-05 04:30:19.362291
RTM1P51,0.96,0.95,0.97,1000000.0,1000000.0,0,0,0,0,0,0,0,0,16,2026-02-05 04:30:19.362291
RTM1C52,0.05,0.04,0.06,1000000.0,1000000.0,0,0,0,0,0,0,0,0,16,2026-02-05 04:30:19.362291
RTM1P52,1.78,1.77,1.79,1000000.0,1000000.0,0,0,0,0,0,0,0,0,16,2026-02-05 04:30:19.362291
RTM1C53,0.02,0.01,0.03,1000000.0,1000000.0,0,0,0,0,0,0,0,0,16,2026-02-05 04:30:19.362291
RTM1P53,2.75,2.74,2.76,1000000.0,1000000.0,0,0,0,0,0,0,0,0,16,2026-02-05 04:30:19.362291
RTM1C54,0.02,0.01,0.03,1000000.0,1000000.0,0,0,0,0,0,0,0,0,16,2026-02-05 04:30:19.362291
RTM1P54,3.74,3.73,3.75,1000000.0,1000000.0,0,0,0,0,0,0,0,0,16,2026-02-05 04:30:19.362291
RTM,50.22,50.2,50.22,100000000.0,100000000.0,0,0,0,0,0,0,0,0,17,2026-02-05 04:30:20.439757
RTM1C45,5.21,5.2,5.22,1000000.0,1000000.0,0,0,0,0,0,0,0,0,17,2026-02-05 04:30:20.439757
RTM1P45,0.02,0.01,0.03,1000000.0,1000000.0,0,0,0,0,0,0,0,0,17,2026-02-05 04:30:20.439757
RTM1C46,4.21,4.2,4.22,1000000.0,1000000.0,0,0,0,0,0,0,0,0,17,2026-02-05 04:30:20.439757
RTM1P46,0.02,0.01,0.03,1000000.0,1000000.0,0,0,0,0,0,0,0,0,17,2026-02-05 04:30:20.439757
RTM1C47,3.21,3.2,3.22,1000000.0,1000000.0,0,0,0,0,0,0,0,0,17,2026-02-05 04:30:20.439757
RTM1P47,0.02,0.01,0.03,1000000.0,1000000.0,0,0,0,0,0,0,0,0,17,2026-02-05 04:30:20.439757
RTM1C48,2.23,2.22,2.24,1000000.0,1000000.0,0,0,0,0,0,0,0,0,17,2026-02-05 04:30:20.439757
RTM1P48,0.02,0.01,0.03,1000000.0,1000000.0,0,0,0,0,0,0,0,0,17,2026-02-05 04:30:20.439757
RTM1C49,1.32,1.31,1.33,1000000.0,1000000.0,0,0,0,0,0,0,0,0,17,2026-02-05 04:30:20.439757
RTM1P49,0.11,0.1,0.12,1000000.0,1000000.0,0,0,0,0,0,0,0,0,17,2026-02-05 04:30:20.439757
RTM1C50,0.64,0.63,0.65,1000000.0,1000000.0,0,0,0,0,0,0,0,0,17,2026-02-05 04:30:20.439757
RTM1P50,0.43,0.42,0.44,1000000.0,1000000.0,0,0,0,0,0,0,0,0,17,2026-02-05 04:30:20.439757
RTM1C51,0.25,0.24,0.26,1000000.0,1000000.0,0,0,0,0,0,0,0,0,17,2026-02-05 04:30:20.439757
RTM1P51,1.04,1.03,1.05,1000000.0,1000000.0,0,0,0,0,0,0,0,0,17,2026-02-05 04:30:20.439757
RTM1C52,0.05,0.04,0.06,1000000.0,1000000.0,0,0,0,0,0,0,0,0,17,2026-02-05 04:30:20.439757
RTM1P52,1.84,1.83,1.85,1000000.0,1000000.0,0,0,0,0,0,0,0,0,17,2026-02-05 04:30:20.439757
RTM1C53,0.02,0.01,0.03,1000000.0,1000000.0,0,0,0,0,0,0,0,0,17,2026-02-05 04:30:20.439757
RTM1P53,2.8,2.79,2.81,1000000.0,1000000.0,0,0,0,0,0,0,0,0,17,2026-02-05 04:30:20.439757
RTM1C54,0.02,0.01,0.03,1000000.0,1000000.0,0,0,0,0,0,0,0,0,17,2026-02-05 04:30:20.439757
RTM1P54,3.79,3.78,3.8,1000000.0,1000000.0,0,0,0,0,0,0,0,0,17,2026-02-05 04:30:20.439757
RTM,50.23,50.22,50.24,100000000.0,100000000.0,0,0,0,0,0,0,0,0,18,2026-02-05 04:30:21.511513
RTM1C45,5.23,5.22,5.24,1000000.0,1000000.0,0,0,0,0,0,0,0,0,18,2026-02-05 04:30:21.511513
RTM1P45,0.02,0.01,0.03,1000000.0,1000000.0,0,0,0,0,0,0,0,0,18,2026-02-05 04:30:21.511513
RTM1C46,4.23,4.22,4.24,1000000.0,1000000.0,0,0,0,0,0,0,0,0,18,2026-02-05 04:30:21.511513
RTM1P46,0.02,0.01,0.03,1000000.0,1000000.0,0,0,0,0,0,0,0,0,18,2026-02-05 04:30:21.511513
RTM1C47,3.24,3.23,3.25,1000000.0,1000000.0,0,0,0,0,0,0,0,0,18,2026-02-05 04:30:21.511513
RTM1P47,0.02,0.01,0.03,1000000.0,1000000.0,0,0,0,0,0,0,0,0,18,2026-02-05 04:30:21.511513
RTM1C48,2.26,2.25,2.27,1000000.0,1000000.0,0,0,0,0,0,0,0,0,18,2026-02-05 04:30:21.511513
RTM1P48,0.03,0.02,0.04,1000000.0,1000000.0,0,0,0,0,0,0,0,0,18,2026-02-05 04:30:21.511513
RTM1C49,1.33,1.32,1.34,1000000.0,1000000.0,0,0,0,0,0,0,0,0,18,2026-02-05 04:30:21.511513
RTM1P49,0.1,0.09,0.11,1000000.0,1000000.0,0,0,0,0,0,0,0,0,18,2026-02-05 04:30:21.511513
RTM1C50,0.62,0.61,0.63,1000000.0,1000000.0,0,0,0,0,0,0,0,0,18,2026-02-05 04:30:21.511513
RTM1P50,0.39,0.38,0.4,1000000.0,1000000.0,0,0,0,0,0,0,0,0,18,2026-02-05 04:30:21.511513
RTM1C51,0.2,0.19,0.21,1000000.0,1000000.0,0,0,0,0,0,0,0,0,18,2026-02-05 04:30:21.511513
RTM1P51,0.97,0.96,0.98,1000000.0,1000000.0,0,0,0,0,0,0,0,0,18,2026-02-05 04:30:21.511513
RTM1C52,0.05,0.04,0.06,1000000.0,1000000.0,0,0,0,0,0,0,0,0,18,2026-02-05 04:30:21.511513
RTM1P52,1.81,1.8,1.82,1000000.0,1000000.0,0,0,0,0,0,0,0,0,18,2026-02-05 04:30:21.511513
RTM1C53,0.02,0.01,0.03,1000000.0,1000000.0,0,0,0,0,0,0,0,0,18,2026-02-05 04:30:21.511513
RTM1P53,2.78,2.77,2.79,1000000.0,1000000.0,0,0,0,0,0,0,0,0,18,2026-02-05 04:30:21.511513
RTM1C54,0.02,0.01,0.03,1000000.0,1000000.0,0,0,0,0,0,0,0,0,18,2026-02-05 04:30:21.511513
RTM1P54,3.77,3.76,3.78,1000000.0,1000000.0,0,0,0,0,0,0,0,0,18,2026-02-05 04:30:21.511513
RTM,50.1,50.09,50.11,100000000.0,100000000.0,0,0,0,0,0,0,0,0,19,2026-02-05 04:30:22.153431
RTM1C45,5.1,5.09,5.11,1000000.0,1000000.0,0,0,0,0,0,0,0,0,19,2026-02-05 04:30:22.153431
RTM1P45,0.02,0.01,0.03,1000000.0,1000000.0,0,0,0,0,0,0,0,0,19,2026-02-05 04:30:22.153431
RTM1C46,4.1,4.09,4.11,1000000.0,1000000.0,0,0,0,0,0,0,0,0,19,2026-02-05 04:30:22.153431
RTM1P46,0.02,0.01,0.03,1000000.0,1000000.0,0,0,0,0,0,0,0,0,19,2026-02-05 04:30:22.153431
RTM1C47,3.11,3.1,3.12,1000000.0,1000000.0,0,0,0,0,0,0,0,0,19,2026-02-05 04:30:22.153431
RTM1P47,0.02,0.01,0.03,1000000.0,1000000.0,0,0,0,0,0,0,0,0,19,2026-02-05 04:30:22.153431
RTM1C48,2.13,2.12,2.14,1000000.0,1000000.0,0,0,0,0,0,0,0,0,19,2026-02-05 04:30:22.153431
RTM1P48,0.03,0.02,0.04,1000000.0,1000000.0,0,0,0,0,0,0,0,0,19,2026-02-05 04:30:22.153431
RTM1C49,1.22,1.21,1.23,1000000.0,1000000.0,0,0,0,0,0,0,0,0,19,2026-02-05 04:30:22.153431
RTM1P49,0.11,0.1,0.12,1000000.0,1000000.0,0,0,0,0,0,0,0,0,19,2026-02-05 04:30:22.153431
RTM1C50,0.6,0.59,0.61,1000000.0,1000000.0,0,0,0,0,0,0,0,0,19,2026-02-05 04:30:22.153431
RTM1P50,0.49,0.48,0.5,1000000.0,1000000.0,0,0,0,0,0,0,0,0,19,2026-02-05 04:30:22.153431
RTM1C51,0.21,0.2,0.22,1000000.0,1000000.0,0,0,0,0,0,0,0,0,19,2026-02-05 04:30:22.153431
RTM1P51,1.11,1.1,1.12,1000000.0,1000000.0,0,0,0,0,0,0,0,0,19,2026-02-05 04:30:22.153431
RTM1C52,0.04,0.03,0.05,1000000.0,1000000.0,0,0,0,0,0,0,0,0,19,2026-02-05 04:30:22.153431
RTM1P52,1.94,1.93,1.95,1000000.0,1000000.0,0,0,0,0,0,0,0,0,19,2026-02-05 04:30:22.153431
RTM1C53,0.02,0.01,0.03,1000000.0,1000000.0,0,0,0,0,0,0,0,0,19,2026-02-05 04:30:22.153431
RTM1P53,2.9,2.89,2.91,1000000.0,1000000.0,0,0,0,0,0,0,0,0,19,2026-02-05 04:30:22.153431
RTM1C54,0.02,0.01,0.03,1000000.0,1000000.0,0,0,0,0,0,0,0,0,19,2026-02-05 04:30:22.153431
RTM1P54,3.9,3.89,3.91,1000000.0,1000000.0,0,0,0,0,0,0,0,0,19,2026-02-05 04:30:22.153431
RTM,50.03,50.02,50.04,100000000.0,100000000.0,0,0,0,0,0,0,0,0,20,2026-02-05 04:30:23.275519
RTM1C45,5.03,5.02,5.04,1000000.0,1000000.0,0,0,0,0,0,0,0,0,20,2026-02-05 04:30:23.275519
RTM1P45,0.02,0.01,0.03,1000000.0,1000000.0,0,0,0,0,0,0,0,0,20,2026-02-05 04:30:23.275519
RTM1C46,4.03,4.02,4.04,1000000.0,1000000.0,0,0,0,0,0,0,0,0,20,2026-02-05 04:30:23.275519
RTM1P46,0.02,0.01,0.03,1000000.0,1000000.0,0,0,0,0,0,0,0,0,20,2026-02-05 04:30:23.275519
RTM1C47,3.03,3.02,3.04,1000000.0,1000000.0,0,0,0,0,0,0,0,0,20,2026-02-05 04:30:23.275519
RTM1P47,0.02,0.01,0.03,1000000.0,1000000.0,0,0,0,0,0,0,0,0,20,2026-02-05 04:30:23.275519
RTM1C48,2.06,2.05,2.07,1000000.0,1000000.0,0,0,0,0,0,0,0,0,20,2026-02-05 04:30:23.275519
RTM1P48,0.03,0.02,0.04,1000000.0,1000000.0,0,0,0,0,0,0,0,0,20,2026-02-05 04:30:23.275519
RTM1C49,1.18,1.17,1.19,1000000.0,1000000.0,0,0,0,0,0,0,0,0,20,2026-02-05 04:30:23.275519
RTM1P49,0.16,0.15,0.17,1000000.0,1000000.0,0,0,0,0,0,0,0,0,20,2026-02-05 04:30:23.275519
RTM1C50,0.49,0.48,0.5,1000000.0,1000000.0,0,0,0,0,0,0,0,0,20,2026-02-05 04:30:23.275519
RTM1P50,0.46,0.45,0.47,1000000.0,1000000.0,0,0,0,0,0,0,0,0,20,2026-02-05 04:30:23.275519
RTM1C51,0.17,0.16,0.18,1000000.0,1000000.0,0,0,0,0,0,0,0,0,20,2026-02-05 04:30:23.275519
RTM1P51,1.15,1.14,1.16,1000000.0,1000000.0,0,0,0,0,0,0,0,0,20,2026-02-05 04:30:23.275519
RTM1C52,0.04,0.03,0.05,1000000.0,1000000.0,0,0,0,0,0,0,0,0,20,2026-02-05 04:30:23.275519
RTM1P52,2.02,2.01,2.03,1000000.0,1000000.0,0,0,0,0,0,0,0,0,20,2026-02-05 04:30:23.275519
RTM1C53,0.02,0.01,0.03,1000000.0,1000000.0,0,0,0,0,0,0,0,0,20,2026-02-05 04:30:23.275519
RTM1P53,2.99,2.98,3.0,1000000.0,1000000.0,0,0,0,0,0,0,0,0,20,2026-02-05 04:30:23.275519
RTM1C54,0.02,0.01,0.03,1000000.0,1000000.0,0,0,0,0,0,0,0,0,20,2026-02-05 04:30:23.275519
RTM1P54,3.97,3.96,3.98,1000000.0,1000000.0,0,0,0,0,0,0,0,0,20,2026-02-05 04:30:23.275519
RTM,50.05,50.04,50.06,100000000.0,100000000.0,0,0,0,0,0,0,0,0,21,2026-02-05 04:30:24.346137
RTM1C45,5.05,5.04,5.06,1000000.0,1000000.0,0,0,0,0,0,0,0,0,21,2026-02-05 04:30:24.346137
RTM1P45,0.02,0.01,0.03,1000000.0,1000000.0,0,0,0,0,0,0,0,0,21,2026-02-05 04:30:24.346137
RTM1C46,4.05,4.04,4.06,1000000.0,1000000.0,0,0,0,0,0,0,0,0,21,2026-02-05 04:30:24.346137
RTM1P46,0.02,0.01,0.03,1000000.0,1000000.0,0,0,0,0,0,0,0,0,21,2026-02-05 04:30:24.346137
RTM1C47,3.05,3.04,3.06,1000000.0,1000000.0,0,0,0,0,0,0,0,0,21,2026-02-05 04:30:24.346137
RTM1P47,0.02,0.01,0.03,1000000.0,1000000.0,0,0,0,0,0,0,0,0,21,2026-02-05 04:30:24.346137
RTM1C48,2.08,2.07,2.09,1000000.0,1000000.0,0,0,0,0,0,0,0,0,21,2026-02-05 04:30:24.346137
RTM1P48,0.03,0.02,0.04,1000000.0,1000000.0,0,0,0,0,0,0,0,0,21,2026-02-05 04:30:24.346137
RTM1C49,1.22,1.21,1.23,1000000.0,1000000.0,0,0,0,0,0,0,0,0,21,2026-02-05 04:30:24.346137
RTM1P49,0.17,0.16,0.18,1000000.0,1000000.0,0,0,0,0,0,0,0,0,21,2026-02-05 04:30:24.346137
RTM1C50,0.56,0.55,0.57,1000000.0,1000000.0,0,0,0,0,0,0,0,0,21,2026-02-05 04:30:24.346137
RTM1P50,0.51,0.5,0.52,1000000.0,1000000.0,0,0,0,0,0,0,0,0,21,2026-02-05 04:30:24.346137
RTM1C51,0.16,0.15,0.17,1000000.0,1000000.0,0,0,0,0,0,0,0,0,21,2026-02-05 04:30:24.346137
RTM1P51,1.11,1.1,1.12,1000000.0,1000000.0,0,0,0,0,0,0,0,0,21,2026-02-05 04:30:24.346137
RTM1C52,0.06,0.05,0.07,1000000.0,1000000.0,0,0,0,0,0,0,0,0,21,2026-02-05 04:30:24.346137
RTM1P52,2.01,2.0,2.02,1000000.0,1000000.0,0,0,0,0,0,0,0,0,21,2026-02-05 04:30:24.346137
RTM1C53,0.02,0.01,0.03,1000000.0,1000000.0,0,0,0,0,0,0,0,0,21,2026-02-05 04:30:24.346137
RTM1P53,2.96,2.95,2.97,1000000.0,1000000.0,0,0,0,0,0,0,0,0,21,2026-02-05 04:30:24.346137
RTM1C54,0.02,0.01,0.03,1000000.0,1000000.0,0,0,0,0,0,0,0,0,21,2026-02-05 04:30:24.346137
RTM1P54,3.95,3.94,3.96,1000000.0,1000000.0,0,0,0,0,0,0,0,0,21,2026-02-05 04:30:24.346137
RTM,50.14,50.13,50.15,100000000.0,100000000.0,0,0,0,0,0,0,0,0,22,2026-02-05 04:30:25.422372
RTM1C45,5.14,5.13,5.15,1000000.0,1000000.0,0,0,0,0,0,0,0,0,22,2026-02-05 04:30:25.422372
RTM1P45,0.02,0.01,0.03,1000000.0,1000000.0,0,0,0,0,0,0,0,0,22,2026-02-05 04:30:25.422372
RTM1C46,4.14,4.13,4.15,1000000.0,1000000.0,0,0,0,0,0,0,0,0,22,2026-02-05 04:30:25.422372
RTM1P46,0.02,0.01,0.03,1000000.0,1000000.0,0,0,0,0,0,0,0,0,22,2026-02-05 04:30:25.422372
RTM1C47,3.14,3.13,3.15,1000000.0,1000000.0,0,0,0,0,0,0,0,0,22,2026-02-05 04:30:25.422372
RTM1P47,0.02,0.01,0.03,1000000.0,1000000.0,0,0,0,0,0,0,0,0,22,2026-02-05 04:30:25.422372
RTM1C48,2.16,2.15,2.17,1000000.0,1000000.0,0,0,0,0,0,0,0,0,22,2026-02-05 04:30:25.422372
RTM1P48,0.02,0.01,0.03,1000000.0,1000000.0,0,0,0,0,0,0,0,0,22,2026-02-05 04:30:25.422372
RTM1C49,1.27,1.26,1.28,1000000.0,1000000.0,0,0,0,0,0,0,0,0,22,2026-02-05 04:30:25.422372
RTM1P49,0.13,0.12,0.14,1000000.0,1000000.0,0,0,0,0,0,0,0,0,22,2026-02-05 04:30:25.422372
RTM1C50,0.61,0.6,0.62,1000000.0,1000000.0,0,0,0,0,0,0,0,0,22,2026-02-05 04:30:25.422372
RTM1P50,0.47,0.46,0.48,1000000.0,1000000.0,0,0,0,0,0,0,0,0,22,2026-02-05 04:30:25.422372
RTM1C51,0.19,0.18,0.2,1000000.0,1000000.0,0,0,0,0,0,0,0,0,22,2026-02-05 04:30:25.422372
RTM1P51,1.05,1.04,1.06,1000000.0,1000000.0,0,0,0,0,0,0,0,0,22,2026-02-05 04:30:25.422372
RTM1C52,0.05,0.04,0.06,1000000.0,1000000.0,0,0,0,0,0,0,0,0,22,2026-02-05 04:30:25.422372
RTM1P52,1.91,1.9,1.92,1000000.0,1000000.0,0,0,0,0,0,0,0,0,22,2026-02-05 04:30:25.422372
RTM1C53,0.02,0.01,0.03,1000000.0,1000000.0,0,0,0,0,0,0,0,0,22,2026-02-05 04:30:25.422372
RTM1P53,2.87,2.86,2.88,1000000.0,1000000.0,0,0,0,0,0,0,0,0,22,2026-02-05 04:30:25.422372
RTM1C54,0.02,0.01,0.03,1000000.0,1000000.0,0,0,0,0,0,0,0,0,22,2026-02-05 04:30:25.422372
RTM1P54,3.86,3.85,3.87,1000000.0,1000000.0,0,0,0,0,0,0,0,0,22,2026-02-05 04:30:25.422372
RTM,50.28,50.27,50.29,100000000.0,100000000.0,0,0,0,0,0,0,0,0,23,2026-02-05 04:30:26.491570
RTM1C45,5.28,5.27,5.29,1000000.0,1000000.0,0,0,0,0,0,0,0,0,23,2026-02-05 04:30:26.491570
RTM1P45,0.02,0.01,0.03,1000000.0,1000000.0,0,0,0,0,0,0,0,0,23,2026-02-05 04:30:26.491570
RTM1C46,4.28,4.27,4.29,1000000.0,1000000.0,0,0,0,0,0,0,0,0,23,2026-02-05 04:30:26.491570
RTM1P46,0.02,0.01,0.03,1000000.0,1000000.0,0,0,0,0,0,0,0,0,23,2026-02-05 04:30:26.491570
RTM1C47,3.28,3.27,3.29,1000000.0,1000000.0,0,0,0,0,0,0,0,0,23,2026-02-05 04:30:26.491570
RTM1P47,0.02,0.01,0.03,1000000.0,1000000.0,0,0,0,0,0,0,0,0,23,2026-02-05 04:30:26.491570
RTM1C48,2.31,2.3,2.32,1000000.0,1000000.0,0,0,0,0,0,0,0,0,23,2026-02-05 04:30:26.491570
RTM1P48,0.03,0.02,0.04,1000000.0,1000000.0,0,0,0,0,0,0,0,0,23,2026-02-05 04:30:26.491570
RTM1C49,1.42,1.41,1.43,1000000.0,1000000.0,0,0,0,0,0,0,0,0,23,2026-02-05 04:30:26.491570
RTM1P49,0.14,0.13,0.15,1000000.0,1000000.0,0,0,0,0,0,0,0,0,23,2026-02-05 04:30:26.491570
RTM1C50,0.67,0.66,0.68,1000000.0,1000000.0,0,0,0,0,0,0,0,0,23,2026-02-05 04:30:26.491570
RTM1P50,0.39,0.38,0.4,1000000.0,1000000.0,0,0,0,0,0,0,0,0,23,2026-02-05 04:30:26.491570
RTM1C51,0.25,0.24,0.26,1000000.0,1000000.0,0,0,0,0,0,0,0,0,23,2026-02-05 04:30:26.491570
RTM1P51,0.97,0.96,0.98,1000000.0,1000000.0,0,0,0,0,0,0,0,0,23,2026-02-05 04:30:26.491570
RTM1C52,0.06,0.05,0.07,1000000.0,1000000.0,0,0,0,0,0,0,0,0,23,2026-02-05 04:30:26.491570
RTM1P52,1.78,1.77,1.79,1000000.0,1000000.0,0,0,0,0,0,0,0,0,23,2026-02-05 04:30:26.491570
RTM1C53,0.02,0.01,0.03,1000000.0,1000000.0,0,0,0,0,0,0,0,0,23,2026-02-05 04:30:26.491570
RTM1P53,2.74,2.73,2.75,1000000.0,1000000.0,0,0,0,0,0,0,0,0,23,2026-02-05 04:30:26.491570
RTM1C54,0.02,0.01,0.03,1000000.0,1000000.0,0,0,0,0,0,0,0,0,23,2026-02-05 04:30:26.491570
RTM1P54,3.72,3.71,3.73,1000000.0,1000000.0,0,0,0,0,0,0,0,0,23,2026-02-05 04:30:26.491570
RTM,50.14,50.12,50.14,100000000.0,100000000.0,0,0,0,0,0,0,0,0,24,2026-02-05 04:30:27.603934
RTM1C45,5.13,5.12,5.14,1000000.0,1000000.0,0,0,0,0,0,0,0,0,24,2026-02-05 04:30:27.603934
RTM1P45,0.02,0.01,0.03,1000000.0,1000000.0,0,0,0,0,0,0,0,0,24,2026-02-05 04:30:27.603934
RTM1C46,4.13,4.12,4.14,1000000.0,1000000.0,0,0,0,0,0,0,0,0,24,2026-02-05 04:30:27.603934
RTM1P46,0.02,0.01,0.03,1000000.0,1000000.0,0,0,0,0,0,0,0,0,24,2026-02-05 04:30:27.603934
RTM1C47,3.13,3.12,3.14,1000000.0,1000000.0,0,0,0,0,0,0,0,0,24,2026-02-05 04:30:27.603934
RTM1P47,0.02,0.01,0.03,1000000.0,1000000.0,0,0,0,0,0,0,0,0,24,2026-02-05 04:30:27.603934
RTM1C48,2.16,2.15,2.17,1000000.0,1000000.0,0,0,0,0,0,0,0,0,24,2026-02-05 04:30:27.603934
RTM1P48,0.03,0.02,0.04,1000000.0,1000000.0,0,0,0,0,0,0,0,0,24,2026-02-05 04:30:27.603934
RTM1C49,1.27,1.26,1.28,1000000.0,1000000.0,0,0,0,0,0,0,0,0,24,2026-02-05 04:30:27.603934
RTM1P49,0.14,0.13,0.15,1000000.0,1000000.0,0,0,0,0,0,0,0,0,24,2026-02-05 04:30:27.603934
RTM1C50,0.59,0.58,0.6,1000000.0,1000000.0,0,0,0,0,0,0,0,0,24,2026-02-05 04:30:27.603934
RTM1P50,0.46,0.45,0.47,1000000.0,1000000.0,0,0,0,0,0,0,0,0,24,2026-02-05 04:30:27.603934
RTM1C51,0.21,0.2,0.22,1000000.0,1000000.0,0,0,0,0,0,0,0,0,24,2026-02-05 04:30:27.603934
RTM1P51,1.08,1.07,1.09,1000000.0,1000000.0,0,0,0,0,0,0,0,0,24,2026-02-05 04:30:27.603934
RTM1C52,0.06,0.05,0.07,1000000.0,1000000.0,0,0,0,0,0,0,0,0,24,2026-02-05 04:30:27.603934
RTM1P52,1.93,1.92,1.94,1000000.0,1000000.0,0,0,0,0,0,0,0,0,24,2026-02-05 04:30:27.603934
RTM1C53,0.02,0.01,0.03,1000000.0,1000000.0,0,0,0,0,0,0,0,0,24,2026-02-05 04:30:27.603934
RTM1P53,2.88,2.87,2.89,1000000.0,1000000.0,0,0,0,0,0,0,0,0,24,2026-02-05 04:30:27.603934
RTM1C54,0.02,0.01,0.03,1000000.0,1000000.0,0,0,0,0,0,0,0,0,24,2026-02-05 04:30:27.603934
RTM1P54,3.87,3.86,3.88,1000000.0,1000000.0,0,0,0,0,0,0,0,0,24,2026-02-05 04:30:27.603934
RTM,50.06,50.05,50.07,100000000.0,100000000.0,0,0,0,0,0,0,0,0,25,2026-02-05 04:30:28.164092
RTM1C45,5.06,5.05,5.07,1000000.0,1000000.0,0,0,0,0,0,0,0,0,25,2026-02-05 04:30:28.164092
RTM1P45,0.02,0.01,0.03,1000000.0,1000000.0,0,0,0,0,0,0,0,0,25,2026-02-05 04:30:28.164092
RTM1C46,4.06,4.05,4.07,1000000.0,1000000.0,0,0,0,0,0,0,0,0,25,2026-02-05 04:30:28.164092
RTM1P46,0.02,0.01,0.03,1000000.0,1000000.0,0,0,0,0,0,0,0,0,25,2026-02-05 04:30:28.164092
RTM1C47,3.06,3.05,3.07,1000000.0,1000000.0,0,0,0,0,0,0,0,0,25,2026-02-05 04:30:28.164092
RTM1P47,0.02,0.01,0.03,1000000.0,1000000.0,0,0,0,0,0,0,0,0,25,2026-02-05 04:30:28.164092
RTM1C48,2.09,2.08,2.1,1000000.0,1000000.0,0,0,0,0,0,0,0,0,25,2026-02-05 04:30:28.164092
RTM1P48,0.04,0.03,0.05,1000000.0,1000000.0,0,0,0,0,0,0,0,0,25,2026-02-05 04:30:28.164092
RTM1C49,1.21,1.2,1.22,1000000.0,1000000.0,0,0,0,0,0,0,0,0,25,2026-02-05 04:30:28.164092
RTM1P49,0.16,0.15,0.17,1000000.0,1000000.0,0,0,0,0,0,0,0,0,25,2026-02-05 04:30:28.164092
RTM1C50,0.55,0.54,0.56,1000000.0,1000000.0,0,0,0,0,0,0,0,0,25,2026-02-05 04:30:28.164092
RTM1P50,0.49,0.48,0.5,1000000.0,1000000.0,0,0,0,0,0,0,0,0,25,2026-02-05 04:30:28.164092
RTM1C51,0.19,0.18,0.2,1000000.0,1000000.0,0,0,0,0,0,0,0,0,25,2026-02-05 04:30:28.164092
RTM1P51,1.14,1.13,1.15,1000000.0,1000000.0,0,0,0,0,0,0,0,0,25,2026-02-05 04:30:28.164092
RTM1C52,0.06,0.05,0.07,1000000.0,1000000.0,0,0,0,0,0,0,0,0,25,2026-02-05 04:30:28.164092
RTM1P52,2.0,1.99,2.01,1000000.0,1000000.0,0,0,0,0,0,0,0,0,25,2026-02-05 04:30:28.164092
RTM1C53,0.02,0.01,0.03,1000000.0,1000000.0,0,0,0,0,0,0,0,0,25,2026-02-05 04:30:28.164092
RTM1P53,2.95,2.94,2.96,1000000.0,1000000.0,0,0,0,0,0,0,0,0,25,2026-02-05 04:30:28.164092
RTM1C54,0.02,0.01,0.03,1000000.0,1000000.0,0,0,0,0,0,0,0,0,25,2026-02-05 04:30:28.164092
RTM1P54,3.95,3.94,3.96,1000000.0,1000000.0,0,0,0,0,0,0,0,0,25,2026-02-05 04:30:28.164092
RTM,50.06,50.05,50.07,100000000.0,100000000.0,0,0,0,0,0,0,0,0,26,2026-02-05 04:30:29.258077
RTM1C45,5.06,5.05,5.07,1000000.0,1000000.0,0,0,0,0,0,0,0,0,26,2026-02-05 04:30:29.258077
RTM1P45,0.02,0.01,0.03,1000000.0,1000000.0,0,0,0,0,0,0,0,0,26,2026-02-05 04:30:29.258077
RTM1C46,4.06,4.05,4.07,1000000.0,1000000.0,0,0,0,0,0,0,0,0,26,2026-02-05 04:30:29.258077
RTM1P46,0.02,0.01,0.03,1000000.0,1000000.0,0,0,0,0,0,0,0,0,26,2026-02-05 04:30:29.258077
RTM1C47,3.06,3.05,3.07,1000000.0,1000000.0,0,0,0,0,0,0,0,0,26,2026-02-05 04:30:29.258077
RTM1P47,0.02,0.01,0.03,1000000.0,1000000.0,0,0,0,0,0,0,0,0,26,2026-02-05 04:30:29.258077
RTM1C48,2.1,2.09,2.11,1000000.0,1000000.0,0,0,0,0,0,0,0,0,26,2026-02-05 04:30:29.258077
RTM1P48,0.05,0.04,0.06,1000000.0,1000000.0,0,0,0,0,0,0,0,0,26,2026-02-05 04:30:29.258077
RTM1C49,1.24,1.23,1.25,1000000.0,1000000.0,0,0,0,0,0,0,0,0,26,2026-02-05 04:30:29.258077
RTM1P49,0.18,0.17,0.19,1000000.0,1000000.0,0,0,0,0,0,0,0,0,26,2026-02-05 04:30:29.258077
RTM1C50,0.53,0.52,0.54,1000000.0,1000000.0,0,0,0,0,0,0,0,0,26,2026-02-05 04:30:29.258077
RTM1P50,0.47,0.46,0.48,1000000.0,1000000.0,0,0,0,0,0,0,0,0,26,2026-02-05 04:30:29.258077
RTM1C51,0.21,0.2,0.22,1000000.0,1000000.0,0,0,0,0,0,0,0,0,26,2026-02-05 04:30:29.258077
RTM1P51,1.15,1.14,1.16,1000000.0,1000000.0,0,0,0,0,0,0,0,0,26,2026-02-05 04:30:29.258077
RTM1C52,0.06,0.05,0.07,1000000.0,1000000.0,0,0,0,0,0,0,0,0,26,2026-02-05 04:30:29.258077
RTM1P52,2.01,2.0,2.02,1000000.0,1000000.0,0,0,0,0,0,0,0,0,26,2026-02-05 04:30:29.258077
RTM1C53,0.02,0.01,0.03,1000000.0,1000000.0,0,0,0,0,0,0,0,0,26,2026-02-05 04:30:29.258077
RTM1P53,2.95,2.94,2.96,1000000.0,1000000.0,0,0,0,0,0,0,0,0,26,2026-02-05 04:30:29.258077
RTM1C54,0.02,0.01,0.03,1000000.0,1000000.0,0,0,0,0,0,0,0,0,26,2026-02-05 04:30:29.258077
RTM1P54,3.94,3.93,3.95,1000000.0,1000000.0,0,0,0,0,0,0,0,0,26,2026-02-05 04:30:29.258077
RTM,49.98,49.97,49.99,100000000.0,100000000.0,0,0,0,0,0,0,0,0,27,2026-02-05 04:30:30.312908
RTM1C45,4.98,4.97,4.99,1000000.0,1000000.0,0,0,0,0,0,0,0,0,27,2026-02-05 04:30:30.312908
RTM1P45,0.02,0.01,0.03,1000000.0,1000000.0,0,0,0,0,0,0,0,0,27,2026-02-05 04:30:30.312908
RTM1C46,3.99,3.98,4.0,1000000.0,1000000.0,0,0,0,0,0,0,0,0,27,2026-02-05 04:30:30.312908
RTM1P46,0.02,0.01,0.03,1000000.0,1000000.0,0,0,0,0,0,0,0,0,27,2026-02-05 04:30:30.312908
RTM1C47,2.99,2.98,3.0,1000000.0,1000000.0,0,0,0,0,0,0,0,0,27,2026-02-05 04:30:30.312908
RTM1P47,0.02,0.01,0.03,1000000.0,1000000.0,0,0,0,0,0,0,0,0,27,2026-02-05 04:30:30.312908
RTM1C48,2.02,2.01,2.03,1000000.0,1000000.0,0,0,0,0,0,0,0,0,27,2026-02-05 04:30:30.312908
RTM1P48,0.04,0.03,0.05,1000000.0,1000000.0,0,0,0,0,0,0,0,0,27,2026-02-05 04:30:30.312908
RTM1C49,1.16,1.15,1.17,1000000.0,1000000.0,0,0,0,0,0,0,0,0,27,2026-02-05 04:30:30.312908
RTM1P49,0.17,0.16,0.18,1000000.0,1000000.0,0,0,0,0,0,0,0,0,27,2026-02-05 04:30:30.312908
RTM1C50,0.53,0.52,0.54,1000000.0,1000000.0,0,0,0,0,0,0,0,0,27,2026-02-05 04:30:30.312908
RTM1P50,0.54,0.53,0.55,1000000.0,1000000.0,0,0,0,0,0,0,0,0,27,2026-02-05 04:30:30.312908
RTM1C51,0.19,0.18,0.2,1000000.0,1000000.0,0,0,0,0,0,0,0,0,27,2026-02-05 04:30:30.312908
RTM1P51,1.21,1.2,1.22,1000000.0,1000000.0,0,0,0,0,0,0,0,0,27,2026-02-05 04:30:30.312908
RTM1C52,0.03,0.02,0.04,1000000.0,1000000.0,0,0,0,0,0,0,0,0,27,2026-02-05 04:30:30.312908
RTM1P52,2.05,2.04,2.06,1000000.0,1000000.0,0,0,0,0,0,0,0,0,27,2026-02-05 04:30:30.312908
RTM1C53,0.02,0.01,0.03,1000000.0,1000000.0,0,0,0,0,0,0,0,0,27,2026-02-05 04:30:30.312908
RTM1P53,3.03,3.02,3.04,1000000.0,1000000.0,0,0,0,0,0,0,0,0,27,2026-02-05 04:30:30.312908
RTM1C54,0.02,0.01,0.03,1000000.0,1000000.0,0,0,0,0,0,0,0,0,27,2026-02-05 04:30:30.312908
RTM1P54,4.02,4.01,4.03,1000000.0,1000000.0,0,0,0,0,0,0,0,0,27,2026-02-05 04:30:30.312908
RTM,49.95,49.94,49.96,100000000.0,100000000.0,0,0,0,0,0,0,0,0,28,2026-02-05 04:30:31.377804
RTM1C45,4.95,4.94,4.96,1000000.0,1000000.0,0,0,0,0,0,0,0,0,28,2026-02-05 04:30:31.377804
RTM1P45,0.02,0.01,0.03,1000000.0,1000000.0,0,0,0,0,0,0,0,0,28,2026-02-05 04:30:31.377804
RTM1C46,3.95,3.94,3.96,1000000.0,1000000.0,0,0,0,0,0,0,0,0,28,2026-02-05 04:30:31.377804
RTM1P46,0.02,0.01,0.03,1000000.0,1000000.0,0,0,0,0,0,0,0,0,28,2026-02-05 04:30:31.377804
RTM1C47,2.95,2.94,2.96,1000000.0,1000000.0,0,0,0,0,0,0,0,0,28,2026-02-05 04:30:31.377804
RTM1P47,0.02,0.01,0.03,1000000.0,1000000.0,0,0,0,0,0,0,0,0,28,2026-02-05 04:30:31.377804
RTM1C48,1.98,1.97,1.99,1000000.0,1000000.0,0,0,0,0,0,0,0,0,28,2026-02-05 04:30:31.377804
RTM1P48,0.03,0.02,0.04,1000000.0,1000000.0,0,0,0,0,0,0,0,0,28,2026-02-05 04:30:31.377804
RTM1C49,1.13,1.12,1.14,1000000.0,1000000.0,0,0,0,0,0,0,0,0,28,2026-02-05 04:30:31.377804
RTM1P49,0.18,0.17,0.19,1000000.0,1000000.0,0,0,0,0,0,0,0,0,28,2026-02-05 04:30:31.377804
RTM1C50,0.55,0.54,0.56,1000000.0,1000000.0,0,0,0,0,0,0,0,0,28,2026-02-05 04:30:31.377804
RTM1P50,0.6,0.59,0.61,1000000.0,1000000.0,0,0,0,0,0,0,0,0,28,2026-02-05 04:30:31.377804
RTM1C51,0.17,0.16,0.18,1000000.0,1000000.0,0,0,0,0,0,0,0,0,28,2026-02-05 04:30:31.377804
RTM1P51,1.22,1.21,1.23,1000000.0,1000000.0,0,0,0,0,0,0,0,0,28,2026-02-05 04:30:31.377804
RTM1C52,0.03,0.02,0.04,1000000.0,1000000.0,0,0,0,0,0,0,0,0,28,2026-02-05 04:30:31.377804
RTM1P52,2.08,2.07,2.09,1000000.0,1000000.0,0,0,0,0,0,0,0,0,28,2026-02-05 04:30:31.377804
RTM1C53,0.02,0.01,0.03,1000000.0,1000000.0,0,0,0,0,0,0,0,0,28,2026-02-05 04:30:31.377804
RTM1P53,3.06,3.05,3.07,1000000.0,1000000.0,0,0,0,0,0,0,0,0,28,2026-02-05 04:30:31.377804
RTM1C54,0.02,0.01,0.03,1000000.0,1000000.0,0,0,0,0,0,0,0,0,28,2026-02-05 04:30:31.377804
RTM1P54,4.05,4.04,4.06,1000000.0,1000000.0,0,0,0,0,0,0,0,0,28,2026-02-05 04:30:31.377804
RTM,50.01,50.0,50.02,100000000.0,100000000.0,0,0,0,0,0,0,0,0,29,2026-02-05 04:30:32.448059
RTM1C45,5.01,5.0,5.02,1000000.0,1000000.0,0,0,0,0,0,0,0,0,29,2026-02-05 04:30:32.448059
RTM1P45,0.02,0.01,0.03,1000000.0,1000000.0,0,0,0,0,0,0,0,0,29,2026-02-05 04:30:32.448059
RTM1C46,4.01,4.0,4.02,1000000.0,1000000.0,0,0,0,0,0,0,0,0,29,2026-02-05 04:30:32.448059
RTM1P46,0.02,0.01,0.03,1000000.0,1000000.0,0,0,0,0,0,0,0,0,29,2026-02-05 04:30:32.448059
RTM1C47,3.01,3.0,3.02,1000000.0,1000000.0,0,0,0,0,0,0,0,0,29,2026-02-05 04:30:32.448059
RTM1P47,0.02,0.01,0.03,1000000.0,1000000.0,0,0,0,0,0,0,0,0,29,2026-02-05 04:30:32.448059
RTM1C48,2.05,2.04,2.06,1000000.0,1000000.0,0,0,0,0,0,0,0,0,29,2026-02-05 04:30:32.448059
RTM1P48,0.05,0.04,0.06,1000000.0,1000000.0,0,0,0,0,0,0,0,0,29,2026-02-05 04:30:32.448059
RTM1C49,1.19,1.18,1.2,1000000.0,1000000.0,0,0,0,0,0,0,0,0,29,2026-02-05 04:30:32.448059
RTM1P49,0.19,0.18,0.2,1000000.0,1000000.0,0,0,0,0,0,0,0,0,29,2026-02-05 04:30:32.448059
RTM1C50,0.51,0.5,0.52,1000000.0,1000000.0,0,0,0,0,0,0,0,0,29,2026-02-05 04:30:32.448059
RTM1P50,0.51,0.5,0.52,1000000.0,1000000.0,0,0,0,0,0,0,0,0,29,2026-02-05 04:30:32.448059
RTM1C51,0.16,0.15,0.17,1000000.0,1000000.0,0,0,0,0,0,0,0,0,29,2026-02-05 04:30:32.448059
RTM1P51,1.16,1.15,1.17,1000000.0,1000000.0,0,0,0,0,0,0,0,0,29,2026-02-05 04:30:32.448059
RTM1C52,0.05,0.04,0.06,1000000.0,1000000.0,0,0,0,0,0,0,0,0,29,2026-02-05 04:30:32.448059
RTM1P52,2.04,2.03,2.05,1000000.0,1000000.0,0,0,0,0,0,0,0,0,29,2026-02-05 04:30:32.448059
RTM1C53,0.02,0.01,0.03,1000000.0,1000000.0,0,0,0,0,0,0,0,0,29,2026-02-05 04:30:32.448059
RTM1P53,3.01,3.0,3.02,1000000.0,1000000.0,0,0,0,0,0,0,0,0,29,2026-02-05 04:30:32.448059
RTM1C54,0.02,0.01,0.03,1000000.0,1000000.0,0,0,0,0,0,0,0,0,29,2026-02-05 04:30:32.448059
RTM1P54,3.99,3.98,4.0,1000000.0,1000000.0,0,0,0,0,0,0,0,0,29,2026-02-05 04:30:32.448059
RTM,49.97,49.96,49.98,100000000.0,100000000.0,0,0,0,0,0,0,0,0,30,2026-02-05 04:30:33.518675
RTM1C45,4.97,4.96,4.98,1000000.0,1000000.0,0,0,0,0,0,0,0,0,30,2026-02-05 04:30:33.518675
RTM1P45,0.02,0.01,0.03,1000000.0,1000000.0,0,0,0,0,0,0,0,0,30,2026-02-05 04:30:33.518675
RTM1C46,3.97,3.96,3.98,1000000.0,1000000.0,0,0,0,0,0,0,0,0,30,2026-02-05 04:30:33.518675
RTM1P46,0.02,0.01,0.03,1000000.0,1000000.0,0,0,0,0,0,0,0,0,30,2026-02-05 04:30:33.518675
RTM1C47,2.98,2.97,2.99,1000000.0,1000000.0,0,0,0,0,0,0,0,0,30,2026-02-05 04:30:33.518675
RTM1P47,0.02,0.01,0.03,1000000.0,1000000.0,0,0,0,0,0,0,0,0,30,2026-02-05 04:30:33.518675
RTM1C48,2.01,2.0,2.02,1000000.0,1000000.0,0,0,0,0,0,0,0,0,30,2026-02-05 04:30:33.518675
RTM1P48,0.04,0.03,0.05,1000000.0,1000000.0,0,0,0,0,0,0,0,0,30,2026-02-05 04:30:33.518675
RTM1C49,1.15,1.14,1.16,1000000.0,1000000.0,0,0,0,0,0,0,0,0,30,2026-02-05 04:30:33.518675
RTM1P49,0.17,0.16,0.18,1000000.0,1000000.0,0,0,0,0,0,0,0,0,30,2026-02-05 04:30:33.518675
RTM1C50,0.52,0.51,0.53,1000000.0,1000000.0,0,0,0,0,0,0,0,0,30,2026-02-05 04:30:33.518675
RTM1P50,0.54,0.53,0.55,1000000.0,1000000.0,0,0,0,0,0,0,0,0,30,2026-02-05 04:30:33.518675
RTM1C51,0.18,0.17,0.19,1000000.0,1000000.0,0,0,0,0,0,0,0,0,30,2026-02-05 04:30:33.518675
RTM1P51,1.21,1.2,1.22,1000000.0,1000000.0,0,0,0,0,0,0,0,0,30,2026-02-05 04:30:33.518675
RTM1C52,0.05,0.04,0.06,1000000.0,1000000.0,0,0,0,0,0,0,0,0,30,2026-02-05 04:30:33.518675
RTM1P52,2.08,2.07,2.09,1000000.0,1000000.0,0,0,0,0,0,0,0,0,30,2026-02-05 04:30:33.518675
RTM1C53,0.02,0.01,0.03,1000000.0,1000000.0,0,0,0,0,0,0,0,0,30,2026-02-05 04:30:33.518675
RTM1P53,3.04,3.03,3.05,1000000.0,1000000.0,0,0,0,0,0,0,0,0,30,2026-02-05 04:30:33.518675
RTM1C54,0.02,0.01,0.03,1000000.0,1000000.0,0,0,0,0,0,0,0,0,30,2026-02-05 04:30:33.518675
RTM1P54,4.03,4.02,4.04,1000000.0,1000000.0,0,0,0,0,0,0,0,0,30,2026-02-05 04:30:33.518675
RTM,49.85,49.84,49.86,100000000.0,100000000.0,0,0,0,0,0,0,0,0,31,2026-02-05 04:30:34.604045
RTM1C45,4.85,4.84,4.86,1000000.0,1000000.0,0,0,0,0,0,0,0,0,31,2026-02-05 04:30:34.604045
RTM1P45,0.02,0.01,0.03,1000000.0,1000000.0,0,0,0,0,0,0,0,0,31,2026-02-05 04:30:34.604045
RTM1C46,3.85,3.84,3.86,1000000.0,1000000.0,0,0,0,0,0,0,0,0,31,2026-02-05 04:30:34.604045
RTM1P46,0.02,0.01,0.03,1000000.0,1000000.0,0,0,0,0,0,0,0,0,31,2026-02-05 04:30:34.604045
RTM1C47,2.86,2.85,2.87,1000000.0,1000000.0,0,0,0,0,0,0,0,0,31,2026-02-05 04:30:34.604045
RTM1P47,0.02,0.01,0.03,1000000.0,1000000.0,0,0,0,0,0,0,0,0,31,2026-02-05 04:30:34.604045
RTM1C48,1.91,1.9,1.92,1000000.0,1000000.0,0,0,0,0,0,0,0,0,31,2026-02-05 04:30:34.604045
RTM1P48,0.06,0.05,0.07,1000000.0,1000000.0,0,0,0,0,0,0,0,0,31,2026-02-05 04:30:34.604045
RTM1C49,1.08,1.07,1.09,1000000.0,1000000.0,0,0,0,0,0,0,0,0,31,2026-02-05 04:30:34.604045
RTM1P49,0.23,0.22,0.24,1000000.0,1000000.0,0,0,0,0,0,0,0,0,31,2026-02-05 04:30:34.604045
RTM1C50,0.5,0.49,0.51,1000000.0,1000000.0,0,0,0,0,0,0,0,0,31,2026-02-05 04:30:34.604045
RTM1P50,0.66,0.65,0.67,1000000.0,1000000.0,0,0,0,0,0,0,0,0,31,2026-02-05 04:30:34.604045
RTM1C51,0.18,0.17,0.19,1000000.0,1000000.0,0,0,0,0,0,0,0,0,31,2026-02-05 04:30:34.604045
RTM1P51,1.33,1.32,1.34,1000000.0,1000000.0,0,0,0,0,0,0,0,0,31,2026-02-05 04:30:34.604045
RTM1C52,0.05,0.04,0.06,1000000.0,1000000.0,0,0,0,0,0,0,0,0,31,2026-02-05 04:30:34.604045
RTM1P52,2.2,2.19,2.21,1000000.0,1000000.0,0,0,0,0,0,0,0,0,31,2026-02-05 04:30:34.604045
RTM1C53,0.02,0.01,0.03,1000000.0,1000000.0,0,0,0,0,0,0,0,0,31,2026-02-05 04:30:34.604045
RTM1P53,3.16,3.15,3.17,1000000.0,1000000.0,0,0,0,0,0,0,0,0,31,2026-02-05 04:30:34.604045
RTM1C54,0.02,0.01,0.03,1000000.0,1000000.0,0,0,0,0,0,0,0,0,31,2026-02-05 04:30:34.604045
RTM1P54,4.15,4.14,4.16,1000000.0,1000000.0,0,0,0,0,0,0,0,0,31,2026-02-05 04:30:34.604045
RTM,49.79,49.78,49.8,100000000.0,100000000.0,0,0,0,0,0,0,0,0,32,2026-02-05 04:30:35.176436
RTM1C45,4.79,4.78,4.8,1000000.0,1000000.0,0,0,0,0,0,0,0,0,32,2026-02-05 04:30:35.176436
RTM1P45,0.02,0.01,0.03,1000000.0,1000000.0,0,0,0,0,0,0,0,0,32,2026-02-05 04:30:35.176436
RTM1C46,3.79,3.78,3.8,1000000.0,1000000.0,0,0,0,0,0,0,0,0,32,2026-02-05 04:30:35.176436
RTM1P46,0.02,0.01,0.03,1000000.0,1000000.0,0,0,0,0,0,0,0,0,32,2026-02-05 04:30:35.176436
RTM1C47,2.8,2.79,2.81,1000000.0,1000000.0,0,0,0,0,0,0,0,0,32,2026-02-05 04:30:35.176436
RTM1P47,0.02,0.01,0.03,1000000.0,1000000.0,0,0,0,0,0,0,0,0,32,2026-02-05 04:30:35.176436
RTM1C48,1.85,1.84,1.86,1000000.0,1000000.0,0,0,0,0,0,0,0,0,32,2026-02-05 04:30:35.176436
RTM1P48,0.06,0.05,0.07,1000000.0,1000000.0,0,0,0,0,0,0,0,0,32,2026-02-05 04:30:35.176436
RTM1C49,1.04,1.03,1.05,1000000.0,1000000.0,0,0,0,0,0,0,0,0,32,2026-02-05 04:30:35.176436
RTM1P49,0.25,0.24,0.26,1000000.0,1000000.0,0,0,0,0,0,0,0,0,32,2026-02-05 04:30:35.176436
RTM1C50,0.47,0.46,0.48,1000000.0,1000000.0,0,0,0,0,0,0,0,0,32,2026-02-05 04:30:35.176436
RTM1P50,0.68,0.67,0.69,1000000.0,1000000.0,0,0,0,0,0,0,0,0,32,2026-02-05 04:30:35.176436
RTM1C51,0.13,0.12,0.14,1000000.0,1000000.0,0,0,0,0,0,0,0,0,32,2026-02-05 04:30:35.176436
RTM1P51,1.34,1.33,1.35,1000000.0,1000000.0,0,0,0,0,0,0,0,0,32,2026-02-05 04:30:35.176436
RTM1C52,0.03,0.02,0.04,1000000.0,1000000.0,0,0,0,0,0,0,0,0,32,2026-02-05 04:30:35.176436
RTM1P52,2.24,2.23,2.25,1000000.0,1000000.0,0,0,0,0,0,0,0,0,32,2026-02-05 04:30:35.176436
RTM1C53,0.02,0.01,0.03,1000000.0,1000000.0,0,0,0,0,0,0,0,0,32,2026-02-05 04:30:35.176436
RTM1P53,3.21,3.2,3.22,1000000.0,1000000.0,0,0,0,0,0,0,0,0,32,2026-02-05 04:30:35.176436
RTM1C54,0.02,0.01,0.03,1000000.0,1000000.0,0,0,0,0,0,0,0,0,32,2026-02-05 04:30:35.176436
RTM1P54,4.21,4.2,4.22,1000000.0,1000000.0,0,0,0,0,0,0,0,0,32,2026-02-05 04:30:35.176436
RTM,49.71,49.7,49.72,100000000.0,100000000.0,0,0,0,0,0,0,0,0,33,2026-02-05 04:30:36.273165
RTM1C45,4.71,4.7,4.72,1000000.0,1000000.0,0,0,0,0,0,0,0,0,33,2026-02-05 04:30:36.273165
RTM1P45,0.02,0.01,0.03,1000000.0,1000000.0,0,0,0,0,0,0,0,0,33,2026-02-05 04:30:36.273165
RTM1C46,3.71,3.7,3.72,1000000.0,1000000.0,0,0,0,0,0,0,0,0,33,2026-02-05 04:30:36.273165
RTM1P46,0.02,0.01,0.03,1000000.0,1000000.0,0,0,0,0,0,0,0,0,33,2026-02-05 04:30:36.273165
RTM1C47,2.72,2.71,2.73,1000000.0,1000000.0,0,0,0,0,0,0,0,0,33,2026-02-05 04:30:36.273165
RTM1P47,0.02,0.01,0.03,1000000.0,1000000.0,0,0,0,0,0,0,0,0,33,2026-02-05 04:30:36.273165
RTM1C48,1.77,1.76,1.78,1000000.0,1000000.0,0,0,0,0,0,0,0,0,33,2026-02-05 04:30:36.273165
RTM1P48,0.06,0.05,0.07,1000000.0,1000000.0,0,0,0,0,0,0,0,0,33,2026-02-05 04:30:36.273165
RTM1C49,0.96,0.95,0.97,1000000.0,1000000.0,0,0,0,0,0,0,0,0,33,2026-02-05 04:30:36.273165
RTM1P49,0.25,0.24,0.26,1000000.0,1000000.0,0,0,0,0,0,0,0,0,33,2026-02-05 04:30:36.273165
RTM1C50,0.43,0.42,0.44,1000000.0,1000000.0,0,0,0,0,0,0,0,0,33,2026-02-05 04:30:36.273165
RTM1P50,0.72,0.71,0.73,1000000.0,1000000.0,0,0,0,0,0,0,0,0,33,2026-02-05 04:30:36.273165
RTM1C51,0.13,0.12,0.14,1000000.0,1000000.0,0,0,0,0,0,0,0,0,33,2026-02-05 04:30:36.273165
RTM1P51,1.42,1.41,1.43,1000000.0,1000000.0,0,0,0,0,0,0,0,0,33,2026-02-05 04:30:36.273165
RTM1C52,0.04,0.03,0.05,1000000.0,1000000.0,0,0,0,0,0,0,0,0,33,2026-02-05 04:30:36.273165
RTM1P52,2.33,2.32,2.34,1000000.0,1000000.0,0,0,0,0,0,0,0,0,33,2026-02-05 04:30:36.273165
RTM1C53,0.02,0.01,0.03,1000000.0,1000000.0,0,0,0,0,0,0,0,0,33,2026-02-05 04:30:36.273165
RTM1P53,3.29,3.28,3.3,1000000.0,1000000.0,0,0,0,0,0,0,0,0,33,2026-02-05 04:30:36.273165
RTM1C54,0.02,0.01,0.03,1000000.0,1000000.0,0,0,0,0,0,0,0,0,33,2026-02-05 04:30:36.273165
RTM1P54,4.29,4.28,4.3,1000000.0,1000000.0,0,0,0,0,0,0,0,0,33,2026-02-05 04:30:36.273165
RTM,49.74,49.73,49.75,100000000.0,100000000.0,0,0,0,0,0,0,0,0,34,2026-02-05 04:30:37.353863
RTM1C45,4.74,4.73,4.75,1000000.0,1000000.0,0,0,0,0,0,0,0,0,34,2026-02-05 04:30:37.353863
RTM1P45,0.02,0.01,0.03,1000000.0,1000000.0,0,0,0,0,0,0,0,0,34,2026-02-05 04:30:37.353863
RTM1C46,3.74,3.73,3.75,1000000.0,1000000.0,0,0,0,0,0,0,0,0,34,2026-02-05 04:30:37.353863
RTM1P46,0.02,0.01,0.03,1000000.0,1000000.0,0,0,0,0,0,0,0,0,34,2026-02-05 04:30:37.353863
RTM1C47,2.75,2.74,2.76,1000000.0,1000000.0,0,0,0,0,0,0,0,0,34,2026-02-05 04:30:37.353863
RTM1P47,0.02,0.01,0.03,1000000.0,1000000.0,0,0,0,0,0,0,0,0,34,2026-02-05 04:30:37.353863
RTM1C48,1.82,1.81,1.83,1000000.0,1000000.0,0,0,0,0,0,0,0,0,34,2026-02-05 04:30:37.353863
RTM1P48,0.08,0.07,0.09,1000000.0,1000000.0,0,0,0,0,0,0,0,0,34,2026-02-05 04:30:37.353863
RTM1C49,0.97,0.96,0.98,1000000.0,1000000.0,0,0,0,0,0,0,0,0,34,2026-02-05 04:30:37.353863
RTM1P49,0.23,0.22,0.24,1000000.0,1000000.0,0,0,0,0,0,0,0,0,34,2026-02-05 04:30:37.353863
RTM1C50,0.42,0.41,0.43,1000000.0,1000000.0,0,0,0,0,0,0,0,0,34,2026-02-05 04:30:37.353863
RTM1P50,0.68,0.67,0.69,1000000.0,1000000.0,0,0,0,0,0,0,0,0,34,2026-02-05 04:30:37.353863
RTM1C51,0.13,0.12,0.14,1000000.0,1000000.0,0,0,0,0,0,0,0,0,34,2026-02-05 04:30:37.353863
RTM1P51,1.39,1.38,1.4,1000000.0,1000000.0,0,0,0,0,0,0,0,0,34,2026-02-05 04:30:37.353863
RTM1C52,0.03,0.02,0.04,1000000.0,1000000.0,0,0,0,0,0,0,0,0,34,2026-02-05 04:30:37.353863
RTM1P52,2.29,2.28,2.3,1000000.0,1000000.0,0,0,0,0,0,0,0,0,34,2026-02-05 04:30:37.353863
RTM1C53,0.02,0.01,0.03,1000000.0,1000000.0,0,0,0,0,0,0,0,0,34,2026-02-05 04:30:37.353863
RTM1P53,3.27,3.26,3.28,1000000.0,1000000.0,0,0,0,0,0,0,0,0,34,2026-02-05 04:30:37.353863
RTM1C54,0.02,0.01,0.03,1000000.0,1000000.0,0,0,0,0,0,0,0,0,34,2026-02-05 04:30:37.353863
RTM1P54,4.26,4.25,4.27,1000000.0,1000000.0,0,0,0,0,0,0,0,0,34,2026-02-05 04:30:37.353863
RTM,49.83,49.82,49.84,100000000.0,100000000.0,0,0,0,0,0,0,0,0,35,2026-02-05 04:30:38.429801
RTM1C45,4.83,4.82,4.84,1000000.0,1000000.0,0,0,0,0,0,0,0,0,35,2026-02-05 04:30:38.429801
RTM1P45,0.02,0.01,0.03,1000000.0,1000000.0,0,0,0,0,0,0,0,0,35,2026-02-05 04:30:38.429801
RTM1C46,3.83,3.82,3.84,1000000.0,1000000.0,0,0,0,0,0,0,0,0,35,2026-02-05 04:30:38.429801
RTM1P46,0.02,0.01,0.03,1000000.0,1000000.0,0,0,0,0,0,0,0,0,35,2026-02-05 04:30:38.429801
RTM1C47,2.84,2.83,2.85,1000000.0,1000000.0,0,0,0,0,0,0,0,0,35,2026-02-05 04:30:38.429801
RTM1P47,0.02,0.01,0.03,1000000.0,1000000.0,0,0,0,0,0,0,0,0,35,2026-02-05 04:30:38.429801
RTM1C48,1.88,1.87,1.89,1000000.0,1000000.0,0,0,0,0,0,0,0,0,35,2026-02-05 04:30:38.429801
RTM1P48,0.06,0.05,0.07,1000000.0,1000000.0,0,0,0,0,0,0,0,0,35,2026-02-05 04:30:38.429801
RTM1C49,1.04,1.03,1.05,1000000.0,1000000.0,0,0,0,0,0,0,0,0,35,2026-02-05 04:30:38.429801
RTM1P49,0.21,0.2,0.22,1000000.0,1000000.0,0,0,0,0,0,0,0,0,35,2026-02-05 04:30:38.429801
RTM1C50,0.49,0.48,0.5,1000000.0,1000000.0,0,0,0,0,0,0,0,0,35,2026-02-05 04:30:38.429801
RTM1P50,0.66,0.65,0.67,1000000.0,1000000.0,0,0,0,0,0,0,0,0,35,2026-02-05 04:30:38.429801
RTM1C51,0.14,0.13,0.15,1000000.0,1000000.0,0,0,0,0,0,0,0,0,35,2026-02-05 04:30:38.429801
RTM1P51,1.31,1.3,1.32,1000000.0,1000000.0,0,0,0,0,0,0,0,0,35,2026-02-05 04:30:38.429801
RTM1C52,0.04,0.03,0.05,1000000.0,1000000.0,0,0,0,0,0,0,0,0,35,2026-02-05 04:30:38.429801
RTM1P52,2.21,2.2,2.22,1000000.0,1000000.0,0,0,0,0,0,0,0,0,35,2026-02-05 04:30:38.429801
RTM1C53,0.02,0.01,0.03,1000000.0,1000000.0,0,0,0,0,0,0,0,0,35,2026-02-05 04:30:38.429801
RTM1P53,3.18,3.17,3.19,1000000.0,1000000.0,0,0,0,0,0,0,0,0,35,2026-02-05 04:30:38.429801
RTM1C54,0.02,0.01,0.03,1000000.0,1000000.0,0,0,0,0,0,0,0,0,35,2026-02-05 04:30:38.429801
RTM1P54,4.17,4.16,4.18,1000000.0,1000000.0,0,0,0,0,0,0,0,0,35,2026-02-05 04:30:38.429801
RTM,49.91,49.9,49.92,100000000.0,100000000.0,0,0,0,0,0,0,0,0,36,2026-02-05 04:30:39.505566,3.0,1.0,35.0,,News 1,The analysts have informed you that the realized volatility of RTM next week will be between 11% and 16%
RTM1C45,4.91,4.9,4.92,1000000.0,1000000.0,0,0,0,0,0,0,0,0,36,2026-02-05 04:30:39.505566,,,,,,
RTM1P45,0.02,0.01,0.03,1000000.0,1000000.0,0,0,0,0,0,0,0,0,36,2026-02-05 04:30:39.505566,,,,,,
RTM1C46,3.91,3.9,3.92,1000000.0,1000000.0,0,0,0,0,0,0,0,0,36,2026-02-05 04:30:39.505566,,,,,,
RTM1P46,0.02,0.01,0.03,1000000.0,1000000.0,0,0,0,0,0,0,0,0,36,2026-02-05 04:30:39.505566,,,,,,
RTM1C47,2.91,2.9,2.92,1000000.0,1000000.0,0,0,0,0,0,0,0,0,36,2026-02-05 04:30:39.505566,,,,,,
RTM1P47,0.02,0.01,0.03,1000000.0,1000000.0,0,0,0,0,0,0,0,0,36,2026-02-05 04:30:39.505566,,,,,,
RTM1C48,1.96,1.95,1.97,1000000.0,1000000.0,0,0,0,0,0,0,0,0,36,2026-02-05 04:30:39.505566,,,,,,
RTM1P48,0.05,0.04,0.06,1000000.0,1000000.0,0,0,0,0,0,0,0,0,36,2026-02-05 04:30:39.505566,,,,,,
RTM1C49,1.14,1.13,1.15,1000000.0,1000000.0,0,0,0,0,0,0,0,0,36,2026-02-05 04:30:39.505566,,,,,,
RTM1P49,0.23,0.22,0.24,1000000.0,1000000.0,0,0,0,0,0,0,0,0,36,2026-02-05 04:30:39.505566,,,,,,
RTM1C50,0.52,0.51,0.53,1000000.0,1000000.0,0,0,0,0,0,0,0,0,36,2026-02-05 04:30:39.505566,,,,,,
RTM1P50,0.61,0.6,0.62,1000000.0,1000000.0,0,0,0,0,0,0,0,0,36,2026-02-05 04:30:39.505566,,,,,,
RTM1C51,0.16,0.15,0.17,1000000.0,1000000.0,0,0,0,0,0,0,0,0,36,2026-02-05 04:30:39.505566,,,,,,
RTM1P51,1.25,1.24,1.26,1000000.0,1000000.0,0,0,0,0,0,0,0,0,36,2026-02-05 04:30:39.505566,,,,,,
RTM1C52,0.04,0.03,0.05,1000000.0,1000000.0,0,0,0,0,0,0,0,0,36,2026-02-05 04:30:39.505566,,,,,,
RTM1P52,2.13,2.12,2.14,1000000.0,1000000.0,0,0,0,0,0,0,0,0,36,2026-02-05 04:30:39.505566,,,,,,
RTM1C53,0.02,0.01,0.03,1000000.0,1000000.0,0,0,0,0,0,0,0,0,36,2026-02-05 04:30:39.505566,,,,,,
RTM1P53,3.1,3.09,3.11,1000000.0,1000000.0,0,0,0,0,0,0,0,0,36,2026-02-05 04:30:39.505566,,,,,,
RTM1C54,0.02,0.01,0.03,1000000.0,1000000.0,0,0,0,0,0,0,0,0,36,2026-02-05 04:30:39.505566,,,,,,
RTM1P54,4.09,4.08,4.1,1000000.0,1000000.0,0,0,0,0,0,0,0,0,36,2026-02-05 04:30:39.505566,,,,,,
RTM,50.08,50.07,50.09,100000000.0,100000000.0,0,0,0,0,0,0,0,0,37,2026-02-05 04:30:40.604474
RTM1C45,5.08,5.07,5.09,1000000.0,1000000.0,0,0,0,0,0,0,0,0,37,2026-02-05 04:30:40.604474
RTM1P45,0.02,0.01,0.03,1000000.0,1000000.0,0,0,0,0,0,0,0,0,37,2026-02-05 04:30:40.604474
RTM1C46,4.08,4.07,4.09,1000000.0,1000000.0,0,0,0,0,0,0,0,0,37,2026-02-05 04:30:40.604474
RTM1P46,0.02,0.01,0.03,1000000.0,1000000.0,0,0,0,0,0,0,0,0,37,2026-02-05 04:30:40.604474
RTM1C47,3.09,3.08,3.1,1000000.0,1000000.0,0,0,0,0,0,0,0,0,37,2026-02-05 04:30:40.604474
RTM1P47,0.02,0.01,0.03,1000000.0,1000000.0,0,0,0,0,0,0,0,0,37,2026-02-05 04:30:40.604474
RTM1C48,2.12,2.11,2.13,1000000.0,1000000.0,0,0,0,0,0,0,0,0,37,2026-02-05 04:30:40.604474
RTM1P48,0.04,0.03,0.05,1000000.0,1000000.0,0,0,0,0,0,0,0,0,37,2026-02-05 04:30:40.604474
RTM1C49,1.27,1.26,1.28,1000000.0,1000000.0,0,0,0,0,0,0,0,0,37,2026-02-05 04:30:40.604474
RTM1P49,0.19,0.18,0.2,1000000.0,1000000.0,0,0,0,0,0,0,0,0,37,2026-02-05 04:30:40.604474
RTM1C50,0.62,0.61,0.63,1000000.0,1000000.0,0,0,0,0,0,0,0,0,37,2026-02-05 04:30:40.604474
RTM1P50,0.54,0.53,0.55,1000000.0,1000000.0,0,0,0,0,0,0,0,0,37,2026-02-05 04:30:40.604474
RTM1C51,0.23,0.22,0.24,1000000.0,1000000.0,0,0,0,0,0,0,0,0,37,2026-02-05 04:30:40.604474
RTM1P51,1.15,1.14,1.16,1000000.0,1000000.0,0,0,0,0,0,0,0,0,37,2026-02-05 04:30:40.604474
RTM1C52,0.05,0.04,0.06,1000000.0,1000000.0,0,0,0,0,0,0,0,0,37,2026-02-05 04:30:40.604474
RTM1P52,1.97,1.96,1.98,1000000.0,1000000.0,0,0,0,0,0,0,0,0,37,2026-02-05 04:30:40.604474
RTM1C53,0.02,0.01,0.03,1000000.0,1000000.0,0,0,0,0,0,0,0,0,37,2026-02-05 04:30:40.604474
RTM1P53,2.93,2.92,2.94,1000000.0,1000000.0,0,0,0,0,0,0,0,0,37,2026-02-05 04:30:40.604474
RTM1C54,0.02,0.01,0.03,1000000.0,1000000.0,0,0,0,0,0,0,0,0,37,2026-02-05 04:30:40.604474
RTM1P54,3.92,3.91,3.93,1000000.0,1000000.0,0,0,0,0,0,0,0,0,37,2026-02-05 04:30:40.604474
RTM,50.22,50.22,50.24,100000000.0,100000000.0,0,0,0,0,0,0,0,0,38,2026-02-05 04:30:41.671985
RTM1C45,5.23,5.22,5.24,1000000.0,1000000.0,0,0,0,0,0,0,0,0,38,2026-02-05 04:30:41.671985
RTM1P45,0.02,0.01,0.03,1000000.0,1000000.0,0,0,0,0,0,0,0,0,38,2026-02-05 04:30:41.671985
RTM1C46,4.23,4.22,4.24,1000000.0,1000000.0,0,0,0,0,0,0,0,0,38,2026-02-05 04:30:41.671985
RTM1P46,0.02,0.01,0.03,1000000.0,1000000.0,0,0,0,0,0,0,0,0,38,2026-02-05 04:30:41.671985
RTM1C47,3.24,3.23,3.25,1000000.0,1000000.0,0,0,0,0,0,0,0,0,38,2026-02-05 04:30:41.671985
RTM1P47,0.02,0.01,0.03,1000000.0,1000000.0,0,0,0,0,0,0,0,0,38,2026-02-05 04:30:41.671985
RTM1C48,2.26,2.25,2.27,1000000.0,1000000.0,0,0,0,0,0,0,0,0,38,2026-02-05 04:30:41.671985
RTM1P48,0.03,0.02,0.04,1000000.0,1000000.0,0,0,0,0,0,0,0,0,38,2026-02-05 04:30:41.671985
RTM1C49,1.39,1.38,1.4,1000000.0,1000000.0,0,0,0,0,0,0,0,0,38,2026-02-05 04:30:41.671985
RTM1P49,0.16,0.15,0.17,1000000.0,1000000.0,0,0,0,0,0,0,0,0,38,2026-02-05 04:30:41.671985
RTM1C50,0.71,0.7,0.72,1000000.0,1000000.0,0,0,0,0,0,0,0,0,38,2026-02-05 04:30:41.671985
RTM1P50,0.47,0.46,0.48,1000000.0,1000000.0,0,0,0,0,0,0,0,0,38,2026-02-05 04:30:41.671985
RTM1C51,0.28,0.27,0.29,1000000.0,1000000.0,0,0,0,0,0,0,0,0,38,2026-02-05 04:30:41.671985
RTM1P51,1.04,1.03,1.05,1000000.0,1000000.0,0,0,0,0,0,0,0,0,38,2026-02-05 04:30:41.671985
RTM1C52,0.07,0.06,0.08,1000000.0,1000000.0,0,0,0,0,0,0,0,0,38,2026-02-05 04:30:41.671985
RTM1P52,1.84,1.83,1.85,1000000.0,1000000.0,0,0,0,0,0,0,0,0,38,2026-02-05 04:30:41.671985
RTM1C53,0.02,0.01,0.03,1000000.0,1000000.0,0,0,0,0,0,0,0,0,38,2026-02-05 04:30:41.671985
RTM1P53,2.79,2.78,2.8,1000000.0,1000000.0,0,0,0,0,0,0,0,0,38,2026-02-05 04:30:41.671985
RTM1C54,0.02,0.01,0.03,1000000.0,1000000.0,0,0,0,0,0,0,0,0,38,2026-02-05 04:30:41.671985
RTM1P54,3.77,3.76,3.78,1000000.0,1000000.0,0,0,0,0,0,0,0,0,38,2026-02-05 04:30:41.671985
RTM,50.13,50.12,50.14,100000000.0,100000000.0,0,0,0,0,0,0,0,0,39,2026-02-05 04:30:42.263671
RTM1C45,5.13,5.12,5.14,1000000.0,1000000.0,0,0,0,0,0,0,0,0,39,2026-02-05 04:30:42.263671
RTM1P45,0.02,0.01,0.03,1000000.0,1000000.0,0,0,0,0,0,0,0,0,39,2026-02-05 04:30:42.263671
RTM1C46,4.13,4.12,4.14,1000000.0,1000000.0,0,0,0,0,0,0,0,0,39,2026-02-05 04:30:42.263671
RTM1P46,0.02,0.01,0.03,1000000.0,1000000.0,0,0,0,0,0,0,0,0,39,2026-02-05 04:30:42.263671
RTM1C47,3.14,3.13,3.15,1000000.0,1000000.0,0,0,0,0,0,0,0,0,39,2026-02-05 04:30:42.263671
RTM1P47,0.02,0.01,0.03,1000000.0,1000000.0,0,0,0,0,0,0,0,0,39,2026-02-05 04:30:42.263671
RTM1C48,2.17,2.16,2.18,1000000.0,1000000.0,0,0,0,0,0,0,0,0,39,2026-02-05 04:30:42.263671
RTM1P48,0.04,0.03,0.05,1000000.0,1000000.0,0,0,0,0,0,0,0,0,39,2026-02-05 04:30:42.263671
RTM1C49,1.3,1.29,1.31,1000000.0,1000000.0,0,0,0,0,0,0,0,0,39,2026-02-05 04:30:42.263671
RTM1P49,0.17,0.16,0.18,1000000.0,1000000.0,0,0,0,0,0,0,0,0,39,2026-02-05 04:30:42.263671
RTM1C50,0.65,0.64,0.66,1000000.0,1000000.0,0,0,0,0,0,0,0,0,39,2026-02-05 04:30:42.263671
RTM1P50,0.52,0.51,0.53,1000000.0,1000000.0,0,0,0,0,0,0,0,0,39,2026-02-05 04:30:42.263671
RTM1C51,0.21,0.2,0.22,1000000.0,1000000.0,0,0,0,0,0,0,0,0,39,2026-02-05 04:30:42.263671
RTM1P51,1.08,1.07,1.09,1000000.0,1000000.0,0,0,0,0,0,0,0,0,39,2026-02-05 04:30:42.263671
RTM1C52,0.07,0.06,0.08,1000000.0,1000000.0,0,0,0,0,0,0,0,0,39,2026-02-05 04:30:42.263671
RTM1P52,1.94,1.93,1.95,1000000.0,1000000.0,0,0,0,0,0,0,0,0,39,2026-02-05 04:30:42.263671
RTM1C53,0.02,0.01,0.03,1000000.0,1000000.0,0,0,0,0,0,0,0,0,39,2026-02-05 04:30:42.263671
RTM1P53,2.88,2.87,2.89,1000000.0,1000000.0,0,0,0,0,0,0,0,0,39,2026-02-05 04:30:42.263671
RTM1C54,0.02,0.01,0.03,1000000.0,1000000.0,0,0,0,0,0,0,0,0,39,2026-02-05 04:30:42.263671
RTM1P54,3.87,3.86,3.88,1000000.0,1000000.0,0,0,0,0,0,0,0,0,39,2026-02-05 04:30:42.263671
RTM,50.12,50.11,50.13,100000000.0,100000000.0,0,0,0,0,0,0,0,0,40,2026-02-05 04:30:43.360461
RTM1C45,5.12,5.11,5.13,1000000.0,1000000.0,0,0,0,0,0,0,0,0,40,2026-02-05 04:30:43.360461
RTM1P45,0.02,0.01,0.03,1000000.0,1000000.0,0,0,0,0,0,0,0,0,40,2026-02-05 04:30:43.360461
RTM1C46,4.12,4.11,4.13,1000000.0,1000000.0,0,0,0,0,0,0,0,0,40,2026-02-05 04:30:43.360461
RTM1P46,0.02,0.01,0.03,1000000.0,1000000.0,0,0,0,0,0,0,0,0,40,2026-02-05 04:30:43.360461
RTM1C47,3.12,3.11,3.13,1000000.0,1000000.0,0,0,0,0,0,0,0,0,40,2026-02-05 04:30:43.360461
RTM1P47,0.02,0.01,0.03,1000000.0,1000000.0,0,0,0,0,0,0,0,0,40,2026-02-05 04:30:43.360461
RTM1C48,2.15,2.14,2.16,1000000.0,1000000.0,0,0,0,0,0,0,0,0,40,2026-02-05 04:30:43.360461
RTM1P48,0.03,0.02,0.04,1000000.0,1000000.0,0,0,0,0,0,0,0,0,40,2026-02-05 04:30:43.360461
RTM1C49,1.31,1.3,1.32,1000000.0,1000000.0,0,0,0,0,0,0,0,0,40,2026-02-05 04:30:43.360461
RTM1P49,0.19,0.18,0.2,1000000.0,1000000.0,0,0,0,0,0,0,0,0,40,2026-02-05 04:30:43.360461
RTM1C50,0.63,0.62,0.64,1000000.0,1000000.0,0,0,0,0,0,0,0,0,40,2026-02-05 04:30:43.360461
RTM1P50,0.51,0.5,0.52,1000000.0,1000000.0,0,0,0,0,0,0,0,0,40,2026-02-05 04:30:43.360461
RTM1C51,0.23,0.22,0.24,1000000.0,1000000.0,0,0,0,0,0,0,0,0,40,2026-02-05 04:30:43.360461
RTM1P51,1.11,1.1,1.12,1000000.0,1000000.0,0,0,0,0,0,0,0,0,40,2026-02-05 04:30:43.360461
RTM1C52,0.07,0.06,0.08,1000000.0,1000000.0,0,0,0,0,0,0,0,0,40,2026-02-05 04:30:43.360461
RTM1P52,1.95,1.94,1.96,1000000.0,1000000.0,0,0,0,0,0,0,0,0,40,2026-02-05 04:30:43.360461
RTM1C53,0.02,0.01,0.03,1000000.0,1000000.0,0,0,0,0,0,0,0,0,40,2026-02-05 04:30:43.360461
RTM1P53,2.9,2.89,2.91,1000000.0,1000000.0,0,0,0,0,0,0,0,0,40,2026-02-05 04:30:43.360461
RTM1C54,0.02,0.01,0.03,1000000.0,1000000.0,0,0,0,0,0,0,0,0,40,2026-02-05 04:30:43.360461
RTM1P54,3.88,3.87,3.89,1000000.0,1000000.0,0,0,0,0,0,0,0,0,40,2026-02-05 04:30:43.360461
RTM,50.14,50.13,50.15,100000000.0,100000000.0,0,0,0,0,0,0,0,0,41,2026-02-05 04:30:44.417790
RTM1C45,5.14,5.13,5.15,1000000.0,1000000.0,0,0,0,0,0,0,0,0,41,2026-02-05 04:30:44.417790
RTM1P45,0.02,0.01,0.03,1000000.0,1000000.0,0,0,0,0,0,0,0,0,41,2026-02-05 04:30:44.417790
RTM1C46,4.14,4.13,4.15,1000000.0,1000000.0,0,0,0,0,0,0,0,0,41,2026-02-05 04:30:44.417790
RTM1P46,0.02,0.01,0.03,1000000.0,1000000.0,0,0,0,0,0,0,0,0,41,2026-02-05 04:30:44.417790
RTM1C47,3.14,3.13,3.15,1000000.0,1000000.0,0,0,0,0,0,0,0,0,41,2026-02-05 04:30:44.417790
RTM1P47,0.02,0.01,0.03,1000000.0,1000000.0,0,0,0,0,0,0,0,0,41,2026-02-05 04:30:44.417790
RTM1C48,2.18,2.17,2.19,1000000.0,1000000.0,0,0,0,0,0,0,0,0,41,2026-02-05 04:30:44.417790
RTM1P48,0.04,0.03,0.05,1000000.0,1000000.0,0,0,0,0,0,0,0,0,41,2026-02-05 04:30:44.417790
RTM1C49,1.28,1.27,1.29,1000000.0,1000000.0,0,0,0,0,0,0,0,0,41,2026-02-05 04:30:44.417790
RTM1P49,0.15,0.14,0.16,1000000.0,1000000.0,0,0,0,0,0,0,0,0,41,2026-02-05 04:30:44.417790
RTM1C50,0.64,0.63,0.65,1000000.0,1000000.0,0,0,0,0,0,0,0,0,41,2026-02-05 04:30:44.417790
RTM1P50,0.5,0.49,0.51,1000000.0,1000000.0,0,0,0,0,0,0,0,0,41,2026-02-05 04:30:44.417790
RTM1C51,0.24,0.23,0.25,1000000.0,1000000.0,0,0,0,0,0,0,0,0,41,2026-02-05 04:30:44.417790
RTM1P51,1.1,1.09,1.11,1000000.0,1000000.0,0,0,0,0,0,0,0,0,41,2026-02-05 04:30:44.417790
RTM1C52,0.06,0.05,0.07,1000000.0,1000000.0,0,0,0,0,0,0,0,0,41,2026-02-05 04:30:44.417790
RTM1P52,1.92,1.91,1.93,1000000.0,1000000.0,0,0,0,0,0,0,0,0,41,2026-02-05 04:30:44.417790
RTM1C53,0.02,0.01,0.03,1000000.0,1000000.0,0,0,0,0,0,0,0,0,41,2026-02-05 04:30:44.417790
RTM1P53,2.88,2.87,2.89,1000000.0,1000000.0,0,0,0,0,0,0,0,0,41,2026-02-05 04:30:44.417790
RTM1C54,0.02,0.01,0.03,1000000.0,1000000.0,0,0,0,0,0,0,0,0,41,2026-02-05 04:30:44.417790
RTM1P54,3.87,3.86,3.88,1000000.0,1000000.0,0,0,0,0,0,0,0,0,41,2026-02-05 04:30:44.417790
RTM,50.11,50.1,50.12,100000000.0,100000000.0,0,0,0,0,0,0,0,0,42,2026-02-05 04:30:45.493748
RTM1C45,5.11,5.1,5.12,1000000.0,1000000.0,0,0,0,0,0,0,0,0,42,2026-02-05 04:30:45.493748
RTM1P45,0.02,0.01,0.03,1000000.0,1000000.0,0,0,0,0,0,0,0,0,42,2026-02-05 04:30:45.493748
RTM1C46,4.11,4.1,4.12,1000000.0,1000000.0,0,0,0,0,0,0,0,0,42,2026-02-05 04:30:45.493748
RTM1P46,0.02,0.01,0.03,1000000.0,1000000.0,0,0,0,0,0,0,0,0,42,2026-02-05 04:30:45.493748
RTM1C47,3.12,3.11,3.13,1000000.0,1000000.0,0,0,0,0,0,0,0,0,42,2026-02-05 04:30:45.493748
RTM1P47,0.02,0.01,0.03,1000000.0,1000000.0,0,0,0,0,0,0,0,0,42,2026-02-05 04:30:45.493748
RTM1C48,2.15,2.14,2.16,1000000.0,1000000.0,0,0,0,0,0,0,0,0,42,2026-02-05 04:30:45.493748
RTM1P48,0.04,0.03,0.05,1000000.0,1000000.0,0,0,0,0,0,0,0,0,42,2026-02-05 04:30:45.493748
RTM1C49,1.27,1.26,1.28,1000000.0,1000000.0,0,0,0,0,0,0,0,0,42,2026-02-05 04:30:45.493748
RTM1P49,0.16,0.15,0.17,1000000.0,1000000.0,0,0,0,0,0,0,0,0,42,2026-02-05 04:30:45.493748
RTM1C50,0.61,0.6,0.62,1000000.0,1000000.0,0,0,0,0,0,0,0,0,42,2026-02-05 04:30:45.493748
RTM1P50,0.5,0.49,0.51,1000000.0,1000000.0,0,0,0,0,0,0,0,0,42,2026-02-05 04:30:45.493748
RTM1C51,0.23,0.22,0.24,1000000.0,1000000.0,0,0,0,0,0,0,0,0,42,2026-02-05 04:30:45.493748
RTM1P51,1.12,1.11,1.13,1000000.0,1000000.0,0,0,0,0,0,0,0,0,42,2026-02-05 04:30:45.493748
RTM1C52,0.07,0.06,0.08,1000000.0,1000000.0,0,0,0,0,0,0,0,0,42,2026-02-05 04:30:45.493748
RTM1P52,1.95,1.94,1.96,1000000.0,1000000.0,0,0,0,0,0,0,0,0,42,2026-02-05 04:30:45.493748
RTM1C53,0.02,0.01,0.03,1000000.0,1000000.0,0,0,0,0,0,0,0,0,42,2026-02-05 04:30:45.493748
RTM1P53,2.9,2.89,2.91,1000000.0,1000000.0,0,0,0,0,0,0,0,0,42,2026-02-05 04:30:45.493748
RTM1C54,0.02,0.01,0.03,1000000.0,1000000.0,0,0,0,0,0,0,0,0,42,2026-02-05 04:30:45.493748
RTM1P54,3.89,3.88,3.9,1000000.0,1000000.0,0,0,0,0,0,0,0,0,42,2026-02-05 04:30:45.493748
RTM,50.02,50.01,50.03,100000000.0,100000000.0,0,0,0,0,0,0,0,0,43,2026-02-05 04:30:46.555478
RTM1C45,5.02,5.01,5.03,1000000.0,1000000.0,0,0,0,0,0,0,0,0,43,2026-02-05 04:30:46.555478
RTM1P45,0.02,0.01,0.03,1000000.0,1000000.0,0,0,0,0,0,0,0,0,43,2026-02-05 04:30:46.555478
RTM1C46,4.02,4.01,4.03,1000000.0,1000000.0,0,0,0,0,0,0,0,0,43,2026-02-05 04:30:46.555478
RTM1P46,0.02,0.01,0.03,1000000.0,1000000.0,0,0,0,0,0,0,0,0,43,2026-02-05 04:30:46.555478
RTM1C47,3.02,3.01,3.03,1000000.0,1000000.0,0,0,0,0,0,0,0,0,43,2026-02-05 04:30:46.555478
RTM1P47,0.02,0.01,0.03,1000000.0,1000000.0,0,0,0,0,0,0,0,0,43,2026-02-05 04:30:46.555478
RTM1C48,2.07,2.06,2.08,1000000.0,1000000.0,0,0,0,0,0,0,0,0,43,2026-02-05 04:30:46.555478
RTM1P48,0.05,0.04,0.06,1000000.0,1000000.0,0,0,0,0,0,0,0,0,43,2026-02-05 04:30:46.555478
RTM1C49,1.2,1.19,1.21,1000000.0,1000000.0,0,0,0,0,0,0,0,0,43,2026-02-05 04:30:46.555478
RTM1P49,0.18,0.17,0.19,1000000.0,1000000.0,0,0,0,0,0,0,0,0,43,2026-02-05 04:30:46.555478
RTM1C50,0.59,0.58,0.6,1000000.0,1000000.0,0,0,0,0,0,0,0,0,43,2026-02-05 04:30:46.555478
RTM1P50,0.57,0.56,0.58,1000000.0,1000000.0,0,0,0,0,0,0,0,0,43,2026-02-05 04:30:46.555478
RTM1C51,0.2,0.19,0.21,1000000.0,1000000.0,0,0,0,0,0,0,0,0,43,2026-02-05 04:30:46.555478
RTM1P51,1.18,1.17,1.19,1000000.0,1000000.0,0,0,0,0,0,0,0,0,43,2026-02-05 04:30:46.555478
RTM1C52,0.06,0.05,0.07,1000000.0,1000000.0,0,0,0,0,0,0,0,0,43,2026-02-05 04:30:46.555478
RTM1P52,2.05,2.04,2.06,1000000.0,1000000.0,0,0,0,0,0,0,0,0,43,2026-02-05 04:30:46.555478
RTM1C53,0.02,0.01,0.03,1000000.0,1000000.0,0,0,0,0,0,0,0,0,43,2026-02-05 04:30:46.555478
RTM1P53,3.0,2.99,3.01,1000000.0,1000000.0,0,0,0,0,0,0,0,0,43,2026-02-05 04:30:46.555478
RTM1C54,0.02,0.01,0.03,1000000.0,1000000.0,0,0,0,0,0,0,0,0,43,2026-02-05 04:30:46.555478
RTM1P54,3.99,3.98,4.0,1000000.0,1000000.0,0,0,0,0,0,0,0,0,43,2026-02-05 04:30:46.555478
RTM,49.93,49.91,49.93,100000000.0,100000000.0,0,0,0,0,0,0,0,0,44,2026-02-05 04:30:47.634786
RTM1C45,4.92,4.91,4.93,1000000.0,1000000.0,0,0,0,0,0,0,0,0,44,2026-02-05 04:30:47.634786
RTM1P45,0.02,0.01,0.03,1000000.0,1000000.0,0,0,0,0,0,0,0,0,44,2026-02-05 04:30:47.634786
RTM1C46,3.92,3.91,3.93,1000000.0,1000000.0,0,0,0,0,0,0,0,0,44,2026-02-05 04:30:47.634786
RTM1P46,0.02,0.01,0.03,1000000.0,1000000.0,0,0,0,0,0,0,0,0,44,2026-02-05 04:30:47.634786
RTM1C47,2.93,2.92,2.94,1000000.0,1000000.0,0,0,0,0,0,0,0,0,44,2026-02-05 04:30:47.634786
RTM1P47,0.02,0.01,0.03,1000000.0,1000000.0,0,0,0,0,0,0,0,0,44,2026-02-05 04:30:47.634786
RTM1C48,1.97,1.96,1.98,1000000.0,1000000.0,0,0,0,0,0,0,0,0,44,2026-02-05 04:30:47.634786
RTM1P48,0.05,0.04,0.06,1000000.0,1000000.0,0,0,0,0,0,0,0,0,44,2026-02-05 04:30:47.634786
RTM1C49,1.14,1.13,1.15,1000000.0,1000000.0,0,0,0,0,0,0,0,0,44,2026-02-05 04:30:47.634786
RTM1P49,0.22,0.21,0.23,1000000.0,1000000.0,0,0,0,0,0,0,0,0,44,2026-02-05 04:30:47.634786
RTM1C50,0.53,0.52,0.54,1000000.0,1000000.0,0,0,0,0,0,0,0,0,44,2026-02-05 04:30:47.634786
RTM1P50,0.61,0.6,0.62,1000000.0,1000000.0,0,0,0,0,0,0,0,0,44,2026-02-05 04:30:47.634786
RTM1C51,0.2,0.19,0.21,1000000.0,1000000.0,0,0,0,0,0,0,0,0,44,2026-02-05 04:30:47.634786
RTM1P51,1.28,1.27,1.29,1000000.0,1000000.0,0,0,0,0,0,0,0,0,44,2026-02-05 04:30:47.634786
RTM1C52,0.04,0.03,0.05,1000000.0,1000000.0,0,0,0,0,0,0,0,0,44,2026-02-05 04:30:47.634786
RTM1P52,2.12,2.11,2.13,1000000.0,1000000.0,0,0,0,0,0,0,0,0,44,2026-02-05 04:30:47.634786
RTM1C53,0.02,0.01,0.03,1000000.0,1000000.0,0,0,0,0,0,0,0,0,44,2026-02-05 04:30:47.634786
RTM1P53,3.08,3.07,3.09,1000000.0,1000000.0,0,0,0,0,0,0,0,0,44,2026-02-05 04:30:47.634786
RTM1C54,0.02,0.01,0.03,1000000.0,1000000.0,0,0,0,0,0,0,0,0,44,2026-02-05 04:30:47.634786
RTM1P54,4.08,4.07,4.09,1000000.0,1000000.0,0,0,0,0,0,0,0,0,44,2026-02-05 04:30:47.634786
RTM,49.6,49.59,49.61,100000000.0,100000000.0,0,0,0,0,0,0,0,0,45,2026-02-05 04:30:48.702758
RTM1C45,4.6,4.59,4.61,1000000.0,1000000.0,0,0,0,0,0,0,0,0,45,2026-02-05 04:30:48.702758
RTM1P45,0.02,0.01,0.03,1000000.0,1000000.0,0,0,0,0,0,0,0,0,45,2026-02-05 04:30:48.702758
RTM1C46,3.6,3.59,3.61,1000000.0,1000000.0,0,0,0,0,0,0,0,0,45,2026-02-05 04:30:48.702758
RTM1P46,0.02,0.01,0.03,1000000.0,1000000.0,0,0,0,0,0,0,0,0,45,2026-02-05 04:30:48.702758
RTM1C47,2.62,2.61,2.63,1000000.0,1000000.0,0,0,0,0,0,0,0,0,45,2026-02-05 04:30:48.702758
RTM1P47,0.02,0.01,0.03,1000000.0,1000000.0,0,0,0,0,0,0,0,0,45,2026-02-05 04:30:48.702758
RTM1C48,1.7,1.69,1.71,1000000.0,1000000.0,0,0,0,0,0,0,0,0,45,2026-02-05 04:30:48.702758
RTM1P48,0.1,0.09,0.11,1000000.0,1000000.0,0,0,0,0,0,0,0,0,45,2026-02-05 04:30:48.702758
RTM1C49,0.9,0.89,0.91,1000000.0,1000000.0,0,0,0,0,0,0,0,0,45,2026-02-05 04:30:48.702758
RTM1P49,0.3,0.29,0.31,1000000.0,1000000.0,0,0,0,0,0,0,0,0,45,2026-02-05 04:30:48.702758
RTM1C50,0.41,0.4,0.42,1000000.0,1000000.0,0,0,0,0,0,0,0,0,45,2026-02-05 04:30:48.702758
RTM1P50,0.81,0.8,0.82,1000000.0,1000000.0,0,0,0,0,0,0,0,0,45,2026-02-05 04:30:48.702758
RTM1C51,0.11,0.1,0.12,1000000.0,1000000.0,0,0,0,0,0,0,0,0,45,2026-02-05 04:30:48.702758
RTM1P51,1.51,1.5,1.52,1000000.0,1000000.0,0,0,0,0,0,0,0,0,45,2026-02-05 04:30:48.702758
RTM1C52,0.03,0.02,0.04,1000000.0,1000000.0,0,0,0,0,0,0,0,0,45,2026-02-05 04:30:48.702758
RTM1P52,2.43,2.42,2.44,1000000.0,1000000.0,0,0,0,0,0,0,0,0,45,2026-02-05 04:30:48.702758
RTM1C53,0.02,0.01,0.03,1000000.0,1000000.0,0,0,0,0,0,0,0,0,45,2026-02-05 04:30:48.702758
RTM1P53,3.41,3.4,3.42,1000000.0,1000000.0,0,0,0,0,0,0,0,0,45,2026-02-05 04:30:48.702758
RTM1C54,0.02,0.01,0.03,1000000.0,1000000.0,0,0,0,0,0,0,0,0,45,2026-02-05 04:30:48.702758
RTM1P54,4.4,4.39,4.41,1000000.0,1000000.0,0,0,0,0,0,0,0,0,45,2026-02-05 04:30:48.702758
RTM,49.67,49.66,49.68,100000000.0,100000000.0,0,0,0,0,0,0,0,0,46,2026-02-05 04:30:49.295645
RTM1C45,4.67,4.66,4.68,1000000.0,1000000.0,0,0,0,0,0,0,0,0,46,2026-02-05 04:30:49.295645
RTM1P45,0.02,0.01,0.03,1000000.0,1000000.0,0,0,0,0,0,0,0,0,46,2026-02-05 04:30:49.295645
RTM1C46,3.67,3.66,3.68,1000000.0,1000000.0,0,0,0,0,0,0,0,0,46,2026-02-05 04:30:49.295645
RTM1P46,0.02,0.01,0.03,1000000.0,1000000.0,0,0,0,0,0,0,0,0,46,2026-02-05 04:30:49.295645
RTM1C47,2.68,2.67,2.69,1000000.0,1000000.0,0,0,0,0,0,0,0,0,46,2026-02-05 04:30:49.295645
RTM1P47,0.02,0.01,0.03,1000000.0,1000000.0,0,0,0,0,0,0,0,0,46,2026-02-05 04:30:49.295645
RTM1C48,1.75,1.74,1.76,1000000.0,1000000.0,0,0,0,0,0,0,0,0,46,2026-02-05 04:30:49.295645
RTM1P48,0.08,0.07,0.09,1000000.0,1000000.0,0,0,0,0,0,0,0,0,46,2026-02-05 04:30:49.295645
RTM1C49,0.98,0.97,0.99,1000000.0,1000000.0,0,0,0,0,0,0,0,0,46,2026-02-05 04:30:49.295645
RTM1P49,0.31,0.3,0.32,1000000.0,1000000.0,0,0,0,0,0,0,0,0,46,2026-02-05 04:30:49.295645
RTM1C50,0.41,0.4,0.42,1000000.0,1000000.0,0,0,0,0,0,0,0,0,46,2026-02-05 04:30:49.295645
RTM1P50,0.74,0.73,0.75,1000000.0,1000000.0,0,0,0,0,0,0,0,0,46,2026-02-05 04:30:49.295645
RTM1C51,0.14,0.13,0.15,1000000.0,1000000.0,0,0,0,0,0,0,0,0,46,2026-02-05 04:30:49.295645
RTM1P51,1.47,1.46,1.48,1000000.0,1000000.0,0,0,0,0,0,0,0,0,46,2026-02-05 04:30:49.295645
RTM1C52,0.03,0.02,0.04,1000000.0,1000000.0,0,0,0,0,0,0,0,0,46,2026-02-05 04:30:49.295645
RTM1P52,2.36,2.35,2.37,1000000.0,1000000.0,0,0,0,0,0,0,0,0,46,2026-02-05 04:30:49.295645
RTM1C53,0.02,0.01,0.03,1000000.0,1000000.0,0,0,0,0,0,0,0,0,46,2026-02-05 04:30:49.295645
RTM1P53,3.34,3.33,3.35,1000000.0,1000000.0,0,0,0,0,0,0,0,0,46,2026-02-05 04:30:49.295645
RTM1C54,0.02,0.01,0.03,1000000.0,1000000.0,0,0,0,0,0,0,0,0,46,2026-02-05 04:30:49.295645
RTM1P54,4.33,4.32,4.34,1000000.0,1000000.0,0,0,0,0,0,0,0,0,46,2026-02-05 04:30:49.295645
RTM,49.66,49.65,49.67,100000000.0,100000000.0,0,0,0,0,0,0,0,0,47,2026-02-05 04:30:50.376141
RTM1C45,4.66,4.65,4.67,1000000.0,1000000.0,0,0,0,0,0,0,0,0,47,2026-02-05 04:30:50.376141
RTM1P45,0.02,0.01,0.03,1000000.0,1000000.0,0,0,0,0,0,0,0,0,47,2026-02-05 04:30:50.376141
RTM1C46,3.67,3.66,3.68,1000000.0,1000000.0,0,0,0,0,0,0,0,0,47,2026-02-05 04:30:50.376141
RTM1P46,0.02,0.01,0.03,1000000.0,1000000.0,0,0,0,0,0,0,0,0,47,2026-02-05 04:30:50.376141
RTM1C47,2.68,2.67,2.69,1000000.0,1000000.0,0,0,0,0,0,0,0,0,47,2026-02-05 04:30:50.376141
RTM1P47,0.02,0.01,0.03,1000000.0,1000000.0,0,0,0,0,0,0,0,0,47,2026-02-05 04:30:50.376141
RTM1C48,1.75,1.74,1.76,1000000.0,1000000.0,0,0,0,0,0,0,0,0,47,2026-02-05 04:30:50.376141
RTM1P48,0.09,0.08,0.1,1000000.0,1000000.0,0,0,0,0,0,0,0,0,47,2026-02-05 04:30:50.376141
RTM1C49,0.95,0.94,0.96,1000000.0,1000000.0,0,0,0,0,0,0,0,0,47,2026-02-05 04:30:50.376141
RTM1P49,0.28,0.27,0.29,1000000.0,1000000.0,0,0,0,0,0,0,0,0,47,2026-02-05 04:30:50.376141
RTM1C50,0.43,0.42,0.44,1000000.0,1000000.0,0,0,0,0,0,0,0,0,47,2026-02-05 04:30:50.376141
RTM1P50,0.77,0.76,0.78,1000000.0,1000000.0,0,0,0,0,0,0,0,0,47,2026-02-05 04:30:50.376141
RTM1C51,0.14,0.13,0.15,1000000.0,1000000.0,0,0,0,0,0,0,0,0,47,2026-02-05 04:30:50.376141
RTM1P51,1.47,1.46,1.48,1000000.0,1000000.0,0,0,0,0,0,0,0,0,47,2026-02-05 04:30:50.376141
RTM1C52,0.04,0.03,0.05,1000000.0,1000000.0,0,0,0,0,0,0,0,0,47,2026-02-05 04:30:50.376141
RTM1P52,2.37,2.36,2.38,1000000.0,1000000.0,0,0,0,0,0,0,0,0,47,2026-02-05 04:30:50.376141
RTM1C53,0.02,0.01,0.03,1000000.0,1000000.0,0,0,0,0,0,0,0,0,47,2026-02-05 04:30:50.376141
RTM1P53,3.34,3.33,3.35,1000000.0,1000000.0,0,0,0,0,0,0,0,0,47,2026-02-05 04:30:50.376141
RTM1C54,0.02,0.01,0.03,1000000.0,1000000.0,0,0,0,0,0,0,0,0,47,2026-02-05 04:30:50.376141
RTM1P54,4.34,4.33,4.35,1000000.0,1000000.0,0,0,0,0,0,0,0,0,47,2026-02-05 04:30:50.376141
RTM,49.86,49.85,49.87,100000000.0,100000000.0,0,0,0,0,0,0,0,0,48,2026-02-05 04:30:51.451371
RTM1C45,4.86,4.85,4.87,1000000.0,1000000.0,0,0,0,0,0,0,0,0,48,2026-02-05 04:30:51.451371
RTM1P45,0.02,0.01,0.03,1000000.0,1000000.0,0,0,0,0,0,0,0,0,48,2026-02-05 04:30:51.451371
RTM1C46,3.86,3.85,3.87,1000000.0,1000000.0,0,0,0,0,0,0,0,0,48,2026-02-05 04:30:51.451371
RTM1P46,0.02,0.01,0.03,1000000.0,1000000.0,0,0,0,0,0,0,0,0,48,2026-02-05 04:30:51.451371
RTM1C47,2.87,2.86,2.88,1000000.0,1000000.0,0,0,0,0,0,0,0,0,48,2026-02-05 04:30:51.451371
RTM1P47,0.02,0.01,0.03,1000000.0,1000000.0,0,0,0,0,0,0,0,0,48,2026-02-05 04:30:51.451371
RTM1C48,1.93,1.92,1.94,1000000.0,1000000.0,0,0,0,0,0,0,0,0,48,2026-02-05 04:30:51.451371
RTM1P48,0.07,0.06,0.08,1000000.0,1000000.0,0,0,0,0,0,0,0,0,48,2026-02-05 04:30:51.451371
RTM1C49,1.1,1.09,1.11,1000000.0,1000000.0,0,0,0,0,0,0,0,0,48,2026-02-05 04:30:51.451371
RTM1P49,0.24,0.23,0.25,1000000.0,1000000.0,0,0,0,0,0,0,0,0,48,2026-02-05 04:30:51.451371
RTM1C50,0.46,0.45,0.47,1000000.0,1000000.0,0,0,0,0,0,0,0,0,48,2026-02-05 04:30:51.451371
RTM1P50,0.59,0.58,0.6,1000000.0,1000000.0,0,0,0,0,0,0,0,0,48,2026-02-05 04:30:51.451371
RTM1C51,0.19,0.18,0.2,1000000.0,1000000.0,0,0,0,0,0,0,0,0,48,2026-02-05 04:30:51.451371
RTM1P51,1.33,1.32,1.34,1000000.0,1000000.0,0,0,0,0,0,0,0,0,48,2026-02-05 04:30:51.451371
RTM1C52,0.04,0.03,0.05,1000000.0,1000000.0,0,0,0,0,0,0,0,0,48,2026-02-05 04:30:51.451371
RTM1P52,2.18,2.17,2.19,1000000.0,1000000.0,0,0,0,0,0,0,0,0,48,2026-02-05 04:30:51.451371
RTM1C53,0.02,0.01,0.03,1000000.0,1000000.0,0,0,0,0,0,0,0,0,48,2026-02-05 04:30:51.451371
RTM1P53,3.15,3.14,3.16,1000000.0,1000000.0,0,0,0,0,0,0,0,0,48,2026-02-05 04:30:51.451371
RTM1C54,0.02,0.01,0.03,1000000.0,1000000.0,0,0,0,0,0,0,0,0,48,2026-02-05 04:30:51.451371
RTM1P54,4.14,4.13,4.15,1000000.0,1000000.0,0,0,0,0,0,0,0,0,48,2026-02-05 04:30:51.451371
RTM,49.8,49.79,49.81,100000000.0,100000000.0,0,0,0,0,0,0,0,0,49,2026-02-05 04:30:52.534574
RTM1C45,4.8,4.79,4.81,1000000.0,1000000.0,0,0,0,0,0,0,0,0,49,2026-02-05 04:30:52.534574
RTM1P45,0.02,0.01,0.03,1000000.0,1000000.0,0,0,0,0,0,0,0,0,49,2026-02-05 04:30:52.534574
RTM1C46,3.8,3.79,3.81,1000000.0,1000000.0,0,0,0,0,0,0,0,0,49,2026-02-05 04:30:52.534574
RTM1P46,0.02,0.01,0.03,1000000.0,1000000.0,0,0,0,0,0,0,0,0,49,2026-02-05 04:30:52.534574
RTM1C47,2.81,2.8,2.82,1000000.0,1000000.0,0,0,0,0,0,0,0,0,49,2026-02-05 04:30:52.534574
RTM1P47,0.02,0.01,0.03,1000000.0,1000000.0,0,0,0,0,0,0,0,0,49,2026-02-05 04:30:52.534574
RTM1C48,1.87,1.86,1.88,1000000.0,1000000.0,0,0,0,0,0,0,0,0,49,2026-02-05 04:30:52.534574
RTM1P48,0.07,0.06,0.08,1000000.0,1000000.0,0,0,0,0,0,0,0,0,49,2026-02-05 04:30:52.534574
RTM1C49,1.07,1.06,1.08,1000000.0,1000000.0,0,0,0,0,0,0,0,0,49,2026-02-05 04:30:52.534574
RTM1P49,0.27,0.26,0.28,1000000.0,1000000.0,0,0,0,0,0,0,0,0,49,2026-02-05 04:30:52.534574
RTM1C50,0.47,0.46,0.48,1000000.0,1000000.0,0,0,0,0,0,0,0,0,49,2026-02-05 04:30:52.534574
RTM1P50,0.67,0.66,0.68,1000000.0,1000000.0,0,0,0,0,0,0,0,0,49,2026-02-05 04:30:52.534574
RTM1C51,0.18,0.17,0.19,1000000.0,1000000.0,0,0,0,0,0,0,0,0,49,2026-02-05 04:30:52.534574
RTM1P51,1.38,1.37,1.39,1000000.0,1000000.0,0,0,0,0,0,0,0,0,49,2026-02-05 04:30:52.534574
RTM1C52,0.05,0.04,0.06,1000000.0,1000000.0,0,0,0,0,0,0,0,0,49,2026-02-05 04:30:52.534574
RTM1P52,2.25,2.24,2.26,1000000.0,1000000.0,0,0,0,0,0,0,0,0,49,2026-02-05 04:30:52.534574
RTM1C53,0.02,0.01,0.03,1000000.0,1000000.0,0,0,0,0,0,0,0,0,49,2026-02-05 04:30:52.534574
RTM1P53,3.21,3.2,3.22,1000000.0,1000000.0,0,0,0,0,0,0,0,0,49,2026-02-05 04:30:52.534574
RTM1C54,0.02,0.01,0.03,1000000.0,1000000.0,0,0,0,0,0,0,0,0,49,2026-02-05 04:30:52.534574
RTM1P54,4.2,4.19,4.21,1000000.0,1000000.0,0,0,0,0,0,0,0,0,49,2026-02-05 04:30:52.534574
RTM,49.76,49.74,49.76,100000000.0,100000000.0,0,0,0,0,0,0,0,0,50,2026-02-05 04:30:53.627668
RTM1C45,4.75,4.74,4.76,1000000.0,1000000.0,0,0,0,0,0,0,0,0,50,2026-02-05 04:30:53.627668
RTM1P45,0.02,0.01,0.03,1000000.0,1000000.0,0,0,0,0,0,0,0,0,50,2026-02-05 04:30:53.627668
RTM1C46,3.76,3.75,3.77,1000000.0,1000000.0,0,0,0,0,0,0,0,0,50,2026-02-05 04:30:53.627668
RTM1P46,0.02,0.01,0.03,1000000.0,1000000.0,0,0,0,0,0,0,0,0,50,2026-02-05 04:30:53.627668
RTM1C47,2.76,2.75,2.77,1000000.0,1000000.0,0,0,0,0,0,0,0,0,50,2026-02-05 04:30:53.627668
RTM1P47,0.02,0.01,0.03,1000000.0,1000000.0,0,0,0,0,0,0,0,0,50,2026-02-05 04:30:53.627668
RTM1C48,1.83,1.82,1.84,1000000.0,1000000.0,0,0,0,0,0,0,0,0,50,2026-02-05 04:30:53.627668
RTM1P48,0.07,0.06,0.08,1000000.0,1000000.0,0,0,0,0,0,0,0,0,50,2026-02-05 04:30:53.627668
RTM1C49,1.03,1.02,1.04,1000000.0,1000000.0,0,0,0,0,0,0,0,0,50,2026-02-05 04:30:53.627668
RTM1P49,0.27,0.26,0.28,1000000.0,1000000.0,0,0,0,0,0,0,0,0,50,2026-02-05 04:30:53.627668
RTM1C50,0.44,0.43,0.45,1000000.0,1000000.0,0,0,0,0,0,0,0,0,50,2026-02-05 04:30:53.627668
RTM1P50,0.69,0.68,0.7,1000000.0,1000000.0,0,0,0,0,0,0,0,0,50,2026-02-05 04:30:53.627668
RTM1C51,0.17,0.16,0.18,1000000.0,1000000.0,0,0,0,0,0,0,0,0,50,2026-02-05 04:30:53.627668
RTM1P51,1.41,1.4,1.42,1000000.0,1000000.0,0,0,0,0,0,0,0,0,50,2026-02-05 04:30:53.627668
RTM1C52,0.04,0.03,0.05,1000000.0,1000000.0,0,0,0,0,0,0,0,0,50,2026-02-05 04:30:53.627668
RTM1P52,2.29,2.28,2.3,1000000.0,1000000.0,0,0,0,0,0,0,0,0,50,2026-02-05 04:30:53.627668
RTM1C53,0.02,0.01,0.03,1000000.0,1000000.0,0,0,0,0,0,0,0,0,50,2026-02-05 04:30:53.627668
RTM1P53,3.25,3.24,3.26,1000000.0,1000000.0,0,0,0,0,0,0,0,0,50,2026-02-05 04:30:53.627668
RTM1C54,0.02,0.01,0.03,1000000.0,1000000.0,0,0,0,0,0,0,0,0,50,2026-02-05 04:30:53.627668
RTM1P54,4.25,4.24,4.26,1000000.0,1000000.0,0,0,0,0,0,0,0,0,50,2026-02-05 04:30:53.627668
RTM,49.7,49.69,49.71,100000000.0,100000000.0,0,0,0,0,0,0,0,0,51,2026-02-05 04:30:54.709531
RTM1C45,4.7,4.69,4.71,1000000.0,1000000.0,0,0,0,0,0,0,0,0,51,2026-02-05 04:30:54.709531
RTM1P45,0.02,0.01,0.03,1000000.0,1000000.0,0,0,0,0,0,0,0,0,51,2026-02-05 04:30:54.709531
RTM1C46,3.7,3.69,3.71,1000000.0,1000000.0,0,0,0,0,0,0,0,0,51,2026-02-05 04:30:54.709531
RTM1P46,0.02,0.01,0.03,1000000.0,1000000.0,0,0,0,0,0,0,0,0,51,2026-02-05 04:30:54.709531
RTM1C47,2.72,2.71,2.73,1000000.0,1000000.0,0,0,0,0,0,0,0,0,51,2026-02-05 04:30:54.709531
RTM1P47,0.02,0.01,0.03,1000000.0,1000000.0,0,0,0,0,0,0,0,0,51,2026-02-05 04:30:54.709531
RTM1C48,1.79,1.78,1.8,1000000.0,1000000.0,0,0,0,0,0,0,0,0,51,2026-02-05 04:30:54.709531
RTM1P48,0.08,0.07,0.09,1000000.0,1000000.0,0,0,0,0,0,0,0,0,51,2026-02-05 04:30:54.709531
RTM1C49,0.99,0.98,1.0,1000000.0,1000000.0,0,0,0,0,0,0,0,0,51,2026-02-05 04:30:54.709531
RTM1P49,0.29,0.28,0.3,1000000.0,1000000.0,0,0,0,0,0,0,0,0,51,2026-02-05 04:30:54.709531
RTM1C50,0.44,0.43,0.45,1000000.0,1000000.0,0,0,0,0,0,0,0,0,51,2026-02-05 04:30:54.709531
RTM1P50,0.74,0.73,0.75,1000000.0,1000000.0,0,0,0,0,0,0,0,0,51,2026-02-05 04:30:54.709531
RTM1C51,0.14,0.13,0.15,1000000.0,1000000.0,0,0,0,0,0,0,0,0,51,2026-02-05 04:30:54.709531
RTM1P51,1.44,1.43,1.45,1000000.0,1000000.0,0,0,0,0,0,0,0,0,51,2026-02-05 04:30:54.709531
RTM1C52,0.04,0.03,0.05,1000000.0,1000000.0,0,0,0,0,0,0,0,0,51,2026-02-05 04:30:54.709531
RTM1P52,2.34,2.33,2.35,1000000.0,1000000.0,0,0,0,0,0,0,0,0,51,2026-02-05 04:30:54.709531
RTM1C53,0.02,0.01,0.03,1000000.0,1000000.0,0,0,0,0,0,0,0,0,51,2026-02-05 04:30:54.709531
RTM1P53,3.31,3.3,3.32,1000000.0,1000000.0,0,0,0,0,0,0,0,0,51,2026-02-05 04:30:54.709531
RTM1C54,0.02,0.01,0.03,1000000.0,1000000.0,0,0,0,0,0,0,0,0,51,2026-02-05 04:30:54.709531
RTM1P54,4.3,4.29,4.31,1000000.0,1000000.0,0,0,0,0,0,0,0,0,51,2026-02-05 04:30:54.709531
RTM,49.73,49.72,49.74,100000000.0,100000000.0,0,0,0,0,0,0,0,0,52,2026-02-05 04:30:55.317841
RTM1C45,4.73,4.72,4.74,1000000.0,1000000.0,0,0,0,0,0,0,0,0,52,2026-02-05 04:30:55.317841
RTM1P45,0.02,0.01,0.03,1000000.0,1000000.0,0,0,0,0,0,0,0,0,52,2026-02-05 04:30:55.317841
RTM1C46,3.73,3.72,3.74,1000000.0,1000000.0,0,0,0,0,0,0,0,0,52,2026-02-05 04:30:55.317841
RTM1P46,0.02,0.01,0.03,1000000.0,1000000.0,0,0,0,0,0,0,0,0,52,2026-02-05 04:30:55.317841
RTM1C47,2.74,2.73,2.75,1000000.0,1000000.0,0,0,0,0,0,0,0,0,52,2026-02-05 04:30:55.317841
RTM1P47,0.02,0.01,0.03,1000000.0,1000000.0,0,0,0,0,0,0,0,0,52,2026-02-05 04:30:55.317841
RTM1C48,1.8,1.79,1.81,1000000.0,1000000.0,0,0,0,0,0,0,0,0,52,2026-02-05 04:30:55.317841
RTM1P48,0.07,0.06,0.08,1000000.0,1000000.0,0,0,0,0,0,0,0,0,52,2026-02-05 04:30:55.317841
RTM1C49,1.02,1.01,1.03,1000000.0,1000000.0,0,0,0,0,0,0,0,0,52,2026-02-05 04:30:55.317841
RTM1P49,0.29,0.28,0.3,1000000.0,1000000.0,0,0,0,0,0,0,0,0,52,2026-02-05 04:30:55.317841
RTM1C50,0.45,0.44,0.46,1000000.0,1000000.0,0,0,0,0,0,0,0,0,52,2026-02-05 04:30:55.317841
RTM1P50,0.72,0.71,0.73,1000000.0,1000000.0,0,0,0,0,0,0,0,0,52,2026-02-05 04:30:55.317841
RTM1C51,0.17,0.16,0.18,1000000.0,1000000.0,0,0,0,0,0,0,0,0,52,2026-02-05 04:30:55.317841
RTM1P51,1.44,1.43,1.45,1000000.0,1000000.0,0,0,0,0,0,0,0,0,52,2026-02-05 04:30:55.317841
RTM1C52,0.04,0.03,0.05,1000000.0,1000000.0,0,0,0,0,0,0,0,0,52,2026-02-05 04:30:55.317841
RTM1P52,2.31,2.3,2.32,1000000.0,1000000.0,0,0,0,0,0,0,0,0,52,2026-02-05 04:30:55.317841
RTM1C53,0.02,0.01,0.03,1000000.0,1000000.0,0,0,0,0,0,0,0,0,52,2026-02-05 04:30:55.317841
RTM1P53,3.28,3.27,3.29,1000000.0,1000000.0,0,0,0,0,0,0,0,0,52,2026-02-05 04:30:55.317841
RTM1C54,0.02,0.01,0.03,1000000.0,1000000.0,0,0,0,0,0,0,0,0,52,2026-02-05 04:30:55.317841
RTM1P54,4.27,4.26,4.28,1000000.0,1000000.0,0,0,0,0,0,0,0,0,52,2026-02-05 04:30:55.317841
RTM,49.66,49.65,49.67,100000000.0,100000000.0,0,0,0,0,0,0,0,0,53,2026-02-05 04:30:56.416289
RTM1C45,4.66,4.65,4.67,1000000.0,1000000.0,0,0,0,0,0,0,0,0,53,2026-02-05 04:30:56.416289
RTM1P45,0.02,0.01,0.03,1000000.0,1000000.0,0,0,0,0,0,0,0,0,53,2026-02-05 04:30:56.416289
RTM1C46,3.67,3.66,3.68,1000000.0,1000000.0,0,0,0,0,0,0,0,0,53,2026-02-05 04:30:56.416289
RTM1P46,0.02,0.01,0.03,1000000.0,1000000.0,0,0,0,0,0,0,0,0,53,2026-02-05 04:30:56.416289
RTM1C47,2.68,2.67,2.69,1000000.0,1000000.0,0,0,0,0,0,0,0,0,53,2026-02-05 04:30:56.416289
RTM1P47,0.02,0.01,0.03,1000000.0,1000000.0,0,0,0,0,0,0,0,0,53,2026-02-05 04:30:56.416289
RTM1C48,1.75,1.74,1.76,1000000.0,1000000.0,0,0,0,0,0,0,0,0,53,2026-02-05 04:30:56.416289
RTM1P48,0.08,0.07,0.09,1000000.0,1000000.0,0,0,0,0,0,0,0,0,53,2026-02-05 04:30:56.416289
RTM1C49,0.96,0.95,0.97,1000000.0,1000000.0,0,0,0,0,0,0,0,0,53,2026-02-05 04:30:56.416289
RTM1P49,0.29,0.28,0.3,1000000.0,1000000.0,0,0,0,0,0,0,0,0,53,2026-02-05 04:30:56.416289
RTM1C50,0.42,0.41,0.43,1000000.0,1000000.0,0,0,0,0,0,0,0,0,53,2026-02-05 04:30:56.416289
RTM1P50,0.75,0.74,0.76,1000000.0,1000000.0,0,0,0,0,0,0,0,0,53,2026-02-05 04:30:56.416289
RTM1C51,0.15,0.14,0.16,1000000.0,1000000.0,0,0,0,0,0,0,0,0,53,2026-02-05 04:30:56.416289
RTM1P51,1.48,1.47,1.49,1000000.0,1000000.0,0,0,0,0,0,0,0,0,53,2026-02-05 04:30:56.416289
RTM1C52,0.04,0.03,0.05,1000000.0,1000000.0,0,0,0,0,0,0,0,0,53,2026-02-05 04:30:56.416289
RTM1P52,2.38,2.37,2.39,1000000.0,1000000.0,0,0,0,0,0,0,0,0,53,2026-02-05 04:30:56.416289
RTM1C53,0.02,0.01,0.03,1000000.0,1000000.0,0,0,0,0,0,0,0,0,53,2026-02-05 04:30:56.416289
RTM1P53,3.34,3.33,3.35,1000000.0,1000000.0,0,0,0,0,0,0,0,0,53,2026-02-05 04:30:56.416289
RTM1C54,0.02,0.01,0.03,1000000.0,1000000.0,0,0,0,0,0,0,0,0,53,2026-02-05 04:30:56.416289
RTM1P54,4.34,4.33,4.35,1000000.0,1000000.0,0,0,0,0,0,0,0,0,53,2026-02-05 04:30:56.416289
RTM,49.71,49.7,49.72,100000000.0,100000000.0,0,0,0,0,0,0,0,0,54,2026-02-05 04:30:57.500297
RTM1C45,4.71,4.7,4.72,1000000.0,1000000.0,0,0,0,0,0,0,0,0,54,2026-02-05 04:30:57.500297
RTM1P45,0.02,0.01,0.03,1000000.0,1000000.0,0,0,0,0,0,0,0,0,54,2026-02-05 04:30:57.500297
RTM1C46,3.71,3.7,3.72,1000000.0,1000000.0,0,0,0,0,0,0,0,0,54,2026-02-05 04:30:57.500297
RTM1P46,0.02,0.01,0.03,1000000.0,1000000.0,0,0,0,0,0,0,0,0,54,2026-02-05 04:30:57.500297
RTM1C47,2.72,2.71,2.73,1000000.0,1000000.0,0,0,0,0,0,0,0,0,54,2026-02-05 04:30:57.500297
RTM1P47,0.02,0.01,0.03,1000000.0,1000000.0,0,0,0,0,0,0,0,0,54,2026-02-05 04:30:57.500297
RTM1C48,1.79,1.78,1.8,1000000.0,1000000.0,0,0,0,0,0,0,0,0,54,2026-02-05 04:30:57.500297
RTM1P48,0.09,0.08,0.1,1000000.0,1000000.0,0,0,0,0,0,0,0,0,54,2026-02-05 04:30:57.500297
RTM1C49,0.99,0.98,1.0,1000000.0,1000000.0,0,0,0,0,0,0,0,0,54,2026-02-05 04:30:57.500297
RTM1P49,0.28,0.27,0.29,1000000.0,1000000.0,0,0,0,0,0,0,0,0,54,2026-02-05 04:30:57.500297
RTM1C50,0.46,0.45,0.47,1000000.0,1000000.0,0,0,0,0,0,0,0,0,54,2026-02-05 04:30:57.500297
RTM1P50,0.75,0.74,0.76,1000000.0,1000000.0,0,0,0,0,0,0,0,0,54,2026-02-05 04:30:57.500297
RTM1C51,0.16,0.15,0.17,1000000.0,1000000.0,0,0,0,0,0,0,0,0,54,2026-02-05 04:30:57.500297
RTM1P51,1.45,1.44,1.46,1000000.0,1000000.0,0,0,0,0,0,0,0,0,54,2026-02-05 04:30:57.500297
RTM1C52,0.04,0.03,0.05,1000000.0,1000000.0,0,0,0,0,0,0,0,0,54,2026-02-05 04:30:57.500297
RTM1P52,2.33,2.32,2.34,1000000.0,1000000.0,0,0,0,0,0,0,0,0,54,2026-02-05 04:30:57.500297
RTM1C53,0.02,0.01,0.03,1000000.0,1000000.0,0,0,0,0,0,0,0,0,54,2026-02-05 04:30:57.500297
RTM1P53,3.3,3.29,3.31,1000000.0,1000000.0,0,0,0,0,0,0,0,0,54,2026-02-05 04:30:57.500297
RTM1C54,0.02,0.01,0.03,1000000.0,1000000.0,0,0,0,0,0,0,0,0,54,2026-02-05 04:30:57.500297
RTM1P54,4.29,4.28,4.3,1000000.0,1000000.0,0,0,0,0,0,0,0,0,54,2026-02-05 04:30:57.500297
RTM,49.79,49.78,49.8,100000000.0,100000000.0,0,0,0,0,0,0,0,0,55,2026-02-05 04:30:58.573146
