ticker,last_price,bid_price,ask_price,BUY_ANON,BUY_DUBL-1,SELL_GIOT-1,SELL_ANON,BUY_UEBR-3,SELL_UEBR-2,BUY_GIOT-1,BUY_UEBR-2,SELL_DUBL-1,BUY_UBCT-2,SELL_UBCT-2,SELL_UEBR-3,tick,timestamp
RTM,0.0,0.0,0.0,0,0,0,0,0,0,0,0,0,0,0,0,0,2026-02-05 13:14:21.115735
RTM1C45,0.0,0.0,0.0,0,0,0,0,0,0,0,0,0,0,0,0,0,2026-02-05 13:14:21.115735
RTM1P45,0.0,0.0,0.0,0,0,0,0,0,0,0,0,0,0,0,0,0,2026-02-05 13:14:21.115735
RTM1C46,0.0,0.0,0.0,0,0,0,0,0,0,0,0,0,0,0,0,0,2026-02-05 13:14:21.115735
RTM1P46,0.0,0.0,0.0,0,0,0,0,0,0,0,0,0,0,0,0,0,2026-02-05 13:14:21.115735
RTM1C47,0.0,0.0,0.0,0,0,0,0,0,0,0,0,0,0,0,0,0,2026-02-05 13:14:21.115735
RTM1P47,0.0,0.0,0.0,0,0,0,0,0,0,0,0,0,0,0,0,0,2026-02-05 13:14:21.115735
RTM1C48,0.0,0.0,0.0,0,0,0,0,0,0,0,0,0,0,0,0,0,2026-02-05 13:14:21.115735
RTM1P48,0.0,0.0,0.0,0,0,0,0,0,0,0,0,0,0,0,0,0,2026-02-05 13:14:21.115735
RTM1C49,0.0,0.0,0.0,0,0,0,0,0,0,0,0,0,0,0,0,0,2026-02-05 13:14:21.115735
RTM1P49,0.0,0.0,0.0,0,0,0,0,0,0,0,0,0,0,0,0,0,2026-02-05 13:14:21.115735
RTM1C50,0.0,0.0,0.0,0,0,0,0,0,0,0,0,0,0,0,0,0,2026-02-05 13:14:21.115735
RTM1P50,0.0,0.0,0.0,0,0,0,0,0,0,0,0,0,0,0,0,0,2026-02-05 13:14:21.115735
RTM1C51,0.0,0.0,0.0,0,0,0,0,0,0,0,0,0,0,0,0,0,2026-02-05 13:14:21.115735
RTM1P51,0.0,0.0,0.0,0,0,0,0,0,0,0,0,0,0,0,0,0,2026-02-05 13:14:21.115735
RTM1C52,0.0,0.0,0.0,0,0,0,0,0,0,0,0,0,0,0,0,0,2026-02-05 13:14:21.115735
RTM1P52,0.0,0.0,0.0,0,0,0,0,0,0,0,0,0,0,0,0,0,2026-02-05 13:14:21.115735
RTM1C53,0.0,0.0,0.0,0,0,0,0,0,0,0,0,0,0,0,0,0,2026-02-05 13:14:21.115735
RTM1P53,0.0,0.0,0.0,0,0,0,0,0,0,0,0,0,0,0,0,0,2026-02-05 13:14:21.115735
RTM1C54,0.0,0.0,0.0,0,0,0,0,0,0,0,0,0,0,0,0,0,2026-02-05 13:14:21.115735
RTM1P54,0.0,0.0,0.0,0,0,0,0,0,0,0,0,0,0,0,0,0,2026-02-05 13:14:21.115735
RTM,50.0,0.0,0.0,100000000.0,100000000.0,0,0,0,0,0,0,0,0,0,0,1,2026-02-05 13:14:21.682821,2.0,1.0,1.0,Week 1,Delta limit and penalty,The delta limit for this sub-heat is 11000 and the penalty percentage is 2%
RTM1C45,5.0,0.0,0.0,1000000.0,1000000.0,0,0,0,0,0,0,0,0,0,0,1,2026-02-05 13:14:21.682821,1.0,1.0,1.0,Week 1,Risk free rate and current annualized volatility of RTM,The current risk free rate is 0%. RTM is an ETF that mimics one of the major indices in the simulated world and its current annualized realized volatility is 19%. This simulation consists of 20 trading days that are each 15 ticks in length.
RTM1P45,0.02,0.0,0.0,1000000.0,1000000.0,0,0,0,0,0,0,0,0,0,0,1,2026-02-05 13:14:21.682821,,,,,,
RTM1C46,4.01,0.0,0.0,1000000.0,1000000.0,0,0,0,0,0,0,0,0,0,0,1,2026-02-05 13:14:21.682821,,,,,,
RTM1P46,0.02,0.0,0.0,1000000.0,1000000.0,0,0,0,0,0,0,0,0,0,0,1,2026-02-05 13:14:21.682821,,,,,,
RTM1C47,3.04,0.0,0.0,1000000.0,1000000.0,0,0,0,0,0,0,0,0,0,0,1,2026-02-05 13:14:21.682821,,,,,,
RTM1P47,0.04,0.0,0.0,1000000.0,1000000.0,0,0,0,0,0,0,0,0,0,0,1,2026-02-05 13:14:21.682821,,,,,,
RTM1C48,2.15,0.0,0.0,1000000.0,1000000.0,0,0,0,0,0,0,0,0,0,0,1,2026-02-05 13:14:21.682821,,,,,,
RTM1P48,0.15,0.0,0.0,1000000.0,1000000.0,0,0,0,0,0,0,0,0,0,0,1,2026-02-05 13:14:21.682821,,,,,,
RTM1C49,1.37,0.0,0.0,1000000.0,1000000.0,0,0,0,0,0,0,0,0,0,0,1,2026-02-05 13:14:21.682821,,,,,,
RTM1P49,0.37,0.0,0.0,1000000.0,1000000.0,0,0,0,0,0,0,0,0,0,0,1,2026-02-05 13:14:21.682821,,,,,,
RTM1C50,0.87,0.0,0.0,1000000.0,1000000.0,0,0,0,0,0,0,0,0,0,0,1,2026-02-05 13:14:21.682821,,,,,,
RTM1P50,0.87,0.0,0.0,1000000.0,1000000.0,0,0,0,0,0,0,0,0,0,0,1,2026-02-05 13:14:21.682821,,,,,,
RTM1C51,0.31,0.0,0.0,1000000.0,1000000.0,0,0,0,0,0,0,0,0,0,0,1,2026-02-05 13:14:21.682821,,,,,,
RTM1P51,1.31,0.0,0.0,1000000.0,1000000.0,0,0,0,0,0,0,0,0,0,0,1,2026-02-05 13:14:21.682821,,,,,,
RTM1C52,0.21,0.0,0.0,1000000.0,1000000.0,0,0,0,0,0,0,0,0,0,0,1,2026-02-05 13:14:21.682821,,,,,,
RTM1P52,2.21,0.0,0.0,1000000.0,1000000.0,0,0,0,0,0,0,0,0,0,0,1,2026-02-05 13:14:21.682821,,,,,,
RTM1C53,0.06,0.0,0.0,1000000.0,1000000.0,0,0,0,0,0,0,0,0,0,0,1,2026-02-05 13:14:21.682821,,,,,,
RTM1P53,3.06,0.0,0.0,1000000.0,1000000.0,0,0,0,0,0,0,0,0,0,0,1,2026-02-05 13:14:21.682821,,,,,,
RTM1C54,0.02,0.0,0.0,1000000.0,1000000.0,0,0,0,0,0,0,0,0,0,0,1,2026-02-05 13:14:21.682821,,,,,,
RTM1P54,4.02,0.0,0.0,1000000.0,1000000.0,0,0,0,0,0,0,0,0,0,0,1,2026-02-05 13:14:21.682821,,,,,,
RTM,49.75,49.74,49.76,100000000.0,100000000.0,0,0,0,0,0,0,0,0,0,0,2,2026-02-05 13:14:22.753642
RTM1C45,4.76,4.75,4.77,1000000.0,1000000.0,0,0,0,0,0,0,0,0,0,0,2,2026-02-05 13:14:22.753642
RTM1P45,0.02,0.01,0.03,1000000.0,1000000.0,0,0,0,0,0,0,0,0,0,0,2,2026-02-05 13:14:22.753642
RTM1C46,3.76,3.75,3.77,1000000.0,1000000.0,0,0,0,0,0,0,0,0,0,0,2,2026-02-05 13:14:22.753642
RTM1P46,0.02,0.01,0.03,1000000.0,1000000.0,0,0,0,0,0,0,0,0,0,0,2,2026-02-05 13:14:22.753642
RTM1C47,2.83,2.82,2.84,1000000.0,1000000.0,0,0,0,0,0,0,0,0,0,0,2,2026-02-05 13:14:22.753642
RTM1P47,0.08,0.07,0.09,1000000.0,1000000.0,0,0,0,0,0,0,0,0,0,0,2,2026-02-05 13:14:22.753642
RTM1C48,1.99,1.98,2.0,1000000.0,1000000.0,0,0,0,0,0,0,0,0,0,0,2,2026-02-05 13:14:22.753642
RTM1P48,0.24,0.23,0.25,1000000.0,1000000.0,0,0,0,0,0,0,0,0,0,0,2,2026-02-05 13:14:22.753642
RTM1C49,1.22,1.21,1.23,1000000.0,1000000.0,0,0,0,0,0,0,0,0,0,0,2,2026-02-05 13:14:22.753642
RTM1P49,0.47,0.46,0.48,1000000.0,1000000.0,0,0,0,0,0,0,0,0,0,0,2,2026-02-05 13:14:22.753642
RTM1C50,0.68,0.67,0.69,1000000.0,1000000.0,0,0,0,0,0,0,0,0,0,0,2,2026-02-05 13:14:22.753642
RTM1P50,0.93,0.92,0.94,1000000.0,1000000.0,0,0,0,0,0,0,0,0,0,0,2,2026-02-05 13:14:22.753642
RTM1C51,0.36,0.35,0.37,1000000.0,1000000.0,0,0,0,0,0,0,0,0,0,0,2,2026-02-05 13:14:22.753642
RTM1P51,1.6,1.59,1.61,1000000.0,1000000.0,0,0,0,0,0,0,0,0,0,0,2,2026-02-05 13:14:22.753642
RTM1C52,0.09,0.08,0.1,1000000.0,1000000.0,0,0,0,0,0,0,0,0,0,0,2,2026-02-05 13:14:22.753642
RTM1P52,2.34,2.33,2.35,1000000.0,1000000.0,0,0,0,0,0,0,0,0,0,0,2,2026-02-05 13:14:22.753642
RTM1C53,0.06,0.05,0.07,1000000.0,1000000.0,0,0,0,0,0,0,0,0,0,0,2,2026-02-05 13:14:22.753642
RTM1P53,3.31,3.3,3.32,1000000.0,1000000.0,0,0,0,0,0,0,0,0,0,0,2,2026-02-05 13:14:22.753642
RTM1C54,0.02,0.01,0.03,1000000.0,1000000.0,0,0,0,0,0,0,0,0,0,0,2,2026-02-05 13:14:22.753642
RTM1P54,4.26,4.25,4.27,1000000.0,1000000.0,0,0,0,0,0,0,0,0,0,0,2,2026-02-05 13:14:22.753642
RTM,50.0,49.99,50.01,100000000.0,100000000.0,0,0,0,0,0,0,0,0,0,0,3,2026-02-05 13:14:23.866081
RTM1C45,5.0,4.99,5.01,1000000.0,1000000.0,0,0,0,0,0,0,0,0,0,0,3,2026-02-05 13:14:23.866081
RTM1P45,0.02,0.01,0.03,1000000.0,1000000.0,0,0,0,0,0,0,0,0,0,0,3,2026-02-05 13:14:23.866081
RTM1C46,4.0,3.99,4.01,1000000.0,1000000.0,0,0,0,0,0,0,0,0,0,0,3,2026-02-05 13:14:23.866081
RTM1P46,0.02,0.01,0.03,1000000.0,1000000.0,0,0,0,0,0,0,0,0,0,0,3,2026-02-05 13:14:23.866081
RTM1C47,3.08,3.07,3.09,1000000.0,1000000.0,0,0,0,0,0,0,0,0,0,0,3,2026-02-05 13:14:23.866081
RTM1P47,0.08,0.07,0.09,1000000.0,1000000.0,0,0,0,0,0,0,0,0,0,0,3,2026-02-05 13:14:23.866081
RTM1C48,2.18,2.17,2.19,1000000.0,1000000.0,0,0,0,0,0,0,0,0,0,0,3,2026-02-05 13:14:23.866081
RTM1P48,0.18,0.17,0.19,1000000.0,1000000.0,0,0,0,0,0,0,0,0,0,0,3,2026-02-05 13:14:23.866081
RTM1C49,1.43,1.42,1.44,1000000.0,1000000.0,0,0,0,0,0,0,0,0,0,0,3,2026-02-05 13:14:23.866081
RTM1P49,0.43,0.42,0.44,1000000.0,1000000.0,0,0,0,0,0,0,0,0,0,0,3,2026-02-05 13:14:23.866081
RTM1C50,0.77,0.76,0.78,1000000.0,1000000.0,0,0,0,0,0,0,0,0,0,0,3,2026-02-05 13:14:23.866081
RTM1P50,0.77,0.76,0.78,1000000.0,1000000.0,0,0,0,0,0,0,0,0,0,0,3,2026-02-05 13:14:23.866081
RTM1C51,0.34,0.33,0.35,1000000.0,1000000.0,0,0,0,0,0,0,0,0,0,0,3,2026-02-05 13:14:23.866081
RTM1P51,1.35,1.34,1.36,1000000.0,1000000.0,0,0,0,0,0,0,0,0,0,0,3,2026-02-05 13:14:23.866081
RTM1C52,0.13,0.12,0.14,1000000.0,1000000.0,0,0,0,0,0,0,0,0,0,0,3,2026-02-05 13:14:23.866081
RTM1P52,2.13,2.12,2.14,1000000.0,1000000.0,0,0,0,0,0,0,0,0,0,0,3,2026-02-05 13:14:23.866081
RTM1C53,0.08,0.07,0.09,1000000.0,1000000.0,0,0,0,0,0,0,0,0,0,0,3,2026-02-05 13:14:23.866081
RTM1P53,3.08,3.07,3.09,1000000.0,1000000.0,0,0,0,0,0,0,0,0,0,0,3,2026-02-05 13:14:23.866081
RTM1C54,0.04,0.03,0.05,1000000.0,1000000.0,0,0,0,0,0,0,0,0,0,0,3,2026-02-05 13:14:23.866081
RTM1P54,4.04,4.03,4.05,1000000.0,1000000.0,0,0,0,0,0,0,0,0,0,0,3,2026-02-05 13:14:23.866081
RTM,49.99,49.98,50.0,100000000.0,100000000.0,0,0,0,0,0,0,0,0,0,0,4,2026-02-05 13:14:24.453487
RTM1C45,4.99,4.98,5.0,1000000.0,1000000.0,0,0,0,0,0,0,0,0,0,0,4,2026-02-05 13:14:24.453487
RTM1P45,0.02,0.01,0.03,1000000.0,1000000.0,0,0,0,0,0,0,0,0,0,0,4,2026-02-05 13:14:24.453487
RTM1C46,4.0,3.99,4.01,1000000.0,1000000.0,0,0,0,0,0,0,0,0,0,0,4,2026-02-05 13:14:24.453487
RTM1P46,0.02,0.01,0.03,1000000.0,1000000.0,0,0,0,0,0,0,0,0,0,0,4,2026-02-05 13:14:24.453487
RTM1C47,3.04,3.03,3.05,1000000.0,1000000.0,0,0,0,0,0,0,0,0,0,0,4,2026-02-05 13:14:24.453487
RTM1P47,0.06,0.05,0.07,1000000.0,1000000.0,0,0,0,0,0,0,0,0,0,0,4,2026-02-05 13:14:24.453487
RTM1C48,2.15,2.14,2.16,1000000.0,1000000.0,0,0,0,0,0,0,0,0,0,0,4,2026-02-05 13:14:24.453487
RTM1P48,0.16,0.15,0.17,1000000.0,1000000.0,0,0,0,0,0,0,0,0,0,0,4,2026-02-05 13:14:24.453487
RTM1C49,1.34,1.33,1.35,1000000.0,1000000.0,0,0,0,0,0,0,0,0,0,0,4,2026-02-05 13:14:24.453487
RTM1P49,0.35,0.34,0.36,1000000.0,1000000.0,0,0,0,0,0,0,0,0,0,0,4,2026-02-05 13:14:24.453487
RTM1C50,0.85,0.84,0.86,1000000.0,1000000.0,0,0,0,0,0,0,0,0,0,0,4,2026-02-05 13:14:24.453487
RTM1P50,0.86,0.85,0.87,1000000.0,1000000.0,0,0,0,0,0,0,0,0,0,0,4,2026-02-05 13:14:24.453487
RTM1C51,0.31,0.3,0.32,1000000.0,1000000.0,0,0,0,0,0,0,0,0,0,0,4,2026-02-05 13:14:24.453487
RTM1P51,1.32,1.31,1.33,1000000.0,1000000.0,0,0,0,0,0,0,0,0,0,0,4,2026-02-05 13:14:24.453487
RTM1C52,0.17,0.16,0.18,1000000.0,1000000.0,0,0,0,0,0,0,0,0,0,0,4,2026-02-05 13:14:24.453487
RTM1P52,2.19,2.18,2.2,1000000.0,1000000.0,0,0,0,0,0,0,0,0,0,0,4,2026-02-05 13:14:24.453487
RTM1C53,0.07,0.06,0.08,1000000.0,1000000.0,0,0,0,0,0,0,0,0,0,0,4,2026-02-05 13:14:24.453487
RTM1P53,3.08,3.07,3.09,1000000.0,1000000.0,0,0,0,0,0,0,0,0,0,0,4,2026-02-05 13:14:24.453487
RTM1C54,0.04,0.03,0.05,1000000.0,1000000.0,0,0,0,0,0,0,0,0,0,0,4,2026-02-05 13:14:24.453487
RTM1P54,4.05,4.04,4.06,1000000.0,1000000.0,0,0,0,0,0,0,0,0,0,0,4,2026-02-05 13:14:24.453487
RTM,50.04,50.03,50.05,100000000.0,100000000.0,0,0,0,0,0,0,0,0,0,0,5,2026-02-05 13:14:25.509618
RTM1C45,5.04,5.03,5.05,1000000.0,1000000.0,0,0,0,0,0,0,0,0,0,0,5,2026-02-05 13:14:25.509618
RTM1P45,0.02,0.01,0.03,1000000.0,1000000.0,0,0,0,0,0,0,0,0,0,0,5,2026-02-05 13:14:25.509618
RTM1C46,4.06,4.05,4.07,1000000.0,1000000.0,0,0,0,0,0,0,0,0,0,0,5,2026-02-05 13:14:25.509618
RTM1P46,0.02,0.01,0.03,1000000.0,1000000.0,0,0,0,0,0,0,0,0,0,0,5,2026-02-05 13:14:25.509618
RTM1C47,3.07,3.06,3.08,1000000.0,1000000.0,0,0,0,0,0,0,0,0,0,0,5,2026-02-05 13:14:25.509618
RTM1P47,0.03,0.02,0.04,1000000.0,1000000.0,0,0,0,0,0,0,0,0,0,0,5,2026-02-05 13:14:25.509618
RTM1C48,2.15,2.14,2.16,1000000.0,1000000.0,0,0,0,0,0,0,0,0,0,0,5,2026-02-05 13:14:25.509618
RTM1P48,0.11,0.1,0.12,1000000.0,1000000.0,0,0,0,0,0,0,0,0,0,0,5,2026-02-05 13:14:25.509618
RTM1C49,1.4,1.39,1.41,1000000.0,1000000.0,0,0,0,0,0,0,0,0,0,0,5,2026-02-05 13:14:25.509618
RTM1P49,0.36,0.35,0.37,1000000.0,1000000.0,0,0,0,0,0,0,0,0,0,0,5,2026-02-05 13:14:25.509618
RTM1C50,0.82,0.81,0.83,1000000.0,1000000.0,0,0,0,0,0,0,0,0,0,0,5,2026-02-05 13:14:25.509618
RTM1P50,0.78,0.77,0.79,1000000.0,1000000.0,0,0,0,0,0,0,0,0,0,0,5,2026-02-05 13:14:25.509618
RTM1C51,0.33,0.32,0.34,1000000.0,1000000.0,0,0,0,0,0,0,0,0,0,0,5,2026-02-05 13:14:25.509618
RTM1P51,1.29,1.28,1.3,1000000.0,1000000.0,0,0,0,0,0,0,0,0,0,0,5,2026-02-05 13:14:25.509618
RTM1C52,0.24,0.23,0.25,1000000.0,1000000.0,0,0,0,0,0,0,0,0,0,0,5,2026-02-05 13:14:25.509618
RTM1P52,2.2,2.19,2.21,1000000.0,1000000.0,0,0,0,0,0,0,0,0,0,0,5,2026-02-05 13:14:25.509618
RTM1C53,0.1,0.09,0.11,1000000.0,1000000.0,0,0,0,0,0,0,0,0,0,0,5,2026-02-05 13:14:25.509618
RTM1P53,3.06,3.05,3.07,1000000.0,1000000.0,0,0,0,0,0,0,0,0,0,0,5,2026-02-05 13:14:25.509618
RTM1C54,0.02,0.01,0.03,1000000.0,1000000.0,0,0,0,0,0,0,0,0,0,0,5,2026-02-05 13:14:25.509618
RTM1P54,3.97,3.96,3.98,1000000.0,1000000.0,0,0,0,0,0,0,0,0,0,0,5,2026-02-05 13:14:25.509618
RTM,50.26,50.25,50.27,100000000.0,100000000.0,0,0,0,0,0,0,0,0,0,0,6,2026-02-05 13:14:26.574389
RTM1C45,5.26,5.25,5.27,1000000.0,1000000.0,0,0,0,0,0,0,0,0,0,0,6,2026-02-05 13:14:26.574389
RTM1P45,0.02,0.01,0.03,1000000.0,1000000.0,0,0,0,0,0,0,0,0,0,0,6,2026-02-05 13:14:26.574389
RTM1C46,4.27,4.26,4.28,1000000.0,1000000.0,0,0,0,0,0,0,0,0,0,0,6,2026-02-05 13:14:26.574389
RTM1P46,0.02,0.01,0.03,1000000.0,1000000.0,0,0,0,0,0,0,0,0,0,0,6,2026-02-05 13:14:26.574389
RTM1C47,3.32,3.31,3.33,1000000.0,1000000.0,0,0,0,0,0,0,0,0,0,0,6,2026-02-05 13:14:26.574389
RTM1P47,0.06,0.05,0.07,1000000.0,1000000.0,0,0,0,0,0,0,0,0,0,0,6,2026-02-05 13:14:26.574389
RTM1C48,2.34,2.33,2.35,1000000.0,1000000.0,0,0,0,0,0,0,0,0,0,0,6,2026-02-05 13:14:26.574389
RTM1P48,0.08,0.07,0.09,1000000.0,1000000.0,0,0,0,0,0,0,0,0,0,0,6,2026-02-05 13:14:26.574389
RTM1C49,1.56,1.55,1.57,1000000.0,1000000.0,0,0,0,0,0,0,0,0,0,0,6,2026-02-05 13:14:26.574389
RTM1P49,0.3,0.29,0.31,1000000.0,1000000.0,0,0,0,0,0,0,0,0,0,0,6,2026-02-05 13:14:26.574389
RTM1C50,0.93,0.92,0.94,1000000.0,1000000.0,0,0,0,0,0,0,0,0,0,0,6,2026-02-05 13:14:26.574389
RTM1P50,0.68,0.67,0.69,1000000.0,1000000.0,0,0,0,0,0,0,0,0,0,0,6,2026-02-05 13:14:26.574389
RTM1C51,0.46,0.45,0.47,1000000.0,1000000.0,0,0,0,0,0,0,0,0,0,0,6,2026-02-05 13:14:26.574389
RTM1P51,1.21,1.2,1.22,1000000.0,1000000.0,0,0,0,0,0,0,0,0,0,0,6,2026-02-05 13:14:26.574389
RTM1C52,0.27,0.26,0.28,1000000.0,1000000.0,0,0,0,0,0,0,0,0,0,0,6,2026-02-05 13:14:26.574389
RTM1P52,2.01,2.0,2.02,1000000.0,1000000.0,0,0,0,0,0,0,0,0,0,0,6,2026-02-05 13:14:26.574389
RTM1C53,0.13,0.12,0.14,1000000.0,1000000.0,0,0,0,0,0,0,0,0,0,0,6,2026-02-05 13:14:26.574389
RTM1P53,2.87,2.86,2.88,1000000.0,1000000.0,0,0,0,0,0,0,0,0,0,0,6,2026-02-05 13:14:26.574389
RTM1C54,0.04,0.03,0.05,1000000.0,1000000.0,0,0,0,0,0,0,0,0,0,0,6,2026-02-05 13:14:26.574389
RTM1P54,3.78,3.77,3.79,1000000.0,1000000.0,0,0,0,0,0,0,0,0,0,0,6,2026-02-05 13:14:26.574389
RTM,50.25,50.24,50.26,100000000.0,100000000.0,0,0,0,0,0,0,0,0,0,0,7,2026-02-05 13:14:27.645815
RTM1C45,5.26,5.25,5.27,1000000.0,1000000.0,0,0,0,0,0,0,0,0,0,0,7,2026-02-05 13:14:27.645815
RTM1P45,0.02,0.01,0.03,1000000.0,1000000.0,0,0,0,0,0,0,0,0,0,0,7,2026-02-05 13:14:27.645815
RTM1C46,4.27,4.26,4.28,1000000.0,1000000.0,0,0,0,0,0,0,0,0,0,0,7,2026-02-05 13:14:27.645815
RTM1P46,0.02,0.01,0.03,1000000.0,1000000.0,0,0,0,0,0,0,0,0,0,0,7,2026-02-05 13:14:27.645815
RTM1C47,3.28,3.27,3.29,1000000.0,1000000.0,0,0,0,0,0,0,0,0,0,0,7,2026-02-05 13:14:27.645815
RTM1P47,0.03,0.02,0.04,1000000.0,1000000.0,0,0,0,0,0,0,0,0,0,0,7,2026-02-05 13:14:27.645815
RTM1C48,2.41,2.4,2.42,1000000.0,1000000.0,0,0,0,0,0,0,0,0,0,0,7,2026-02-05 13:14:27.645815
RTM1P48,0.16,0.15,0.17,1000000.0,1000000.0,0,0,0,0,0,0,0,0,0,0,7,2026-02-05 13:14:27.645815
RTM1C49,1.61,1.6,1.62,1000000.0,1000000.0,0,0,0,0,0,0,0,0,0,0,7,2026-02-05 13:14:27.645815
RTM1P49,0.35,0.34,0.36,1000000.0,1000000.0,0,0,0,0,0,0,0,0,0,0,7,2026-02-05 13:14:27.645815
RTM1C50,0.92,0.91,0.93,1000000.0,1000000.0,0,0,0,0,0,0,0,0,0,0,7,2026-02-05 13:14:27.645815
RTM1P50,0.67,0.66,0.68,1000000.0,1000000.0,0,0,0,0,0,0,0,0,0,0,7,2026-02-05 13:14:27.645815
RTM1C51,0.56,0.55,0.57,1000000.0,1000000.0,0,0,0,0,0,0,0,0,0,0,7,2026-02-05 13:14:27.645815
RTM1P51,1.3,1.29,1.31,1000000.0,1000000.0,0,0,0,0,0,0,0,0,0,0,7,2026-02-05 13:14:27.645815
RTM1C52,0.23,0.22,0.24,1000000.0,1000000.0,0,0,0,0,0,0,0,0,0,0,7,2026-02-05 13:14:27.645815
RTM1P52,1.98,1.97,1.99,1000000.0,1000000.0,0,0,0,0,0,0,0,0,0,0,7,2026-02-05 13:14:27.645815
RTM1C53,0.1,0.09,0.11,1000000.0,1000000.0,0,0,0,0,0,0,0,0,0,0,7,2026-02-05 13:14:27.645815
RTM1P53,2.85,2.84,2.86,1000000.0,1000000.0,0,0,0,0,0,0,0,0,0,0,7,2026-02-05 13:14:27.645815
RTM1C54,0.03,0.02,0.04,1000000.0,1000000.0,0,0,0,0,0,0,0,0,0,0,7,2026-02-05 13:14:27.645815
RTM1P54,3.78,3.77,3.79,1000000.0,1000000.0,0,0,0,0,0,0,0,0,0,0,7,2026-02-05 13:14:27.645815
RTM,50.23,50.22,50.24,100000000.0,100000000.0,0,0,0,0,0,0,0,0,0,0,8,2026-02-05 13:14:28.698529
RTM1C45,5.23,5.22,5.24,1000000.0,1000000.0,0,0,0,0,0,0,0,0,0,0,8,2026-02-05 13:14:28.698529
RTM1P45,0.02,0.01,0.03,1000000.0,1000000.0,0,0,0,0,0,0,0,0,0,0,8,2026-02-05 13:14:28.698529
RTM1C46,4.25,4.24,4.26,1000000.0,1000000.0,0,0,0,0,0,0,0,0,0,0,8,2026-02-05 13:14:28.698529
RTM1P46,0.02,0.01,0.03,1000000.0,1000000.0,0,0,0,0,0,0,0,0,0,0,8,2026-02-05 13:14:28.698529
RTM1C47,3.27,3.26,3.28,1000000.0,1000000.0,0,0,0,0,0,0,0,0,0,0,8,2026-02-05 13:14:28.698529
RTM1P47,0.03,0.02,0.04,1000000.0,1000000.0,0,0,0,0,0,0,0,0,0,0,8,2026-02-05 13:14:28.698529
RTM1C48,2.33,2.32,2.34,1000000.0,1000000.0,0,0,0,0,0,0,0,0,0,0,8,2026-02-05 13:14:28.698529
RTM1P48,0.1,0.09,0.11,1000000.0,1000000.0,0,0,0,0,0,0,0,0,0,0,8,2026-02-05 13:14:28.698529
RTM1C49,1.58,1.57,1.59,1000000.0,1000000.0,0,0,0,0,0,0,0,0,0,0,8,2026-02-05 13:14:28.698529
RTM1P49,0.35,0.34,0.36,1000000.0,1000000.0,0,0,0,0,0,0,0,0,0,0,8,2026-02-05 13:14:28.698529
RTM1C50,0.94,0.93,0.95,1000000.0,1000000.0,0,0,0,0,0,0,0,0,0,0,8,2026-02-05 13:14:28.698529
RTM1P50,0.72,0.7,0.72,1000000.0,1000000.0,0,0,0,0,0,0,0,0,0,0,8,2026-02-05 13:14:28.698529
RTM1C51,0.56,0.55,0.57,1000000.0,1000000.0,0,0,0,0,0,0,0,0,0,0,8,2026-02-05 13:14:28.698529
RTM1P51,1.33,1.32,1.34,1000000.0,1000000.0,0,0,0,0,0,0,0,0,0,0,8,2026-02-05 13:14:28.698529
RTM1C52,0.29,0.28,0.3,1000000.0,1000000.0,0,0,0,0,0,0,0,0,0,0,8,2026-02-05 13:14:28.698529
RTM1P52,2.05,2.04,2.06,1000000.0,1000000.0,0,0,0,0,0,0,0,0,0,0,8,2026-02-05 13:14:28.698529
RTM1C53,0.07,0.06,0.08,1000000.0,1000000.0,0,0,0,0,0,0,0,0,0,0,8,2026-02-05 13:14:28.698529
RTM1P53,2.84,2.83,2.85,1000000.0,1000000.0,0,0,0,0,0,0,0,0,0,0,8,2026-02-05 13:14:28.698529
RTM1C54,0.05,0.04,0.06,1000000.0,1000000.0,0,0,0,0,0,0,0,0,0,0,8,2026-02-05 13:14:28.698529
RTM1P54,3.82,3.81,3.83,1000000.0,1000000.0,0,0,0,0,0,0,0,0,0,0,8,2026-02-05 13:14:28.698529
RTM,50.42,50.41,50.43,100000000.0,100000000.0,0,0,0,0,0,0,0,0,0,0,9,2026-02-05 13:14:29.769605
RTM1C45,5.42,5.41,5.43,1000000.0,1000000.0,0,0,0,0,0,0,0,0,0,0,9,2026-02-05 13:14:29.769605
RTM1P45,0.02,0.01,0.03,1000000.0,1000000.0,0,0,0,0,0,0,0,0,0,0,9,2026-02-05 13:14:29.769605
RTM1C46,4.44,4.43,4.45,1000000.0,1000000.0,0,0,0,0,0,0,0,0,0,0,9,2026-02-05 13:14:29.769605
RTM1P46,0.02,0.01,0.03,1000000.0,1000000.0,0,0,0,0,0,0,0,0,0,0,9,2026-02-05 13:14:29.769605
RTM1C47,3.47,3.46,3.48,1000000.0,1000000.0,0,0,0,0,0,0,0,0,0,0,9,2026-02-05 13:14:29.769605
RTM1P47,0.04,0.03,0.05,1000000.0,1000000.0,0,0,0,0,0,0,0,0,0,0,9,2026-02-05 13:14:29.769605
RTM1C48,2.52,2.51,2.53,1000000.0,1000000.0,0,0,0,0,0,0,0,0,0,0,9,2026-02-05 13:14:29.769605
RTM1P48,0.1,0.09,0.11,1000000.0,1000000.0,0,0,0,0,0,0,0,0,0,0,9,2026-02-05 13:14:29.769605
RTM1C49,1.75,1.74,1.76,1000000.0,1000000.0,0,0,0,0,0,0,0,0,0,0,9,2026-02-05 13:14:29.769605
RTM1P49,0.33,0.32,0.34,1000000.0,1000000.0,0,0,0,0,0,0,0,0,0,0,9,2026-02-05 13:14:29.769605
RTM1C50,1.1,1.09,1.11,1000000.0,1000000.0,0,0,0,0,0,0,0,0,0,0,9,2026-02-05 13:14:29.769605
RTM1P50,0.67,0.66,0.68,1000000.0,1000000.0,0,0,0,0,0,0,0,0,0,0,9,2026-02-05 13:14:29.769605
RTM1C51,0.59,0.58,0.6,1000000.0,1000000.0,0,0,0,0,0,0,0,0,0,0,9,2026-02-05 13:14:29.769605
RTM1P51,1.16,1.15,1.17,1000000.0,1000000.0,0,0,0,0,0,0,0,0,0,0,9,2026-02-05 13:14:29.769605
RTM1C52,0.23,0.22,0.24,1000000.0,1000000.0,0,0,0,0,0,0,0,0,0,0,9,2026-02-05 13:14:29.769605
RTM1P52,1.81,1.8,1.82,1000000.0,1000000.0,0,0,0,0,0,0,0,0,0,0,9,2026-02-05 13:14:29.769605
RTM1C53,0.11,0.1,0.12,1000000.0,1000000.0,0,0,0,0,0,0,0,0,0,0,9,2026-02-05 13:14:29.769605
RTM1P53,2.69,2.68,2.7,1000000.0,1000000.0,0,0,0,0,0,0,0,0,0,0,9,2026-02-05 13:14:29.769605
RTM1C54,0.06,0.05,0.07,1000000.0,1000000.0,0,0,0,0,0,0,0,0,0,0,9,2026-02-05 13:14:29.769605
RTM1P54,3.63,3.62,3.64,1000000.0,1000000.0,0,0,0,0,0,0,0,0,0,0,9,2026-02-05 13:14:29.769605
RTM,50.55,50.54,50.56,100000000.0,100000000.0,0,0,0,0,0,0,0,0,0,0,10,2026-02-05 13:14:30.833650
RTM1C45,5.55,5.54,5.56,1000000.0,1000000.0,0,0,0,0,0,0,0,0,0,0,10,2026-02-05 13:14:30.833650
RTM1P45,0.02,0.01,0.03,1000000.0,1000000.0,0,0,0,0,0,0,0,0,0,0,10,2026-02-05 13:14:30.833650
RTM1C46,4.56,4.55,4.57,1000000.0,1000000.0,0,0,0,0,0,0,0,0,0,0,10,2026-02-05 13:14:30.833650
RTM1P46,0.02,0.01,0.03,1000000.0,1000000.0,0,0,0,0,0,0,0,0,0,0,10,2026-02-05 13:14:30.833650
RTM1C47,3.59,3.58,3.6,1000000.0,1000000.0,0,0,0,0,0,0,0,0,0,0,10,2026-02-05 13:14:30.833650
RTM1P47,0.04,0.03,0.05,1000000.0,1000000.0,0,0,0,0,0,0,0,0,0,0,10,2026-02-05 13:14:30.833650
RTM1C48,2.64,2.63,2.65,1000000.0,1000000.0,0,0,0,0,0,0,0,0,0,0,10,2026-02-05 13:14:30.833650
RTM1P48,0.09,0.08,0.1,1000000.0,1000000.0,0,0,0,0,0,0,0,0,0,0,10,2026-02-05 13:14:30.833650
RTM1C49,1.84,1.83,1.85,1000000.0,1000000.0,0,0,0,0,0,0,0,0,0,0,10,2026-02-05 13:14:30.833650
RTM1P49,0.3,0.29,0.31,1000000.0,1000000.0,0,0,0,0,0,0,0,0,0,0,10,2026-02-05 13:14:30.833650
RTM1C50,1.14,1.13,1.15,1000000.0,1000000.0,0,0,0,0,0,0,0,0,0,0,10,2026-02-05 13:14:30.833650
RTM1P50,0.6,0.59,0.61,1000000.0,1000000.0,0,0,0,0,0,0,0,0,0,0,10,2026-02-05 13:14:30.833650
RTM1C51,0.57,0.56,0.58,1000000.0,1000000.0,0,0,0,0,0,0,0,0,0,0,10,2026-02-05 13:14:30.833650
RTM1P51,1.02,1.01,1.03,1000000.0,1000000.0,0,0,0,0,0,0,0,0,0,0,10,2026-02-05 13:14:30.833650
RTM1C52,0.37,0.36,0.38,1000000.0,1000000.0,0,0,0,0,0,0,0,0,0,0,10,2026-02-05 13:14:30.833650
RTM1P52,1.82,1.81,1.83,1000000.0,1000000.0,0,0,0,0,0,0,0,0,0,0,10,2026-02-05 13:14:30.833650
RTM1C53,0.11,0.1,0.12,1000000.0,1000000.0,0,0,0,0,0,0,0,0,0,0,10,2026-02-05 13:14:30.833650
RTM1P53,2.56,2.55,2.57,1000000.0,1000000.0,0,0,0,0,0,0,0,0,0,0,10,2026-02-05 13:14:30.833650
RTM1C54,0.05,0.04,0.06,1000000.0,1000000.0,0,0,0,0,0,0,0,0,0,0,10,2026-02-05 13:14:30.833650
RTM1P54,3.51,3.5,3.52,1000000.0,1000000.0,0,0,0,0,0,0,0,0,0,0,10,2026-02-05 13:14:30.833650
RTM,50.61,50.6,50.62,100000000.0,100000000.0,0,0,0,0,0,0,0,0,0,0,11,2026-02-05 13:14:31.533760
RTM1C45,5.61,5.6,5.62,1000000.0,1000000.0,0,0,0,0,0,0,0,0,0,0,11,2026-02-05 13:14:31.533760
RTM1P45,0.02,0.01,0.03,1000000.0,1000000.0,0,0,0,0,0,0,0,0,0,0,11,2026-02-05 13:14:31.533760
RTM1C46,4.61,4.6,4.62,1000000.0,1000000.0,0,0,0,0,0,0,0,0,0,0,11,2026-02-05 13:14:31.533760
RTM1P46,0.02,0.01,0.03,1000000.0,1000000.0,0,0,0,0,0,0,0,0,0,0,11,2026-02-05 13:14:31.533760
RTM1C47,3.63,3.62,3.64,1000000.0,1000000.0,0,0,0,0,0,0,0,0,0,0,11,2026-02-05 13:14:31.533760
RTM1P47,0.02,0.01,0.03,1000000.0,1000000.0,0,0,0,0,0,0,0,0,0,0,11,2026-02-05 13:14:31.533760
RTM1C48,2.71,2.7,2.72,1000000.0,1000000.0,0,0,0,0,0,0,0,0,0,0,11,2026-02-05 13:14:31.533760
RTM1P48,0.1,0.09,0.11,1000000.0,1000000.0,0,0,0,0,0,0,0,0,0,0,11,2026-02-05 13:14:31.533760
RTM1C49,1.92,1.91,1.93,1000000.0,1000000.0,0,0,0,0,0,0,0,0,0,0,11,2026-02-05 13:14:31.533760
RTM1P49,0.31,0.3,0.32,1000000.0,1000000.0,0,0,0,0,0,0,0,0,0,0,11,2026-02-05 13:14:31.533760
RTM1C50,1.2,1.19,1.21,1000000.0,1000000.0,0,0,0,0,0,0,0,0,0,0,11,2026-02-05 13:14:31.533760
RTM1P50,0.59,0.58,0.6,1000000.0,1000000.0,0,0,0,0,0,0,0,0,0,0,11,2026-02-05 13:14:31.533760
RTM1C51,0.59,0.58,0.6,1000000.0,1000000.0,0,0,0,0,0,0,0,0,0,0,11,2026-02-05 13:14:31.533760
RTM1P51,0.98,0.97,0.99,1000000.0,1000000.0,0,0,0,0,0,0,0,0,0,0,11,2026-02-05 13:14:31.533760
RTM1C52,0.4,0.39,0.41,1000000.0,1000000.0,0,0,0,0,0,0,0,0,0,0,11,2026-02-05 13:14:31.533760
RTM1P52,1.79,1.78,1.8,1000000.0,1000000.0,0,0,0,0,0,0,0,0,0,0,11,2026-02-05 13:14:31.533760
RTM1C53,0.17,0.16,0.18,1000000.0,1000000.0,0,0,0,0,0,0,0,0,0,0,11,2026-02-05 13:14:31.533760
RTM1P53,2.56,2.55,2.57,1000000.0,1000000.0,0,0,0,0,0,0,0,0,0,0,11,2026-02-05 13:14:31.533760
RTM1C54,0.05,0.04,0.06,1000000.0,1000000.0,0,0,0,0,0,0,0,0,0,0,11,2026-02-05 13:14:31.533760
RTM1P54,3.44,3.43,3.45,1000000.0,1000000.0,0,0,0,0,0,0,0,0,0,0,11,2026-02-05 13:14:31.533760
RTM,50.49,50.48,50.5,100000000.0,100000000.0,0,0,0,0,0,0,0,0,0,0,12,2026-02-05 13:14:32.586980
RTM1C45,5.5,5.49,5.51,1000000.0,1000000.0,0,0,0,0,0,0,0,0,0,0,12,2026-02-05 13:14:32.586980
RTM1P45,0.02,0.01,0.03,1000000.0,1000000.0,0,0,0,0,0,0,0,0,0,0,12,2026-02-05 13:14:32.586980
RTM1C46,4.51,4.5,4.52,1000000.0,1000000.0,0,0,0,0,0,0,0,0,0,0,12,2026-02-05 13:14:32.586980
RTM1P46,0.02,0.01,0.03,1000000.0,1000000.0,0,0,0,0,0,0,0,0,0,0,12,2026-02-05 13:14:32.586980
RTM1C47,3.55,3.54,3.56,1000000.0,1000000.0,0,0,0,0,0,0,0,0,0,0,12,2026-02-05 13:14:32.586980
RTM1P47,0.05,0.04,0.06,1000000.0,1000000.0,0,0,0,0,0,0,0,0,0,0,12,2026-02-05 13:14:32.586980
RTM1C48,2.57,2.56,2.58,1000000.0,1000000.0,0,0,0,0,0,0,0,0,0,0,12,2026-02-05 13:14:32.586980
RTM1P48,0.08,0.07,0.09,1000000.0,1000000.0,0,0,0,0,0,0,0,0,0,0,12,2026-02-05 13:14:32.586980
RTM1C49,1.8,1.79,1.81,1000000.0,1000000.0,0,0,0,0,0,0,0,0,0,0,12,2026-02-05 13:14:32.586980
RTM1P49,0.3,0.29,0.31,1000000.0,1000000.0,0,0,0,0,0,0,0,0,0,0,12,2026-02-05 13:14:32.586980
RTM1C50,1.02,1.01,1.03,1000000.0,1000000.0,0,0,0,0,0,0,0,0,0,0,12,2026-02-05 13:14:32.586980
RTM1P50,0.53,0.52,0.54,1000000.0,1000000.0,0,0,0,0,0,0,0,0,0,0,12,2026-02-05 13:14:32.586980
RTM1C51,0.55,0.54,0.56,1000000.0,1000000.0,0,0,0,0,0,0,0,0,0,0,12,2026-02-05 13:14:32.586980
RTM1P51,1.06,1.04,1.06,1000000.0,1000000.0,0,0,0,0,0,0,0,0,0,0,12,2026-02-05 13:14:32.586980
RTM1C52,0.33,0.32,0.34,1000000.0,1000000.0,0,0,0,0,0,0,0,0,0,0,12,2026-02-05 13:14:32.586980
RTM1P52,1.83,1.82,1.84,1000000.0,1000000.0,0,0,0,0,0,0,0,0,0,0,12,2026-02-05 13:14:32.586980
RTM1C53,0.16,0.15,0.17,1000000.0,1000000.0,0,0,0,0,0,0,0,0,0,0,12,2026-02-05 13:14:32.586980
RTM1P53,2.67,2.66,2.68,1000000.0,1000000.0,0,0,0,0,0,0,0,0,0,0,12,2026-02-05 13:14:32.586980
RTM1C54,0.04,0.03,0.05,1000000.0,1000000.0,0,0,0,0,0,0,0,0,0,0,12,2026-02-05 13:14:32.586980
RTM1P54,3.55,3.54,3.56,1000000.0,1000000.0,0,0,0,0,0,0,0,0,0,0,12,2026-02-05 13:14:32.586980
RTM,50.42,50.41,50.43,100000000.0,100000000.0,0,0,0,0,0,0,0,0,0,0,13,2026-02-05 13:14:33.645952
RTM1C45,5.42,5.41,5.43,1000000.0,1000000.0,0,0,0,0,0,0,0,0,0,0,13,2026-02-05 13:14:33.645952
RTM1P45,0.02,0.01,0.03,1000000.0,1000000.0,0,0,0,0,0,0,0,0,0,0,13,2026-02-05 13:14:33.645952
RTM1C46,4.42,4.41,4.43,1000000.0,1000000.0,0,0,0,0,0,0,0,0,0,0,13,2026-02-05 13:14:33.645952
RTM1P46,0.02,0.01,0.03,1000000.0,1000000.0,0,0,0,0,0,0,0,0,0,0,13,2026-02-05 13:14:33.645952
RTM1C47,3.48,3.47,3.49,1000000.0,1000000.0,0,0,0,0,0,0,0,0,0,0,13,2026-02-05 13:14:33.645952
RTM1P47,0.06,0.05,0.07,1000000.0,1000000.0,0,0,0,0,0,0,0,0,0,0,13,2026-02-05 13:14:33.645952
RTM1C48,2.55,2.54,2.56,1000000.0,1000000.0,0,0,0,0,0,0,0,0,0,0,13,2026-02-05 13:14:33.645952
RTM1P48,0.13,0.12,0.14,1000000.0,1000000.0,0,0,0,0,0,0,0,0,0,0,13,2026-02-05 13:14:33.645952
RTM1C49,1.68,1.67,1.69,1000000.0,1000000.0,0,0,0,0,0,0,0,0,0,0,13,2026-02-05 13:14:33.645952
RTM1P49,0.26,0.25,0.27,1000000.0,1000000.0,0,0,0,0,0,0,0,0,0,0,13,2026-02-05 13:14:33.645952
RTM1C50,1.09,1.08,1.1,1000000.0,1000000.0,0,0,0,0,0,0,0,0,0,0,13,2026-02-05 13:14:33.645952
RTM1P50,0.66,0.66,0.68,1000000.0,1000000.0,0,0,0,0,0,0,0,0,0,0,13,2026-02-05 13:14:33.645952
RTM1C51,0.6,0.59,0.61,1000000.0,1000000.0,0,0,0,0,0,0,0,0,0,0,13,2026-02-05 13:14:33.645952
RTM1P51,1.19,1.18,1.2,1000000.0,1000000.0,0,0,0,0,0,0,0,0,0,0,13,2026-02-05 13:14:33.645952
RTM1C52,0.23,0.22,0.24,1000000.0,1000000.0,0,0,0,0,0,0,0,0,0,0,13,2026-02-05 13:14:33.645952
RTM1P52,1.82,1.81,1.83,1000000.0,1000000.0,0,0,0,0,0,0,0,0,0,0,13,2026-02-05 13:14:33.645952
RTM1C53,0.13,0.12,0.14,1000000.0,1000000.0,0,0,0,0,0,0,0,0,0,0,13,2026-02-05 13:14:33.645952
RTM1P53,2.71,2.7,2.72,1000000.0,1000000.0,0,0,0,0,0,0,0,0,0,0,13,2026-02-05 13:14:33.645952
RTM1C54,0.03,0.02,0.04,1000000.0,1000000.0,0,0,0,0,0,0,0,0,0,0,13,2026-02-05 13:14:33.645952
RTM1P54,3.61,3.6,3.62,1000000.0,1000000.0,0,0,0,0,0,0,0,0,0,0,13,2026-02-05 13:14:33.645952
RTM,50.37,50.36,50.38,100000000.0,100000000.0,0,0,0,0,0,0,0,0,0,0,14,2026-02-05 13:14:34.706576
RTM1C45,5.37,5.36,5.38,1000000.0,1000000.0,0,0,0,0,0,0,0,0,0,0,14,2026-02-05 13:14:34.706576
RTM1P45,0.02,0.01,0.03,1000000.0,1000000.0,0,0,0,0,0,0,0,0,0,0,14,2026-02-05 13:14:34.706576
RTM1C46,4.38,4.37,4.39,1000000.0,1000000.0,0,0,0,0,0,0,0,0,0,0,14,2026-02-05 13:14:34.706576
RTM1P46,0.02,0.01,0.03,1000000.0,1000000.0,0,0,0,0,0,0,0,0,0,0,14,2026-02-05 13:14:34.706576
RTM1C47,3.41,3.4,3.42,1000000.0,1000000.0,0,0,0,0,0,0,0,0,0,0,14,2026-02-05 13:14:34.706576
RTM1P47,0.04,0.03,0.05,1000000.0,1000000.0,0,0,0,0,0,0,0,0,0,0,14,2026-02-05 13:14:34.706576
RTM1C48,2.48,2.47,2.49,1000000.0,1000000.0,0,0,0,0,0,0,0,0,0,0,14,2026-02-05 13:14:34.706576
RTM1P48,0.11,0.1,0.12,1000000.0,1000000.0,0,0,0,0,0,0,0,0,0,0,14,2026-02-05 13:14:34.706576
RTM1C49,1.72,1.71,1.73,1000000.0,1000000.0,0,0,0,0,0,0,0,0,0,0,14,2026-02-05 13:14:34.706576
RTM1P49,0.35,0.34,0.36,1000000.0,1000000.0,0,0,0,0,0,0,0,0,0,0,14,2026-02-05 13:14:34.706576
RTM1C50,1.06,1.05,1.07,1000000.0,1000000.0,0,0,0,0,0,0,0,0,0,0,14,2026-02-05 13:14:34.706576
RTM1P50,0.69,0.68,0.7,1000000.0,1000000.0,0,0,0,0,0,0,0,0,0,0,14,2026-02-05 13:14:34.706576
RTM1C51,0.53,0.52,0.54,1000000.0,1000000.0,0,0,0,0,0,0,0,0,0,0,14,2026-02-05 13:14:34.706576
RTM1P51,1.17,1.16,1.18,1000000.0,1000000.0,0,0,0,0,0,0,0,0,0,0,14,2026-02-05 13:14:34.706576
RTM1C52,0.3,0.29,0.31,1000000.0,1000000.0,0,0,0,0,0,0,0,0,0,0,14,2026-02-05 13:14:34.706576
RTM1P52,1.94,1.93,1.95,1000000.0,1000000.0,0,0,0,0,0,0,0,0,0,0,14,2026-02-05 13:14:34.706576
RTM1C53,0.16,0.15,0.17,1000000.0,1000000.0,0,0,0,0,0,0,0,0,0,0,14,2026-02-05 13:14:34.706576
RTM1P53,2.79,2.78,2.8,1000000.0,1000000.0,0,0,0,0,0,0,0,0,0,0,14,2026-02-05 13:14:34.706576
RTM1C54,0.05,0.04,0.06,1000000.0,1000000.0,0,0,0,0,0,0,0,0,0,0,14,2026-02-05 13:14:34.706576
RTM1P54,3.68,3.67,3.69,1000000.0,1000000.0,0,0,0,0,0,0,0,0,0,0,14,2026-02-05 13:14:34.706576
RTM,50.73,50.72,50.74,100000000.0,100000000.0,0,0,0,0,0,0,0,0,0,0,15,2026-02-05 13:14:35.761499
RTM1C45,5.74,5.73,5.75,1000000.0,1000000.0,0,0,0,0,0,0,0,0,0,0,15,2026-02-05 13:14:35.761499
RTM1P45,0.02,0.01,0.03,1000000.0,1000000.0,0,0,0,0,0,0,0,0,0,0,15,2026-02-05 13:14:35.761499
RTM1C46,4.75,4.74,4.76,1000000.0,1000000.0,0,0,0,0,0,0,0,0,0,0,15,2026-02-05 13:14:35.761499
RTM1P46,0.02,0.01,0.03,1000000.0,1000000.0,0,0,0,0,0,0,0,0,0,0,15,2026-02-05 13:14:35.761499
RTM1C47,3.75,3.74,3.76,1000000.0,1000000.0,0,0,0,0,0,0,0,0,0,0,15,2026-02-05 13:14:35.761499
RTM1P47,0.02,0.01,0.03,1000000.0,1000000.0,0,0,0,0,0,0,0,0,0,0,15,2026-02-05 13:14:35.761499
RTM1C48,2.86,2.85,2.87,1000000.0,1000000.0,0,0,0,0,0,0,0,0,0,0,15,2026-02-05 13:14:35.761499
RTM1P48,0.12,0.11,0.13,1000000.0,1000000.0,0,0,0,0,0,0,0,0,0,0,15,2026-02-05 13:14:35.761499
RTM1C49,1.96,1.95,1.97,1000000.0,1000000.0,0,0,0,0,0,0,0,0,0,0,15,2026-02-05 13:14:35.761499
RTM1P49,0.23,0.22,0.24,1000000.0,1000000.0,0,0,0,0,0,0,0,0,0,0,15,2026-02-05 13:14:35.761499
RTM1C50,1.3,1.3,1.32,1000000.0,1000000.0,0,0,0,0,0,0,0,0,0,0,15,2026-02-05 13:14:35.761499
RTM1P50,0.57,0.57,0.59,1000000.0,1000000.0,0,0,0,0,0,0,0,0,0,0,15,2026-02-05 13:14:35.761499
RTM1C51,0.75,0.74,0.76,1000000.0,1000000.0,0,0,0,0,0,0,0,0,0,0,15,2026-02-05 13:14:35.761499
RTM1P51,1.01,1.0,1.02,1000000.0,1000000.0,0,0,0,0,0,0,0,0,0,0,15,2026-02-05 13:14:35.761499
RTM1C52,0.39,0.38,0.4,1000000.0,1000000.0,0,0,0,0,0,0,0,0,0,0,15,2026-02-05 13:14:35.761499
RTM1P52,1.66,1.65,1.67,1000000.0,1000000.0,0,0,0,0,0,0,0,0,0,0,15,2026-02-05 13:14:35.761499
RTM1C53,0.18,0.17,0.19,1000000.0,1000000.0,0,0,0,0,0,0,0,0,0,0,15,2026-02-05 13:14:35.761499
RTM1P53,2.45,2.44,2.46,1000000.0,1000000.0,0,0,0,0,0,0,0,0,0,0,15,2026-02-05 13:14:35.761499
RTM1C54,0.07,0.06,0.08,1000000.0,1000000.0,0,0,0,0,0,0,0,0,0,0,15,2026-02-05 13:14:35.761499
RTM1P54,3.34,3.33,3.35,1000000.0,1000000.0,0,0,0,0,0,0,0,0,0,0,15,2026-02-05 13:14:35.761499
RTM,50.93,50.92,50.94,100000000.0,100000000.0,0,0,0,0,0,0,0,0,0,0,16,2026-02-05 13:14:36.827844
RTM1C45,5.93,5.92,5.94,1000000.0,1000000.0,0,0,0,0,0,0,0,0,0,0,16,2026-02-05 13:14:36.827844
RTM1P45,0.02,0.01,0.03,1000000.0,1000000.0,0,0,0,0,0,0,0,0,0,0,16,2026-02-05 13:14:36.827844
RTM1C46,4.93,4.92,4.94,1000000.0,1000000.0,0,0,0,0,0,0,0,0,0,0,16,2026-02-05 13:14:36.827844
RTM1P46,0.02,0.01,0.03,1000000.0,1000000.0,0,0,0,0,0,0,0,0,0,0,16,2026-02-05 13:14:36.827844
RTM1C47,3.94,3.93,3.95,1000000.0,1000000.0,0,0,0,0,0,0,0,0,0,0,16,2026-02-05 13:14:36.827844
RTM1P47,0.02,0.01,0.03,1000000.0,1000000.0,0,0,0,0,0,0,0,0,0,0,16,2026-02-05 13:14:36.827844
RTM1C48,2.99,2.98,3.0,1000000.0,1000000.0,0,0,0,0,0,0,0,0,0,0,16,2026-02-05 13:14:36.827844
RTM1P48,0.07,0.06,0.08,1000000.0,1000000.0,0,0,0,0,0,0,0,0,0,0,16,2026-02-05 13:14:36.827844
RTM1C49,2.15,2.14,2.16,1000000.0,1000000.0,0,0,0,0,0,0,0,0,0,0,16,2026-02-05 13:14:36.827844
RTM1P49,0.23,0.22,0.24,1000000.0,1000000.0,0,0,0,0,0,0,0,0,0,0,16,2026-02-05 13:14:36.827844
RTM1C50,1.45,1.44,1.46,1000000.0,1000000.0,0,0,0,0,0,0,0,0,0,0,16,2026-02-05 13:14:36.827844
RTM1P50,0.53,0.52,0.54,1000000.0,1000000.0,0,0,0,0,0,0,0,0,0,0,16,2026-02-05 13:14:36.827844
RTM1C51,0.8,0.79,0.81,1000000.0,1000000.0,0,0,0,0,0,0,0,0,0,0,16,2026-02-05 13:14:36.827844
RTM1P51,0.87,0.86,0.88,1000000.0,1000000.0,0,0,0,0,0,0,0,0,0,0,16,2026-02-05 13:14:36.827844
RTM1C52,0.45,0.44,0.46,1000000.0,1000000.0,0,0,0,0,0,0,0,0,0,0,16,2026-02-05 13:14:36.827844
RTM1P52,1.53,1.52,1.54,1000000.0,1000000.0,0,0,0,0,0,0,0,0,0,0,16,2026-02-05 13:14:36.827844
RTM1C53,0.22,0.21,0.23,1000000.0,1000000.0,0,0,0,0,0,0,0,0,0,0,16,2026-02-05 13:14:36.827844
RTM1P53,2.29,2.28,2.3,1000000.0,1000000.0,0,0,0,0,0,0,0,0,0,0,16,2026-02-05 13:14:36.827844
RTM1C54,0.09,0.08,0.1,1000000.0,1000000.0,0,0,0,0,0,0,0,0,0,0,16,2026-02-05 13:14:36.827844
RTM1P54,3.17,3.16,3.18,1000000.0,1000000.0,0,0,0,0,0,0,0,0,0,0,16,2026-02-05 13:14:36.827844
RTM,50.84,50.82,50.84,100000000.0,100000000.0,0,0,0,0,0,0,0,0,0,0,17,2026-02-05 13:14:37.903833
RTM1C45,5.83,5.82,5.84,1000000.0,1000000.0,0,0,0,0,0,0,0,0,0,0,17,2026-02-05 13:14:37.903833
RTM1P45,0.02,0.01,0.03,1000000.0,1000000.0,0,0,0,0,0,0,0,0,0,0,17,2026-02-05 13:14:37.903833
RTM1C46,4.84,4.83,4.85,1000000.0,1000000.0,0,0,0,0,0,0,0,0,0,0,17,2026-02-05 13:14:37.903833
RTM1P46,0.02,0.01,0.03,1000000.0,1000000.0,0,0,0,0,0,0,0,0,0,0,17,2026-02-05 13:14:37.903833
RTM1C47,3.87,3.86,3.88,1000000.0,1000000.0,0,0,0,0,0,0,0,0,0,0,17,2026-02-05 13:14:37.903833
RTM1P47,0.04,0.03,0.05,1000000.0,1000000.0,0,0,0,0,0,0,0,0,0,0,17,2026-02-05 13:14:37.903833
RTM1C48,2.94,2.93,2.95,1000000.0,1000000.0,0,0,0,0,0,0,0,0,0,0,17,2026-02-05 13:14:37.903833
RTM1P48,0.11,0.1,0.12,1000000.0,1000000.0,0,0,0,0,0,0,0,0,0,0,17,2026-02-05 13:14:37.903833
RTM1C49,2.06,2.05,2.07,1000000.0,1000000.0,0,0,0,0,0,0,0,0,0,0,17,2026-02-05 13:14:37.903833
RTM1P49,0.23,0.22,0.24,1000000.0,1000000.0,0,0,0,0,0,0,0,0,0,0,17,2026-02-05 13:14:37.903833
RTM1C50,1.29,1.28,1.3,1000000.0,1000000.0,0,0,0,0,0,0,0,0,0,0,17,2026-02-05 13:14:37.903833
RTM1P50,0.46,0.45,0.47,1000000.0,1000000.0,0,0,0,0,0,0,0,0,0,0,17,2026-02-05 13:14:37.903833
RTM1C51,0.85,0.83,0.85,1000000.0,1000000.0,0,0,0,0,0,0,0,0,0,0,17,2026-02-05 13:14:37.903833
RTM1P51,1.02,1.0,1.02,1000000.0,1000000.0,0,0,0,0,0,0,0,0,0,0,17,2026-02-05 13:14:37.903833
RTM1C52,0.47,0.46,0.48,1000000.0,1000000.0,0,0,0,0,0,0,0,0,0,0,17,2026-02-05 13:14:37.903833
RTM1P52,1.64,1.63,1.65,1000000.0,1000000.0,0,0,0,0,0,0,0,0,0,0,17,2026-02-05 13:14:37.903833
RTM1C53,0.18,0.17,0.19,1000000.0,1000000.0,0,0,0,0,0,0,0,0,0,0,17,2026-02-05 13:14:37.903833
RTM1P53,2.35,2.34,2.36,1000000.0,1000000.0,0,0,0,0,0,0,0,0,0,0,17,2026-02-05 13:14:37.903833
RTM1C54,0.06,0.05,0.07,1000000.0,1000000.0,0,0,0,0,0,0,0,0,0,0,17,2026-02-05 13:14:37.903833
RTM1P54,3.23,3.22,3.24,1000000.0,1000000.0,0,0,0,0,0,0,0,0,0,0,17,2026-02-05 13:14:37.903833
RTM,51.06,51.06,51.08,100000000.0,100000000.0,0,0,0,0,0,0,0,0,0,0,18,2026-02-05 13:14:39.024701
RTM1C45,6.07,6.06,6.08,1000000.0,1000000.0,0,0,0,0,0,0,0,0,0,0,18,2026-02-05 13:14:39.024701
RTM1P45,0.02,0.01,0.03,1000000.0,1000000.0,0,0,0,0,0,0,0,0,0,0,18,2026-02-05 13:14:39.024701
RTM1C46,5.07,5.06,5.08,1000000.0,1000000.0,0,0,0,0,0,0,0,0,0,0,18,2026-02-05 13:14:39.024701
RTM1P46,0.02,0.01,0.03,1000000.0,1000000.0,0,0,0,0,0,0,0,0,0,0,18,2026-02-05 13:14:39.024701
RTM1C47,4.08,4.07,4.09,1000000.0,1000000.0,0,0,0,0,0,0,0,0,0,0,18,2026-02-05 13:14:39.024701
RTM1P47,0.02,0.01,0.03,1000000.0,1000000.0,0,0,0,0,0,0,0,0,0,0,18,2026-02-05 13:14:39.024701
RTM1C48,3.12,3.11,3.13,1000000.0,1000000.0,0,0,0,0,0,0,0,0,0,0,18,2026-02-05 13:14:39.024701
RTM1P48,0.05,0.04,0.06,1000000.0,1000000.0,0,0,0,0,0,0,0,0,0,0,18,2026-02-05 13:14:39.024701
RTM1C49,2.25,2.24,2.26,1000000.0,1000000.0,0,0,0,0,0,0,0,0,0,0,18,2026-02-05 13:14:39.024701
RTM1P49,0.18,0.17,0.19,1000000.0,1000000.0,0,0,0,0,0,0,0,0,0,0,18,2026-02-05 13:14:39.024701
RTM1C50,1.47,1.46,1.48,1000000.0,1000000.0,0,0,0,0,0,0,0,0,0,0,18,2026-02-05 13:14:39.024701
RTM1P50,0.4,0.39,0.41,1000000.0,1000000.0,0,0,0,0,0,0,0,0,0,0,18,2026-02-05 13:14:39.024701
RTM1C51,0.93,0.92,0.94,1000000.0,1000000.0,0,0,0,0,0,0,0,0,0,0,18,2026-02-05 13:14:39.024701
RTM1P51,0.86,0.85,0.87,1000000.0,1000000.0,0,0,0,0,0,0,0,0,0,0,18,2026-02-05 13:14:39.024701
RTM1C52,0.55,0.54,0.56,1000000.0,1000000.0,0,0,0,0,0,0,0,0,0,0,18,2026-02-05 13:14:39.024701
RTM1P52,1.48,1.47,1.49,1000000.0,1000000.0,0,0,0,0,0,0,0,0,0,0,18,2026-02-05 13:14:39.024701
RTM1C53,0.23,0.22,0.24,1000000.0,1000000.0,0,0,0,0,0,0,0,0,0,0,18,2026-02-05 13:14:39.024701
RTM1P53,2.16,2.15,2.17,1000000.0,1000000.0,0,0,0,0,0,0,0,0,0,0,18,2026-02-05 13:14:39.024701
RTM1C54,0.11,0.1,0.12,1000000.0,1000000.0,0,0,0,0,0,0,0,0,0,0,18,2026-02-05 13:14:39.024701
RTM1P54,3.04,3.03,3.05,1000000.0,1000000.0,0,0,0,0,0,0,0,0,0,0,18,2026-02-05 13:14:39.024701
RTM,51.35,51.34,51.36,100000000.0,100000000.0,0,0,0,0,0,0,0,0,0,0,19,2026-02-05 13:14:39.670102
RTM1C45,6.35,6.34,6.36,1000000.0,1000000.0,0,0,0,0,0,0,0,0,0,0,19,2026-02-05 13:14:39.670102
RTM1P45,0.02,0.01,0.03,1000000.0,1000000.0,0,0,0,0,0,0,0,0,0,0,19,2026-02-05 13:14:39.670102
RTM1C46,5.36,5.35,5.37,1000000.0,1000000.0,0,0,0,0,0,0,0,0,0,0,19,2026-02-05 13:14:39.670102
RTM1P46,0.02,0.01,0.03,1000000.0,1000000.0,0,0,0,0,0,0,0,0,0,0,19,2026-02-05 13:14:39.670102
RTM1C47,4.37,4.36,4.38,1000000.0,1000000.0,0,0,0,0,0,0,0,0,0,0,19,2026-02-05 13:14:39.670102
RTM1P47,0.02,0.01,0.03,1000000.0,1000000.0,0,0,0,0,0,0,0,0,0,0,19,2026-02-05 13:14:39.670102
RTM1C48,3.41,3.4,3.42,1000000.0,1000000.0,0,0,0,0,0,0,0,0,0,0,19,2026-02-05 13:14:39.670102
RTM1P48,0.06,0.05,0.07,1000000.0,1000000.0,0,0,0,0,0,0,0,0,0,0,19,2026-02-05 13:14:39.670102
RTM1C49,2.51,2.5,2.52,1000000.0,1000000.0,0,0,0,0,0,0,0,0,0,0,19,2026-02-05 13:14:39.670102
RTM1P49,0.16,0.15,0.17,1000000.0,1000000.0,0,0,0,0,0,0,0,0,0,0,19,2026-02-05 13:14:39.670102
RTM1C50,1.7,1.69,1.71,1000000.0,1000000.0,0,0,0,0,0,0,0,0,0,0,19,2026-02-05 13:14:39.670102
RTM1P50,0.35,0.34,0.36,1000000.0,1000000.0,0,0,0,0,0,0,0,0,0,0,19,2026-02-05 13:14:39.670102
RTM1C51,1.03,1.02,1.04,1000000.0,1000000.0,0,0,0,0,0,0,0,0,0,0,19,2026-02-05 13:14:39.670102
RTM1P51,0.67,0.66,0.68,1000000.0,1000000.0,0,0,0,0,0,0,0,0,0,0,19,2026-02-05 13:14:39.670102
RTM1C52,0.61,0.6,0.62,1000000.0,1000000.0,0,0,0,0,0,0,0,0,0,0,19,2026-02-05 13:14:39.670102
RTM1P52,1.25,1.24,1.26,1000000.0,1000000.0,0,0,0,0,0,0,0,0,0,0,19,2026-02-05 13:14:39.670102
RTM1C53,0.3,0.29,0.31,1000000.0,1000000.0,0,0,0,0,0,0,0,0,0,0,19,2026-02-05 13:14:39.670102
RTM1P53,1.94,1.93,1.95,1000000.0,1000000.0,0,0,0,0,0,0,0,0,0,0,19,2026-02-05 13:14:39.670102
RTM1C54,0.11,0.1,0.12,1000000.0,1000000.0,0,0,0,0,0,0,0,0,0,0,19,2026-02-05 13:14:39.670102
RTM1P54,2.76,2.75,2.77,1000000.0,1000000.0,0,0,0,0,0,0,0,0,0,0,19,2026-02-05 13:14:39.670102
RTM,51.16,51.15,51.17,100000000.0,100000000.0,0,0,0,0,0,0,0,0,0,0,20,2026-02-05 13:14:40.721786
RTM1C45,6.16,6.15,6.17,1000000.0,1000000.0,0,0,0,0,0,0,0,0,0,0,20,2026-02-05 13:14:40.721786
RTM1P45,0.02,0.01,0.03,1000000.0,1000000.0,0,0,0,0,0,0,0,0,0,0,20,2026-02-05 13:14:40.721786
RTM1C46,5.16,5.15,5.17,1000000.0,1000000.0,0,0,0,0,0,0,0,0,0,0,20,2026-02-05 13:14:40.721786
RTM1P46,0.02,0.01,0.03,1000000.0,1000000.0,0,0,0,0,0,0,0,0,0,0,20,2026-02-05 13:14:40.721786
RTM1C47,4.17,4.16,4.18,1000000.0,1000000.0,0,0,0,0,0,0,0,0,0,0,20,2026-02-05 13:14:40.721786
RTM1P47,0.02,0.01,0.03,1000000.0,1000000.0,0,0,0,0,0,0,0,0,0,0,20,2026-02-05 13:14:40.721786
RTM1C48,3.22,3.21,3.23,1000000.0,1000000.0,0,0,0,0,0,0,0,0,0,0,20,2026-02-05 13:14:40.721786
RTM1P48,0.06,0.05,0.07,1000000.0,1000000.0,0,0,0,0,0,0,0,0,0,0,20,2026-02-05 13:14:40.721786
RTM1C49,2.34,2.33,2.35,1000000.0,1000000.0,0,0,0,0,0,0,0,0,0,0,20,2026-02-05 13:14:40.721786
RTM1P49,0.18,0.17,0.19,1000000.0,1000000.0,0,0,0,0,0,0,0,0,0,0,20,2026-02-05 13:14:40.721786
RTM1C50,1.52,1.51,1.53,1000000.0,1000000.0,0,0,0,0,0,0,0,0,0,0,20,2026-02-05 13:14:40.721786
RTM1P50,0.36,0.35,0.37,1000000.0,1000000.0,0,0,0,0,0,0,0,0,0,0,20,2026-02-05 13:14:40.721786
RTM1C51,0.91,0.9,0.92,1000000.0,1000000.0,0,0,0,0,0,0,0,0,0,0,20,2026-02-05 13:14:40.721786
RTM1P51,0.75,0.74,0.76,1000000.0,1000000.0,0,0,0,0,0,0,0,0,0,0,20,2026-02-05 13:14:40.721786
RTM1C52,0.5,0.49,0.51,1000000.0,1000000.0,0,0,0,0,0,0,0,0,0,0,20,2026-02-05 13:14:40.721786
RTM1P52,1.34,1.33,1.35,1000000.0,1000000.0,0,0,0,0,0,0,0,0,0,0,20,2026-02-05 13:14:40.721786
RTM1C53,0.23,0.22,0.24,1000000.0,1000000.0,0,0,0,0,0,0,0,0,0,0,20,2026-02-05 13:14:40.721786
RTM1P53,2.07,2.06,2.08,1000000.0,1000000.0,0,0,0,0,0,0,0,0,0,0,20,2026-02-05 13:14:40.721786
RTM1C54,0.13,0.12,0.14,1000000.0,1000000.0,0,0,0,0,0,0,0,0,0,0,20,2026-02-05 13:14:40.721786
RTM1P54,2.97,2.96,2.98,1000000.0,1000000.0,0,0,0,0,0,0,0,0,0,0,20,2026-02-05 13:14:40.721786
RTM,50.82,50.81,50.83,100000000.0,100000000.0,0,0,0,0,0,0,0,0,0,0,21,2026-02-05 13:14:41.768263
RTM1C45,5.83,5.82,5.84,1000000.0,1000000.0,0,0,0,0,0,0,0,0,0,0,21,2026-02-05 13:14:41.768263
RTM1P45,0.02,0.01,0.03,1000000.0,1000000.0,0,0,0,0,0,0,0,0,0,0,21,2026-02-05 13:14:41.768263
RTM1C46,4.84,4.83,4.85,1000000.0,1000000.0,0,0,0,0,0,0,0,0,0,0,21,2026-02-05 13:14:41.768263
RTM1P46,0.02,0.01,0.03,1000000.0,1000000.0,0,0,0,0,0,0,0,0,0,0,21,2026-02-05 13:14:41.768263
RTM1C47,3.85,3.84,3.86,1000000.0,1000000.0,0,0,0,0,0,0,0,0,0,0,21,2026-02-05 13:14:41.768263
RTM1P47,0.03,0.02,0.04,1000000.0,1000000.0,0,0,0,0,0,0,0,0,0,0,21,2026-02-05 13:14:41.768263
RTM1C48,2.91,2.9,2.92,1000000.0,1000000.0,0,0,0,0,0,0,0,0,0,0,21,2026-02-05 13:14:41.768263
RTM1P48,0.09,0.08,0.1,1000000.0,1000000.0,0,0,0,0,0,0,0,0,0,0,21,2026-02-05 13:14:41.768263
RTM1C49,2.08,2.07,2.09,1000000.0,1000000.0,0,0,0,0,0,0,0,0,0,0,21,2026-02-05 13:14:41.768263
RTM1P49,0.25,0.24,0.26,1000000.0,1000000.0,0,0,0,0,0,0,0,0,0,0,21,2026-02-05 13:14:41.768263
RTM1C50,1.4,1.39,1.41,1000000.0,1000000.0,0,0,0,0,0,0,0,0,0,0,21,2026-02-05 13:14:41.768263
RTM1P50,0.58,0.57,0.59,1000000.0,1000000.0,0,0,0,0,0,0,0,0,0,0,21,2026-02-05 13:14:41.768263
RTM1C51,0.81,0.81,0.83,1000000.0,1000000.0,0,0,0,0,0,0,0,0,0,0,21,2026-02-05 13:14:41.768263
RTM1P51,1.0,0.99,1.01,1000000.0,1000000.0,0,0,0,0,0,0,0,0,0,0,21,2026-02-05 13:14:41.768263
RTM1C52,0.47,0.46,0.48,1000000.0,1000000.0,0,0,0,0,0,0,0,0,0,0,21,2026-02-05 13:14:41.768263
RTM1P52,1.65,1.64,1.66,1000000.0,1000000.0,0,0,0,0,0,0,0,0,0,0,21,2026-02-05 13:14:41.768263
RTM1C53,0.16,0.15,0.17,1000000.0,1000000.0,0,0,0,0,0,0,0,0,0,0,21,2026-02-05 13:14:41.768263
RTM1P53,2.34,2.33,2.35,1000000.0,1000000.0,0,0,0,0,0,0,0,0,0,0,21,2026-02-05 13:14:41.768263
RTM1C54,0.08,0.07,0.09,1000000.0,1000000.0,0,0,0,0,0,0,0,0,0,0,21,2026-02-05 13:14:41.768263
RTM1P54,3.26,3.25,3.27,1000000.0,1000000.0,0,0,0,0,0,0,0,0,0,0,21,2026-02-05 13:14:41.768263
RTM,50.93,50.91,50.93,100000000.0,100000000.0,0,0,0,0,0,0,0,0,0,0,22,2026-02-05 13:14:42.820297
RTM1C45,5.92,5.91,5.93,1000000.0,1000000.0,0,0,0,0,0,0,0,0,0,0,22,2026-02-05 13:14:42.820297
RTM1P45,0.02,0.01,0.03,1000000.0,1000000.0,0,0,0,0,0,0,0,0,0,0,22,2026-02-05 13:14:42.820297
RTM1C46,4.92,4.91,4.93,1000000.0,1000000.0,0,0,0,0,0,0,0,0,0,0,22,2026-02-05 13:14:42.820297
RTM1P46,0.02,0.01,0.03,1000000.0,1000000.0,0,0,0,0,0,0,0,0,0,0,22,2026-02-05 13:14:42.820297
RTM1C47,3.95,3.94,3.96,1000000.0,1000000.0,0,0,0,0,0,0,0,0,0,0,22,2026-02-05 13:14:42.820297
RTM1P47,0.03,0.02,0.04,1000000.0,1000000.0,0,0,0,0,0,0,0,0,0,0,22,2026-02-05 13:14:42.820297
RTM1C48,3.01,3.0,3.02,1000000.0,1000000.0,0,0,0,0,0,0,0,0,0,0,22,2026-02-05 13:14:42.820297
RTM1P48,0.1,0.09,0.11,1000000.0,1000000.0,0,0,0,0,0,0,0,0,0,0,22,2026-02-05 13:14:42.820297
RTM1C49,2.18,2.17,2.19,1000000.0,1000000.0,0,0,0,0,0,0,0,0,0,0,22,2026-02-05 13:14:42.820297
RTM1P49,0.27,0.26,0.28,1000000.0,1000000.0,0,0,0,0,0,0,0,0,0,0,22,2026-02-05 13:14:42.820297
RTM1C50,1.38,1.37,1.39,1000000.0,1000000.0,0,0,0,0,0,0,0,0,0,0,22,2026-02-05 13:14:42.820297
RTM1P50,0.46,0.45,0.47,1000000.0,1000000.0,0,0,0,0,0,0,0,0,0,0,22,2026-02-05 13:14:42.820297
RTM1C51,0.88,0.87,0.89,1000000.0,1000000.0,0,0,0,0,0,0,0,0,0,0,22,2026-02-05 13:14:42.820297
RTM1P51,0.97,0.96,0.98,1000000.0,1000000.0,0,0,0,0,0,0,0,0,0,0,22,2026-02-05 13:14:42.820297
RTM1C52,0.43,0.42,0.44,1000000.0,1000000.0,0,0,0,0,0,0,0,0,0,0,22,2026-02-05 13:14:42.820297
RTM1P52,1.51,1.5,1.52,1000000.0,1000000.0,0,0,0,0,0,0,0,0,0,0,22,2026-02-05 13:14:42.820297
RTM1C53,0.15,0.14,0.16,1000000.0,1000000.0,0,0,0,0,0,0,0,0,0,0,22,2026-02-05 13:14:42.820297
RTM1P53,2.24,2.23,2.25,1000000.0,1000000.0,0,0,0,0,0,0,0,0,0,0,22,2026-02-05 13:14:42.820297
RTM1C54,0.1,0.09,0.11,1000000.0,1000000.0,0,0,0,0,0,0,0,0,0,0,22,2026-02-05 13:14:42.820297
RTM1P54,3.19,3.18,3.2,1000000.0,1000000.0,0,0,0,0,0,0,0,0,0,0,22,2026-02-05 13:14:42.820297
RTM,50.89,50.88,50.9,100000000.0,100000000.0,0,0,0,0,0,0,0,0,0,0,23,2026-02-05 13:14:43.872903
RTM1C45,5.9,5.89,5.91,1000000.0,1000000.0,0,0,0,0,0,0,0,0,0,0,23,2026-02-05 13:14:43.872903
RTM1P45,0.02,0.01,0.03,1000000.0,1000000.0,0,0,0,0,0,0,0,0,0,0,23,2026-02-05 13:14:43.872903
RTM1C46,4.9,4.89,4.91,1000000.0,1000000.0,0,0,0,0,0,0,0,0,0,0,23,2026-02-05 13:14:43.872903
RTM1P46,0.02,0.01,0.03,1000000.0,1000000.0,0,0,0,0,0,0,0,0,0,0,23,2026-02-05 13:14:43.872903
RTM1C47,3.92,3.91,3.93,1000000.0,1000000.0,0,0,0,0,0,0,0,0,0,0,23,2026-02-05 13:14:43.872903
RTM1P47,0.02,0.01,0.03,1000000.0,1000000.0,0,0,0,0,0,0,0,0,0,0,23,2026-02-05 13:14:43.872903
RTM1C48,2.97,2.96,2.98,1000000.0,1000000.0,0,0,0,0,0,0,0,0,0,0,23,2026-02-05 13:14:43.872903
RTM1P48,0.08,0.07,0.09,1000000.0,1000000.0,0,0,0,0,0,0,0,0,0,0,23,2026-02-05 13:14:43.872903
RTM1C49,2.15,2.14,2.16,1000000.0,1000000.0,0,0,0,0,0,0,0,0,0,0,23,2026-02-05 13:14:43.872903
RTM1P49,0.26,0.25,0.27,1000000.0,1000000.0,0,0,0,0,0,0,0,0,0,0,23,2026-02-05 13:14:43.872903
RTM1C50,1.39,1.38,1.4,1000000.0,1000000.0,0,0,0,0,0,0,0,0,0,0,23,2026-02-05 13:14:43.872903
RTM1P50,0.5,0.49,0.51,1000000.0,1000000.0,0,0,0,0,0,0,0,0,0,0,23,2026-02-05 13:14:43.872903
RTM1C51,0.9,0.89,0.91,1000000.0,1000000.0,0,0,0,0,0,0,0,0,0,0,23,2026-02-05 13:14:43.872903
RTM1P51,1.01,1.0,1.02,1000000.0,1000000.0,0,0,0,0,0,0,0,0,0,0,23,2026-02-05 13:14:43.872903
RTM1C52,0.42,0.41,0.43,1000000.0,1000000.0,0,0,0,0,0,0,0,0,0,0,23,2026-02-05 13:14:43.872903
RTM1P52,1.53,1.52,1.54,1000000.0,1000000.0,0,0,0,0,0,0,0,0,0,0,23,2026-02-05 13:14:43.872903
RTM1C53,0.2,0.19,0.21,1000000.0,1000000.0,0,0,0,0,0,0,0,0,0,0,23,2026-02-05 13:14:43.872903
RTM1P53,2.31,2.3,2.32,1000000.0,1000000.0,0,0,0,0,0,0,0,0,0,0,23,2026-02-05 13:14:43.872903
RTM1C54,0.09,0.08,0.1,1000000.0,1000000.0,0,0,0,0,0,0,0,0,0,0,23,2026-02-05 13:14:43.872903
RTM1P54,3.2,3.19,3.21,1000000.0,1000000.0,0,0,0,0,0,0,0,0,0,0,23,2026-02-05 13:14:43.872903
RTM,50.99,50.98,51.0,100000000.0,100000000.0,0,0,0,0,0,0,0,0,0,0,24,2026-02-05 13:14:44.923051
RTM1C45,5.99,5.98,6.0,1000000.0,1000000.0,0,0,0,0,0,0,0,0,0,0,24,2026-02-05 13:14:44.923051
RTM1P45,0.02,0.01,0.03,1000000.0,1000000.0,0,0,0,0,0,0,0,0,0,0,24,2026-02-05 13:14:44.923051
RTM1C46,5.0,4.99,5.01,1000000.0,1000000.0,0,0,0,0,0,0,0,0,0,0,24,2026-02-05 13:14:44.923051
RTM1P46,0.02,0.01,0.03,1000000.0,1000000.0,0,0,0,0,0,0,0,0,0,0,24,2026-02-05 13:14:44.923051
RTM1C47,4.02,4.01,4.03,1000000.0,1000000.0,0,0,0,0,0,0,0,0,0,0,24,2026-02-05 13:14:44.923051
RTM1P47,0.03,0.02,0.04,1000000.0,1000000.0,0,0,0,0,0,0,0,0,0,0,24,2026-02-05 13:14:44.923051
RTM1C48,3.07,3.06,3.08,1000000.0,1000000.0,0,0,0,0,0,0,0,0,0,0,24,2026-02-05 13:14:44.923051
RTM1P48,0.08,0.07,0.09,1000000.0,1000000.0,0,0,0,0,0,0,0,0,0,0,24,2026-02-05 13:14:44.923051
RTM1C49,2.21,2.2,2.22,1000000.0,1000000.0,0,0,0,0,0,0,0,0,0,0,24,2026-02-05 13:14:44.923051
RTM1P49,0.22,0.21,0.23,1000000.0,1000000.0,0,0,0,0,0,0,0,0,0,0,24,2026-02-05 13:14:44.923051
RTM1C50,1.52,1.51,1.53,1000000.0,1000000.0,0,0,0,0,0,0,0,0,0,0,24,2026-02-05 13:14:44.923051
RTM1P50,0.53,0.52,0.54,1000000.0,1000000.0,0,0,0,0,0,0,0,0,0,0,24,2026-02-05 13:14:44.923051
RTM1C51,0.85,0.84,0.86,1000000.0,1000000.0,0,0,0,0,0,0,0,0,0,0,24,2026-02-05 13:14:44.923051
RTM1P51,0.86,0.85,0.87,1000000.0,1000000.0,0,0,0,0,0,0,0,0,0,0,24,2026-02-05 13:14:44.923051
RTM1C52,0.42,0.41,0.43,1000000.0,1000000.0,0,0,0,0,0,0,0,0,0,0,24,2026-02-05 13:14:44.923051
RTM1P52,1.43,1.42,1.44,1000000.0,1000000.0,0,0,0,0,0,0,0,0,0,0,24,2026-02-05 13:14:44.923051
RTM1C53,0.19,0.18,0.2,1000000.0,1000000.0,0,0,0,0,0,0,0,0,0,0,24,2026-02-05 13:14:44.923051
RTM1P53,2.2,2.19,2.21,1000000.0,1000000.0,0,0,0,0,0,0,0,0,0,0,24,2026-02-05 13:14:44.923051
RTM1C54,0.11,0.1,0.12,1000000.0,1000000.0,0,0,0,0,0,0,0,0,0,0,24,2026-02-05 13:14:44.923051
RTM1P54,3.12,3.11,3.13,1000000.0,1000000.0,0,0,0,0,0,0,0,0,0,0,24,2026-02-05 13:14:44.923051
RTM,50.91,50.9,50.92,100000000.0,100000000.0,0,0,0,0,0,0,0,0,0,0,25,2026-02-05 13:14:45.974939
RTM1C45,5.92,5.91,5.93,1000000.0,1000000.0,0,0,0,0,0,0,0,0,0,0,25,2026-02-05 13:14:45.974939
RTM1P45,0.02,0.01,0.03,1000000.0,1000000.0,0,0,0,0,0,0,0,0,0,0,25,2026-02-05 13:14:45.974939
RTM1C46,4.92,4.91,4.93,1000000.0,1000000.0,0,0,0,0,0,0,0,0,0,0,25,2026-02-05 13:14:45.974939
RTM1P46,0.02,0.01,0.03,1000000.0,1000000.0,0,0,0,0,0,0,0,0,0,0,25,2026-02-05 13:14:45.974939
RTM1C47,3.94,3.93,3.95,1000000.0,1000000.0,0,0,0,0,0,0,0,0,0,0,25,2026-02-05 13:14:45.974939
RTM1P47,0.03,0.02,0.04,1000000.0,1000000.0,0,0,0,0,0,0,0,0,0,0,25,2026-02-05 13:14:45.974939
RTM1C48,3.03,3.02,3.04,1000000.0,1000000.0,0,0,0,0,0,0,0,0,0,0,25,2026-02-05 13:14:45.974939
RTM1P48,0.12,0.11,0.13,1000000.0,1000000.0,0,0,0,0,0,0,0,0,0,0,25,2026-02-05 13:14:45.974939
RTM1C49,2.18,2.17,2.19,1000000.0,1000000.0,0,0,0,0,0,0,0,0,0,0,25,2026-02-05 13:14:45.974939
RTM1P49,0.27,0.26,0.28,1000000.0,1000000.0,0,0,0,0,0,0,0,0,0,0,25,2026-02-05 13:14:45.974939
RTM1C50,1.44,1.43,1.45,1000000.0,1000000.0,0,0,0,0,0,0,0,0,0,0,25,2026-02-05 13:14:45.974939
RTM1P50,0.53,0.52,0.54,1000000.0,1000000.0,0,0,0,0,0,0,0,0,0,0,25,2026-02-05 13:14:45.974939
RTM1C51,0.87,0.85,0.87,1000000.0,1000000.0,0,0,0,0,0,0,0,0,0,0,25,2026-02-05 13:14:45.974939
RTM1P51,0.95,0.93,0.95,1000000.0,1000000.0,0,0,0,0,0,0,0,0,0,0,25,2026-02-05 13:14:45.974939
RTM1C52,0.47,0.46,0.48,1000000.0,1000000.0,0,0,0,0,0,0,0,0,0,0,25,2026-02-05 13:14:45.974939
RTM1P52,1.55,1.54,1.56,1000000.0,1000000.0,0,0,0,0,0,0,0,0,0,0,25,2026-02-05 13:14:45.974939
RTM1C53,0.19,0.18,0.2,1000000.0,1000000.0,0,0,0,0,0,0,0,0,0,0,25,2026-02-05 13:14:45.974939
RTM1P53,2.28,2.27,2.29,1000000.0,1000000.0,0,0,0,0,0,0,0,0,0,0,25,2026-02-05 13:14:45.974939
RTM1C54,0.11,0.1,0.12,1000000.0,1000000.0,0,0,0,0,0,0,0,0,0,0,25,2026-02-05 13:14:45.974939
RTM1P54,3.19,3.18,3.2,1000000.0,1000000.0,0,0,0,0,0,0,0,0,0,0,25,2026-02-05 13:14:45.974939
RTM,50.94,50.92,50.94,100000000.0,100000000.0,0,0,0,0,0,0,0,0,0,0,26,2026-02-05 13:14:47.034937
RTM1C45,5.93,5.92,5.94,1000000.0,1000000.0,0,0,0,0,0,0,0,0,0,0,26,2026-02-05 13:14:47.034937
RTM1P45,0.02,0.01,0.03,1000000.0,1000000.0,0,0,0,0,0,0,0,0,0,0,26,2026-02-05 13:14:47.034937
RTM1C46,4.94,4.93,4.95,1000000.0,1000000.0,0,0,0,0,0,0,0,0,0,0,26,2026-02-05 13:14:47.034937
RTM1P46,0.02,0.01,0.03,1000000.0,1000000.0,0,0,0,0,0,0,0,0,0,0,26,2026-02-05 13:14:47.034937
RTM1C47,3.96,3.95,3.97,1000000.0,1000000.0,0,0,0,0,0,0,0,0,0,0,26,2026-02-05 13:14:47.034937
RTM1P47,0.03,0.02,0.04,1000000.0,1000000.0,0,0,0,0,0,0,0,0,0,0,26,2026-02-05 13:14:47.034937
RTM1C48,3.03,3.02,3.04,1000000.0,1000000.0,0,0,0,0,0,0,0,0,0,0,26,2026-02-05 13:14:47.034937
RTM1P48,0.1,0.09,0.11,1000000.0,1000000.0,0,0,0,0,0,0,0,0,0,0,26,2026-02-05 13:14:47.034937
RTM1C49,2.15,2.14,2.16,1000000.0,1000000.0,0,0,0,0,0,0,0,0,0,0,26,2026-02-05 13:14:47.034937
RTM1P49,0.22,0.21,0.23,1000000.0,1000000.0,0,0,0,0,0,0,0,0,0,0,26,2026-02-05 13:14:47.034937
RTM1C50,1.37,1.36,1.38,1000000.0,1000000.0,0,0,0,0,0,0,0,0,0,0,26,2026-02-05 13:14:47.034937
RTM1P50,0.44,0.43,0.45,1000000.0,1000000.0,0,0,0,0,0,0,0,0,0,0,26,2026-02-05 13:14:47.034937
RTM1C51,0.91,0.9,0.92,1000000.0,1000000.0,0,0,0,0,0,0,0,0,0,0,26,2026-02-05 13:14:47.034937
RTM1P51,0.98,0.97,0.99,1000000.0,1000000.0,0,0,0,0,0,0,0,0,0,0,26,2026-02-05 13:14:47.034937
RTM1C52,0.51,0.5,0.52,1000000.0,1000000.0,0,0,0,0,0,0,0,0,0,0,26,2026-02-05 13:14:47.034937
RTM1P52,1.58,1.57,1.59,1000000.0,1000000.0,0,0,0,0,0,0,0,0,0,0,26,2026-02-05 13:14:47.034937
RTM1C53,0.22,0.21,0.23,1000000.0,1000000.0,0,0,0,0,0,0,0,0,0,0,26,2026-02-05 13:14:47.034937
RTM1P53,2.29,2.28,2.3,1000000.0,1000000.0,0,0,0,0,0,0,0,0,0,0,26,2026-02-05 13:14:47.034937
RTM1C54,0.06,0.05,0.07,1000000.0,1000000.0,0,0,0,0,0,0,0,0,0,0,26,2026-02-05 13:14:47.034937
RTM1P54,3.13,3.12,3.14,1000000.0,1000000.0,0,0,0,0,0,0,0,0,0,0,26,2026-02-05 13:14:47.034937
RTM,50.91,50.9,50.92,100000000.0,100000000.0,0,0,0,0,0,0,0,0,0,0,27,2026-02-05 13:14:47.625613
RTM1C45,5.91,5.9,5.92,1000000.0,1000000.0,0,0,0,0,0,0,0,0,0,0,27,2026-02-05 13:14:47.625613
RTM1P45,0.02,0.01,0.03,1000000.0,1000000.0,0,0,0,0,0,0,0,0,0,0,27,2026-02-05 13:14:47.625613
RTM1C46,4.92,4.91,4.93,1000000.0,1000000.0,0,0,0,0,0,0,0,0,0,0,27,2026-02-05 13:14:47.625613
RTM1P46,0.02,0.01,0.03,1000000.0,1000000.0,0,0,0,0,0,0,0,0,0,0,27,2026-02-05 13:14:47.625613
RTM1C47,3.93,3.92,3.94,1000000.0,1000000.0,0,0,0,0,0,0,0,0,0,0,27,2026-02-05 13:14:47.625613
RTM1P47,0.02,0.01,0.03,1000000.0,1000000.0,0,0,0,0,0,0,0,0,0,0,27,2026-02-05 13:14:47.625613
RTM1C48,3.02,3.01,3.03,1000000.0,1000000.0,0,0,0,0,0,0,0,0,0,0,27,2026-02-05 13:14:47.625613
RTM1P48,0.11,0.1,0.12,1000000.0,1000000.0,0,0,0,0,0,0,0,0,0,0,27,2026-02-05 13:14:47.625613
RTM1C49,2.12,2.11,2.13,1000000.0,1000000.0,0,0,0,0,0,0,0,0,0,0,27,2026-02-05 13:14:47.625613
RTM1P49,0.2,0.19,0.21,1000000.0,1000000.0,0,0,0,0,0,0,0,0,0,0,27,2026-02-05 13:14:47.625613
RTM1C50,1.45,1.44,1.46,1000000.0,1000000.0,0,0,0,0,0,0,0,0,0,0,27,2026-02-05 13:14:47.625613
RTM1P50,0.54,0.53,0.55,1000000.0,1000000.0,0,0,0,0,0,0,0,0,0,0,27,2026-02-05 13:14:47.625613
RTM1C51,0.92,0.91,0.93,1000000.0,1000000.0,0,0,0,0,0,0,0,0,0,0,27,2026-02-05 13:14:47.625613
RTM1P51,1.01,1.0,1.02,1000000.0,1000000.0,0,0,0,0,0,0,0,0,0,0,27,2026-02-05 13:14:47.625613
RTM1C52,0.52,0.51,0.53,1000000.0,1000000.0,0,0,0,0,0,0,0,0,0,0,27,2026-02-05 13:14:47.625613
RTM1P52,1.61,1.6,1.62,1000000.0,1000000.0,0,0,0,0,0,0,0,0,0,0,27,2026-02-05 13:14:47.625613
RTM1C53,0.22,0.21,0.23,1000000.0,1000000.0,0,0,0,0,0,0,0,0,0,0,27,2026-02-05 13:14:47.625613
RTM1P53,2.31,2.3,2.32,1000000.0,1000000.0,0,0,0,0,0,0,0,0,0,0,27,2026-02-05 13:14:47.625613
RTM1C54,0.07,0.06,0.08,1000000.0,1000000.0,0,0,0,0,0,0,0,0,0,0,27,2026-02-05 13:14:47.625613
RTM1P54,3.16,3.15,3.17,1000000.0,1000000.0,0,0,0,0,0,0,0,0,0,0,27,2026-02-05 13:14:47.625613
RTM,50.95,50.94,50.96,100000000.0,100000000.0,0,0,0,0,0,0,0,0,0,0,28,2026-02-05 13:14:48.693853
RTM1C45,5.95,5.94,5.96,1000000.0,1000000.0,0,0,0,0,0,0,0,0,0,0,28,2026-02-05 13:14:48.693853
RTM1P45,0.02,0.01,0.03,1000000.0,1000000.0,0,0,0,0,0,0,0,0,0,0,28,2026-02-05 13:14:48.693853
RTM1C46,4.95,4.94,4.96,1000000.0,1000000.0,0,0,0,0,0,0,0,0,0,0,28,2026-02-05 13:14:48.693853
RTM1P46,0.02,0.01,0.03,1000000.0,1000000.0,0,0,0,0,0,0,0,0,0,0,28,2026-02-05 13:14:48.693853
RTM1C47,3.97,3.96,3.98,1000000.0,1000000.0,0,0,0,0,0,0,0,0,0,0,28,2026-02-05 13:14:48.693853
RTM1P47,0.03,0.02,0.04,1000000.0,1000000.0,0,0,0,0,0,0,0,0,0,0,28,2026-02-05 13:14:48.693853
RTM1C48,3.06,3.05,3.07,1000000.0,1000000.0,0,0,0,0,0,0,0,0,0,0,28,2026-02-05 13:14:48.693853
RTM1P48,0.11,0.1,0.12,1000000.0,1000000.0,0,0,0,0,0,0,0,0,0,0,28,2026-02-05 13:14:48.693853
RTM1C49,2.13,2.12,2.14,1000000.0,1000000.0,0,0,0,0,0,0,0,0,0,0,28,2026-02-05 13:14:48.693853
RTM1P49,0.19,0.18,0.2,1000000.0,1000000.0,0,0,0,0,0,0,0,0,0,0,28,2026-02-05 13:14:48.693853
RTM1C50,1.44,1.43,1.45,1000000.0,1000000.0,0,0,0,0,0,0,0,0,0,0,28,2026-02-05 13:14:48.693853
RTM1P50,0.49,0.48,0.5,1000000.0,1000000.0,0,0,0,0,0,0,0,0,0,0,28,2026-02-05 13:14:48.693853
RTM1C51,0.92,0.91,0.93,1000000.0,1000000.0,0,0,0,0,0,0,0,0,0,0,28,2026-02-05 13:14:48.693853
RTM1P51,0.97,0.96,0.98,1000000.0,1000000.0,0,0,0,0,0,0,0,0,0,0,28,2026-02-05 13:14:48.693853
RTM1C52,0.51,0.5,0.52,1000000.0,1000000.0,0,0,0,0,0,0,0,0,0,0,28,2026-02-05 13:14:48.693853
RTM1P52,1.56,1.55,1.57,1000000.0,1000000.0,0,0,0,0,0,0,0,0,0,0,28,2026-02-05 13:14:48.693853
RTM1C53,0.22,0.21,0.23,1000000.0,1000000.0,0,0,0,0,0,0,0,0,0,0,28,2026-02-05 13:14:48.693853
RTM1P53,2.28,2.27,2.29,1000000.0,1000000.0,0,0,0,0,0,0,0,0,0,0,28,2026-02-05 13:14:48.693853
RTM1C54,0.08,0.07,0.09,1000000.0,1000000.0,0,0,0,0,0,0,0,0,0,0,28,2026-02-05 13:14:48.693853
RTM1P54,3.13,3.12,3.14,1000000.0,1000000.0,0,0,0,0,0,0,0,0,0,0,28,2026-02-05 13:14:48.693853
RTM,51.12,51.11,51.13,100000000.0,100000000.0,0,0,0,0,0,0,0,0,0,0,29,2026-02-05 13:14:49.748032
RTM1C45,6.12,6.11,6.13,1000000.0,1000000.0,0,0,0,0,0,0,0,0,0,0,29,2026-02-05 13:14:49.748032
RTM1P45,0.02,0.01,0.03,1000000.0,1000000.0,0,0,0,0,0,0,0,0,0,0,29,2026-02-05 13:14:49.748032
RTM1C46,5.13,5.12,5.14,1000000.0,1000000.0,0,0,0,0,0,0,0,0,0,0,29,2026-02-05 13:14:49.748032
RTM1P46,0.02,0.01,0.03,1000000.0,1000000.0,0,0,0,0,0,0,0,0,0,0,29,2026-02-05 13:14:49.748032
RTM1C47,4.13,4.12,4.14,1000000.0,1000000.0,0,0,0,0,0,0,0,0,0,0,29,2026-02-05 13:14:49.748032
RTM1P47,0.02,0.01,0.03,1000000.0,1000000.0,0,0,0,0,0,0,0,0,0,0,29,2026-02-05 13:14:49.748032
RTM1C48,3.2,3.19,3.21,1000000.0,1000000.0,0,0,0,0,0,0,0,0,0,0,29,2026-02-05 13:14:49.748032
RTM1P48,0.08,0.07,0.09,1000000.0,1000000.0,0,0,0,0,0,0,0,0,0,0,29,2026-02-05 13:14:49.748032
RTM1C49,2.34,2.33,2.35,1000000.0,1000000.0,0,0,0,0,0,0,0,0,0,0,29,2026-02-05 13:14:49.748032
RTM1P49,0.22,0.21,0.23,1000000.0,1000000.0,0,0,0,0,0,0,0,0,0,0,29,2026-02-05 13:14:49.748032
RTM1C50,1.61,1.6,1.62,1000000.0,1000000.0,0,0,0,0,0,0,0,0,0,0,29,2026-02-05 13:14:49.748032
RTM1P50,0.49,0.48,0.5,1000000.0,1000000.0,0,0,0,0,0,0,0,0,0,0,29,2026-02-05 13:14:49.748032
RTM1C51,1.01,1.0,1.02,1000000.0,1000000.0,0,0,0,0,0,0,0,0,0,0,29,2026-02-05 13:14:49.748032
RTM1P51,0.89,0.88,0.9,1000000.0,1000000.0,0,0,0,0,0,0,0,0,0,0,29,2026-02-05 13:14:49.748032
RTM1C52,0.56,0.55,0.57,1000000.0,1000000.0,0,0,0,0,0,0,0,0,0,0,29,2026-02-05 13:14:49.748032
RTM1P52,1.44,1.43,1.45,1000000.0,1000000.0,0,0,0,0,0,0,0,0,0,0,29,2026-02-05 13:14:49.748032
RTM1C53,0.28,0.27,0.29,1000000.0,1000000.0,0,0,0,0,0,0,0,0,0,0,29,2026-02-05 13:14:49.748032
RTM1P53,2.17,2.16,2.18,1000000.0,1000000.0,0,0,0,0,0,0,0,0,0,0,29,2026-02-05 13:14:49.748032
RTM1C54,0.13,0.12,0.14,1000000.0,1000000.0,0,0,0,0,0,0,0,0,0,0,29,2026-02-05 13:14:49.748032
RTM1P54,3.02,3.01,3.03,1000000.0,1000000.0,0,0,0,0,0,0,0,0,0,0,29,2026-02-05 13:14:49.748032
RTM,50.91,50.9,50.92,100000000.0,100000000.0,0,0,0,0,0,0,0,0,0,0,30,2026-02-05 13:14:50.807690
RTM1C45,5.91,5.9,5.92,1000000.0,1000000.0,0,0,0,0,0,0,0,0,0,0,30,2026-02-05 13:14:50.807690
RTM1P45,0.02,0.01,0.03,1000000.0,1000000.0,0,0,0,0,0,0,0,0,0,0,30,2026-02-05 13:14:50.807690
RTM1C46,4.92,4.91,4.93,1000000.0,1000000.0,0,0,0,0,0,0,0,0,0,0,30,2026-02-05 13:14:50.807690
RTM1P46,0.02,0.01,0.03,1000000.0,1000000.0,0,0,0,0,0,0,0,0,0,0,30,2026-02-05 13:14:50.807690
RTM1C47,3.93,3.92,3.94,1000000.0,1000000.0,0,0,0,0,0,0,0,0,0,0,30,2026-02-05 13:14:50.807690
RTM1P47,0.02,0.01,0.03,1000000.0,1000000.0,0,0,0,0,0,0,0,0,0,0,30,2026-02-05 13:14:50.807690
RTM1C48,3.01,3.0,3.02,1000000.0,1000000.0,0,0,0,0,0,0,0,0,0,0,30,2026-02-05 13:14:50.807690
RTM1P48,0.11,0.1,0.12,1000000.0,1000000.0,0,0,0,0,0,0,0,0,0,0,30,2026-02-05 13:14:50.807690
RTM1C49,2.14,2.13,2.15,1000000.0,1000000.0,0,0,0,0,0,0,0,0,0,0,30,2026-02-05 13:14:50.807690
RTM1P49,0.23,0.22,0.24,1000000.0,1000000.0,0,0,0,0,0,0,0,0,0,0,30,2026-02-05 13:14:50.807690
RTM1C50,1.44,1.43,1.45,1000000.0,1000000.0,0,0,0,0,0,0,0,0,0,0,30,2026-02-05 13:14:50.807690
RTM1P50,0.53,0.52,0.54,1000000.0,1000000.0,0,0,0,0,0,0,0,0,0,0,30,2026-02-05 13:14:50.807690
RTM1C51,0.9,0.89,0.91,1000000.0,1000000.0,0,0,0,0,0,0,0,0,0,0,30,2026-02-05 13:14:50.807690
RTM1P51,1.0,0.99,1.01,1000000.0,1000000.0,0,0,0,0,0,0,0,0,0,0,30,2026-02-05 13:14:50.807690
RTM1C52,0.51,0.5,0.52,1000000.0,1000000.0,0,0,0,0,0,0,0,0,0,0,30,2026-02-05 13:14:50.807690
RTM1P52,1.61,1.6,1.62,1000000.0,1000000.0,0,0,0,0,0,0,0,0,0,0,30,2026-02-05 13:14:50.807690
RTM1C53,0.26,0.25,0.27,1000000.0,1000000.0,0,0,0,0,0,0,0,0,0,0,30,2026-02-05 13:14:50.807690
RTM1P53,2.35,2.34,2.36,1000000.0,1000000.0,0,0,0,0,0,0,0,0,0,0,30,2026-02-05 13:14:50.807690
RTM1C54,0.09,0.08,0.1,1000000.0,1000000.0,0,0,0,0,0,0,0,0,0,0,30,2026-02-05 13:14:50.807690
RTM1P54,3.18,3.17,3.19,1000000.0,1000000.0,0,0,0,0,0,0,0,0,0,0,30,2026-02-05 13:14:50.807690
RTM,51.12,51.11,51.13,100000000.0,100000000.0,0,0,0,0,0,0,0,0,0,0,31,2026-02-05 13:14:51.909168
RTM1C45,6.12,6.11,6.13,1000000.0,1000000.0,0,0,0,0,0,0,0,0,0,0,31,2026-02-05 13:14:51.909168
RTM1P45,0.02,0.01,0.03,1000000.0,1000000.0,0,0,0,0,0,0,0,0,0,0,31,2026-02-05 13:14:51.909168
RTM1C46,5.13,5.12,5.14,1000000.0,1000000.0,0,0,0,0,0,0,0,0,0,0,31,2026-02-05 13:14:51.909168
RTM1P46,0.02,0.01,0.03,1000000.0,1000000.0,0,0,0,0,0,0,0,0,0,0,31,2026-02-05 13:14:51.909168
RTM1C47,4.15,4.14,4.16,1000000.0,1000000.0,0,0,0,0,0,0,0,0,0,0,31,2026-02-05 13:14:51.909168
RTM1P47,0.02,0.01,0.03,1000000.0,1000000.0,0,0,0,0,0,0,0,0,0,0,31,2026-02-05 13:14:51.909168
RTM1C48,3.22,3.21,3.23,1000000.0,1000000.0,0,0,0,0,0,0,0,0,0,0,31,2026-02-05 13:14:51.909168
RTM1P48,0.09,0.08,0.1,1000000.0,1000000.0,0,0,0,0,0,0,0,0,0,0,31,2026-02-05 13:14:51.909168
RTM1C49,2.34,2.33,2.35,1000000.0,1000000.0,0,0,0,0,0,0,0,0,0,0,31,2026-02-05 13:14:51.909168
RTM1P49,0.22,0.21,0.23,1000000.0,1000000.0,0,0,0,0,0,0,0,0,0,0,31,2026-02-05 13:14:51.909168
RTM1C50,1.61,1.6,1.62,1000000.0,1000000.0,0,0,0,0,0,0,0,0,0,0,31,2026-02-05 13:14:51.909168
RTM1P50,0.49,0.48,0.5,1000000.0,1000000.0,0,0,0,0,0,0,0,0,0,0,31,2026-02-05 13:14:51.909168
RTM1C51,1.03,1.02,1.04,1000000.0,1000000.0,0,0,0,0,0,0,0,0,0,0,31,2026-02-05 13:14:51.909168
RTM1P51,0.9,0.89,0.91,1000000.0,1000000.0,0,0,0,0,0,0,0,0,0,0,31,2026-02-05 13:14:51.909168
RTM1C52,0.58,0.57,0.59,1000000.0,1000000.0,0,0,0,0,0,0,0,0,0,0,31,2026-02-05 13:14:51.909168
RTM1P52,1.46,1.45,1.47,1000000.0,1000000.0,0,0,0,0,0,0,0,0,0,0,31,2026-02-05 13:14:51.909168
RTM1C53,0.27,0.26,0.28,1000000.0,1000000.0,0,0,0,0,0,0,0,0,0,0,31,2026-02-05 13:14:51.909168
RTM1P53,2.15,2.14,2.16,1000000.0,1000000.0,0,0,0,0,0,0,0,0,0,0,31,2026-02-05 13:14:51.909168
RTM1C54,0.13,0.12,0.14,1000000.0,1000000.0,0,0,0,0,0,0,0,0,0,0,31,2026-02-05 13:14:51.909168
RTM1P54,3.01,3.0,3.02,1000000.0,1000000.0,0,0,0,0,0,0,0,0,0,0,31,2026-02-05 13:14:51.909168
RTM,50.89,50.88,50.9,100000000.0,100000000.0,0,0,0,0,0,0,0,0,0,0,32,2026-02-05 13:14:52.987572
RTM1C45,5.9,5.89,5.91,1000000.0,1000000.0,0,0,0,0,0,0,0,0,0,0,32,2026-02-05 13:14:52.987572
RTM1P45,0.02,0.01,0.03,1000000.0,1000000.0,0,0,0,0,0,0,0,0,0,0,32,2026-02-05 13:14:52.987572
RTM1C46,4.9,4.89,4.91,1000000.0,1000000.0,0,0,0,0,0,0,0,0,0,0,32,2026-02-05 13:14:52.987572
RTM1P46,0.02,0.01,0.03,1000000.0,1000000.0,0,0,0,0,0,0,0,0,0,0,32,2026-02-05 13:14:52.987572
RTM1C47,3.92,3.91,3.93,1000000.0,1000000.0,0,0,0,0,0,0,0,0,0,0,32,2026-02-05 13:14:52.987572
RTM1P47,0.03,0.02,0.04,1000000.0,1000000.0,0,0,0,0,0,0,0,0,0,0,32,2026-02-05 13:14:52.987572
RTM1C48,2.99,2.98,3.0,1000000.0,1000000.0,0,0,0,0,0,0,0,0,0,0,32,2026-02-05 13:14:52.987572
RTM1P48,0.1,0.09,0.11,1000000.0,1000000.0,0,0,0,0,0,0,0,0,0,0,32,2026-02-05 13:14:52.987572
RTM1C49,2.18,2.17,2.19,1000000.0,1000000.0,0,0,0,0,0,0,0,0,0,0,32,2026-02-05 13:14:52.987572
RTM1P49,0.28,0.27,0.29,1000000.0,1000000.0,0,0,0,0,0,0,0,0,0,0,32,2026-02-05 13:14:52.987572
RTM1C50,1.45,1.43,1.45,1000000.0,1000000.0,0,0,0,0,0,0,0,0,0,0,32,2026-02-05 13:14:52.987572
RTM1P50,0.54,0.53,0.55,1000000.0,1000000.0,0,0,0,0,0,0,0,0,0,0,32,2026-02-05 13:14:52.987572
RTM1C51,0.92,0.91,0.93,1000000.0,1000000.0,0,0,0,0,0,0,0,0,0,0,32,2026-02-05 13:14:52.987572
RTM1P51,1.02,1.01,1.03,1000000.0,1000000.0,0,0,0,0,0,0,0,0,0,0,32,2026-02-05 13:14:52.987572
RTM1C52,0.47,0.46,0.48,1000000.0,1000000.0,0,0,0,0,0,0,0,0,0,0,32,2026-02-05 13:14:52.987572
RTM1P52,1.58,1.57,1.59,1000000.0,1000000.0,0,0,0,0,0,0,0,0,0,0,32,2026-02-05 13:14:52.987572
RTM1C53,0.27,0.26,0.28,1000000.0,1000000.0,0,0,0,0,0,0,0,0,0,0,32,2026-02-05 13:14:52.987572
RTM1P53,2.38,2.37,2.39,1000000.0,1000000.0,0,0,0,0,0,0,0,0,0,0,32,2026-02-05 13:14:52.987572
RTM1C54,0.1,0.09,0.11,1000000.0,1000000.0,0,0,0,0,0,0,0,0,0,0,32,2026-02-05 13:14:52.987572
RTM1P54,3.21,3.2,3.22,1000000.0,1000000.0,0,0,0,0,0,0,0,0,0,0,32,2026-02-05 13:14:52.987572
RTM,50.84,50.83,50.85,100000000.0,100000000.0,0,0,0,0,0,0,0,0,0,0,33,2026-02-05 13:14:54.055608
RTM1C45,5.85,5.84,5.86,1000000.0,1000000.0,0,0,0,0,0,0,0,0,0,0,33,2026-02-05 13:14:54.055608
RTM1P45,0.02,0.01,0.03,1000000.0,1000000.0,0,0,0,0,0,0,0,0,0,0,33,2026-02-05 13:14:54.055608
RTM1C46,4.85,4.84,4.86,1000000.0,1000000.0,0,0,0,0,0,0,0,0,0,0,33,2026-02-05 13:14:54.055608
RTM1P46,0.02,0.01,0.03,1000000.0,1000000.0,0,0,0,0,0,0,0,0,0,0,33,2026-02-05 13:14:54.055608
RTM1C47,3.88,3.87,3.89,1000000.0,1000000.0,0,0,0,0,0,0,0,0,0,0,33,2026-02-05 13:14:54.055608
RTM1P47,0.04,0.03,0.05,1000000.0,1000000.0,0,0,0,0,0,0,0,0,0,0,33,2026-02-05 13:14:54.055608
RTM1C48,2.97,2.96,2.98,1000000.0,1000000.0,0,0,0,0,0,0,0,0,0,0,33,2026-02-05 13:14:54.055608
RTM1P48,0.12,0.11,0.13,1000000.0,1000000.0,0,0,0,0,0,0,0,0,0,0,33,2026-02-05 13:14:54.055608
RTM1C49,2.14,2.13,2.15,1000000.0,1000000.0,0,0,0,0,0,0,0,0,0,0,33,2026-02-05 13:14:54.055608
RTM1P49,0.29,0.28,0.3,1000000.0,1000000.0,0,0,0,0,0,0,0,0,0,0,33,2026-02-05 13:14:54.055608
RTM1C50,1.44,1.43,1.45,1000000.0,1000000.0,0,0,0,0,0,0,0,0,0,0,33,2026-02-05 13:14:54.055608
RTM1P50,0.6,0.59,0.61,1000000.0,1000000.0,0,0,0,0,0,0,0,0,0,0,33,2026-02-05 13:14:54.055608
RTM1C51,0.83,0.82,0.84,1000000.0,1000000.0,0,0,0,0,0,0,0,0,0,0,33,2026-02-05 13:14:54.055608
RTM1P51,0.99,0.98,1.0,1000000.0,1000000.0,0,0,0,0,0,0,0,0,0,0,33,2026-02-05 13:14:54.055608
RTM1C52,0.48,0.47,0.49,1000000.0,1000000.0,0,0,0,0,0,0,0,0,0,0,33,2026-02-05 13:14:54.055608
RTM1P52,1.64,1.63,1.65,1000000.0,1000000.0,0,0,0,0,0,0,0,0,0,0,33,2026-02-05 13:14:54.055608
RTM1C53,0.26,0.25,0.27,1000000.0,1000000.0,0,0,0,0,0,0,0,0,0,0,33,2026-02-05 13:14:54.055608
RTM1P53,2.41,2.4,2.42,1000000.0,1000000.0,0,0,0,0,0,0,0,0,0,0,33,2026-02-05 13:14:54.055608
RTM1C54,0.12,0.11,0.13,1000000.0,1000000.0,0,0,0,0,0,0,0,0,0,0,33,2026-02-05 13:14:54.055608
RTM1P54,3.28,3.27,3.29,1000000.0,1000000.0,0,0,0,0,0,0,0,0,0,0,33,2026-02-05 13:14:54.055608
RTM,51.07,51.06,51.08,100000000.0,100000000.0,0,0,0,0,0,0,0,0,0,0,34,2026-02-05 13:14:54.642437
RTM1C45,6.07,6.06,6.08,1000000.0,1000000.0,0,0,0,0,0,0,0,0,0,0,34,2026-02-05 13:14:54.642437
RTM1P45,0.02,0.01,0.03,1000000.0,1000000.0,0,0,0,0,0,0,0,0,0,0,34,2026-02-05 13:14:54.642437
RTM1C46,5.08,5.07,5.09,1000000.0,1000000.0,0,0,0,0,0,0,0,0,0,0,34,2026-02-05 13:14:54.642437
RTM1P46,0.02,0.01,0.03,1000000.0,1000000.0,0,0,0,0,0,0,0,0,0,0,34,2026-02-05 13:14:54.642437
RTM1C47,4.1,4.09,4.11,1000000.0,1000000.0,0,0,0,0,0,0,0,0,0,0,34,2026-02-05 13:14:54.642437
RTM1P47,0.03,0.02,0.04,1000000.0,1000000.0,0,0,0,0,0,0,0,0,0,0,34,2026-02-05 13:14:54.642437
RTM1C48,3.18,3.17,3.19,1000000.0,1000000.0,0,0,0,0,0,0,0,0,0,0,34,2026-02-05 13:14:54.642437
RTM1P48,0.11,0.1,0.12,1000000.0,1000000.0,0,0,0,0,0,0,0,0,0,0,34,2026-02-05 13:14:54.642437
RTM1C49,2.32,2.31,2.33,1000000.0,1000000.0,0,0,0,0,0,0,0,0,0,0,34,2026-02-05 13:14:54.642437
RTM1P49,0.24,0.23,0.25,1000000.0,1000000.0,0,0,0,0,0,0,0,0,0,0,34,2026-02-05 13:14:54.642437
RTM1C50,1.55,1.54,1.56,1000000.0,1000000.0,0,0,0,0,0,0,0,0,0,0,34,2026-02-05 13:14:54.642437
RTM1P50,0.48,0.47,0.49,1000000.0,1000000.0,0,0,0,0,0,0,0,0,0,0,34,2026-02-05 13:14:54.642437
RTM1C51,0.94,0.93,0.95,1000000.0,1000000.0,0,0,0,0,0,0,0,0,0,0,34,2026-02-05 13:14:54.642437
RTM1P51,0.87,0.86,0.88,1000000.0,1000000.0,0,0,0,0,0,0,0,0,0,0,34,2026-02-05 13:14:54.642437
RTM1C52,0.56,0.55,0.57,1000000.0,1000000.0,0,0,0,0,0,0,0,0,0,0,34,2026-02-05 13:14:54.642437
RTM1P52,1.49,1.48,1.5,1000000.0,1000000.0,0,0,0,0,0,0,0,0,0,0,34,2026-02-05 13:14:54.642437
RTM1C53,0.3,0.29,0.31,1000000.0,1000000.0,0,0,0,0,0,0,0,0,0,0,34,2026-02-05 13:14:54.642437
RTM1P53,2.22,2.21,2.23,1000000.0,1000000.0,0,0,0,0,0,0,0,0,0,0,34,2026-02-05 13:14:54.642437
RTM1C54,0.13,0.12,0.14,1000000.0,1000000.0,0,0,0,0,0,0,0,0,0,0,34,2026-02-05 13:14:54.642437
RTM1P54,3.06,3.05,3.07,1000000.0,1000000.0,0,0,0,0,0,0,0,0,0,0,34,2026-02-05 13:14:54.642437
RTM,51.02,51.02,51.04,100000000.0,100000000.0,0,0,0,0,0,0,0,0,0,0,35,2026-02-05 13:14:55.737735
RTM1C45,6.03,6.02,6.04,1000000.0,1000000.0,0,0,0,0,0,0,0,0,0,0,35,2026-02-05 13:14:55.737735
RTM1P45,0.02,0.01,0.03,1000000.0,1000000.0,0,0,0,0,0,0,0,0,0,0,35,2026-02-05 13:14:55.737735
RTM1C46,5.04,5.03,5.05,1000000.0,1000000.0,0,0,0,0,0,0,0,0,0,0,35,2026-02-05 13:14:55.737735
RTM1P46,0.02,0.01,0.03,1000000.0,1000000.0,0,0,0,0,0,0,0,0,0,0,35,2026-02-05 13:14:55.737735
RTM1C47,4.07,4.06,4.08,1000000.0,1000000.0,0,0,0,0,0,0,0,0,0,0,35,2026-02-05 13:14:55.737735
RTM1P47,0.04,0.03,0.05,1000000.0,1000000.0,0,0,0,0,0,0,0,0,0,0,35,2026-02-05 13:14:55.737735
RTM1C48,3.13,3.12,3.14,1000000.0,1000000.0,0,0,0,0,0,0,0,0,0,0,35,2026-02-05 13:14:55.737735
RTM1P48,0.1,0.09,0.11,1000000.0,1000000.0,0,0,0,0,0,0,0,0,0,0,35,2026-02-05 13:14:55.737735
RTM1C49,2.3,2.29,2.31,1000000.0,1000000.0,0,0,0,0,0,0,0,0,0,0,35,2026-02-05 13:14:55.737735
RTM1P49,0.27,0.26,0.28,1000000.0,1000000.0,0,0,0,0,0,0,0,0,0,0,35,2026-02-05 13:14:55.737735
RTM1C50,1.54,1.53,1.55,1000000.0,1000000.0,0,0,0,0,0,0,0,0,0,0,35,2026-02-05 13:14:55.737735
RTM1P50,0.51,0.5,0.52,1000000.0,1000000.0,0,0,0,0,0,0,0,0,0,0,35,2026-02-05 13:14:55.737735
RTM1C51,0.96,0.94,0.96,1000000.0,1000000.0,0,0,0,0,0,0,0,0,0,0,35,2026-02-05 13:14:55.737735
RTM1P51,0.93,0.91,0.93,1000000.0,1000000.0,0,0,0,0,0,0,0,0,0,0,35,2026-02-05 13:14:55.737735
RTM1C52,0.56,0.55,0.57,1000000.0,1000000.0,0,0,0,0,0,0,0,0,0,0,35,2026-02-05 13:14:55.737735
RTM1P52,1.53,1.52,1.54,1000000.0,1000000.0,0,0,0,0,0,0,0,0,0,0,35,2026-02-05 13:14:55.737735
RTM1C53,0.27,0.26,0.28,1000000.0,1000000.0,0,0,0,0,0,0,0,0,0,0,35,2026-02-05 13:14:55.737735
RTM1P53,2.25,2.24,2.26,1000000.0,1000000.0,0,0,0,0,0,0,0,0,0,0,35,2026-02-05 13:14:55.737735
RTM1C54,0.13,0.12,0.14,1000000.0,1000000.0,0,0,0,0,0,0,0,0,0,0,35,2026-02-05 13:14:55.737735
RTM1P54,3.1,3.09,3.11,1000000.0,1000000.0,0,0,0,0,0,0,0,0,0,0,35,2026-02-05 13:14:55.737735
RTM,50.99,50.98,51.0,100000000.0,100000000.0,0,0,0,0,0,0,0,0,0,0,36,2026-02-05 13:14:56.803411,3.0,1.0,35.0,,News 1,The analysts have informed you that the realized volatility of RTM next week will be between 27% and 32%
RTM1C45,6.0,5.99,6.01,1000000.0,1000000.0,0,0,0,0,0,0,0,0,0,0,36,2026-02-05 13:14:56.803411,,,,,,
RTM1P45,0.02,0.01,0.03,1000000.0,1000000.0,0,0,0,0,0,0,0,0,0,0,36,2026-02-05 13:14:56.803411,,,,,,
RTM1C46,5.01,5.0,5.02,1000000.0,1000000.0,0,0,0,0,0,0,0,0,0,0,36,2026-02-05 13:14:56.803411,,,,,,
RTM1P46,0.02,0.01,0.03,1000000.0,1000000.0,0,0,0,0,0,0,0,0,0,0,36,2026-02-05 13:14:56.803411,,,,,,
RTM1C47,4.04,4.03,4.05,1000000.0,1000000.0,0,0,0,0,0,0,0,0,0,0,36,2026-02-05 13:14:56.803411,,,,,,
RTM1P47,0.04,0.03,0.05,1000000.0,1000000.0,0,0,0,0,0,0,0,0,0,0,36,2026-02-05 13:14:56.803411,,,,,,
RTM1C48,3.1,3.09,3.11,1000000.0,1000000.0,0,0,0,0,0,0,0,0,0,0,36,2026-02-05 13:14:56.803411,,,,,,
RTM1P48,0.11,0.1,0.12,1000000.0,1000000.0,0,0,0,0,0,0,0,0,0,0,36,2026-02-05 13:14:56.803411,,,,,,
RTM1C49,2.24,2.23,2.25,1000000.0,1000000.0,0,0,0,0,0,0,0,0,0,0,36,2026-02-05 13:14:56.803411,,,,,,
RTM1P49,0.25,0.24,0.26,1000000.0,1000000.0,0,0,0,0,0,0,0,0,0,0,36,2026-02-05 13:14:56.803411,,,,,,
RTM1C50,1.51,1.5,1.52,1000000.0,1000000.0,0,0,0,0,0,0,0,0,0,0,36,2026-02-05 13:14:56.803411,,,,,,
RTM1P50,0.51,0.5,0.52,1000000.0,1000000.0,0,0,0,0,0,0,0,0,0,0,36,2026-02-05 13:14:56.803411,,,,,,
RTM1C51,0.94,0.93,0.95,1000000.0,1000000.0,0,0,0,0,0,0,0,0,0,0,36,2026-02-05 13:14:56.803411,,,,,,
RTM1P51,0.94,0.93,0.95,1000000.0,1000000.0,0,0,0,0,0,0,0,0,0,0,36,2026-02-05 13:14:56.803411,,,,,,
RTM1C52,0.54,0.53,0.55,1000000.0,1000000.0,0,0,0,0,0,0,0,0,0,0,36,2026-02-05 13:14:56.803411,,,,,,
RTM1P52,1.55,1.54,1.56,1000000.0,1000000.0,0,0,0,0,0,0,0,0,0,0,36,2026-02-05 13:14:56.803411,,,,,,
RTM1C53,0.3,0.29,0.31,1000000.0,1000000.0,0,0,0,0,0,0,0,0,0,0,36,2026-02-05 13:14:56.803411,,,,,,
RTM1P53,2.3,2.29,2.31,1000000.0,1000000.0,0,0,0,0,0,0,0,0,0,0,36,2026-02-05 13:14:56.803411,,,,,,
RTM1C54,0.14,0.13,0.15,1000000.0,1000000.0,0,0,0,0,0,0,0,0,0,0,36,2026-02-05 13:14:56.803411,,,,,,
RTM1P54,3.15,3.14,3.16,1000000.0,1000000.0,0,0,0,0,0,0,0,0,0,0,36,2026-02-05 13:14:56.803411,,,,,,
RTM,50.9,50.88,50.9,100000000.0,100000000.0,0,0,0,0,0,0,0,0,0,0,37,2026-02-05 13:14:57.875144
RTM1C45,5.89,5.88,5.9,1000000.0,1000000.0,0,0,0,0,0,0,0,0,0,0,37,2026-02-05 13:14:57.875144
RTM1P45,0.02,0.01,0.03,1000000.0,1000000.0,0,0,0,0,0,0,0,0,0,0,37,2026-02-05 13:14:57.875144
RTM1C46,4.91,4.9,4.92,1000000.0,1000000.0,0,0,0,0,0,0,0,0,0,0,37,2026-02-05 13:14:57.875144
RTM1P46,0.02,0.01,0.03,1000000.0,1000000.0,0,0,0,0,0,0,0,0,0,0,37,2026-02-05 13:14:57.875144
RTM1C47,3.93,3.92,3.94,1000000.0,1000000.0,0,0,0,0,0,0,0,0,0,0,37,2026-02-05 13:14:57.875144
RTM1P47,0.05,0.04,0.06,1000000.0,1000000.0,0,0,0,0,0,0,0,0,0,0,37,2026-02-05 13:14:57.875144
RTM1C48,3.02,3.01,3.03,1000000.0,1000000.0,0,0,0,0,0,0,0,0,0,0,37,2026-02-05 13:14:57.875144
RTM1P48,0.13,0.12,0.14,1000000.0,1000000.0,0,0,0,0,0,0,0,0,0,0,37,2026-02-05 13:14:57.875144
RTM1C49,2.16,2.15,2.17,1000000.0,1000000.0,0,0,0,0,0,0,0,0,0,0,37,2026-02-05 13:14:57.875144
RTM1P49,0.27,0.26,0.28,1000000.0,1000000.0,0,0,0,0,0,0,0,0,0,0,37,2026-02-05 13:14:57.875144
RTM1C50,1.46,1.45,1.47,1000000.0,1000000.0,0,0,0,0,0,0,0,0,0,0,37,2026-02-05 13:14:57.875144
RTM1P50,0.58,0.57,0.59,1000000.0,1000000.0,0,0,0,0,0,0,0,0,0,0,37,2026-02-05 13:14:57.875144
RTM1C51,0.91,0.9,0.92,1000000.0,1000000.0,0,0,0,0,0,0,0,0,0,0,37,2026-02-05 13:14:57.875144
RTM1P51,1.02,1.01,1.03,1000000.0,1000000.0,0,0,0,0,0,0,0,0,0,0,37,2026-02-05 13:14:57.875144
RTM1C52,0.52,0.51,0.53,1000000.0,1000000.0,0,0,0,0,0,0,0,0,0,0,37,2026-02-05 13:14:57.875144
RTM1P52,1.63,1.62,1.64,1000000.0,1000000.0,0,0,0,0,0,0,0,0,0,0,37,2026-02-05 13:14:57.875144
RTM1C53,0.28,0.27,0.29,1000000.0,1000000.0,0,0,0,0,0,0,0,0,0,0,37,2026-02-05 13:14:57.875144
RTM1P53,2.39,2.38,2.4,1000000.0,1000000.0,0,0,0,0,0,0,0,0,0,0,37,2026-02-05 13:14:57.875144
RTM1C54,0.12,0.11,0.13,1000000.0,1000000.0,0,0,0,0,0,0,0,0,0,0,37,2026-02-05 13:14:57.875144
RTM1P54,3.23,3.22,3.24,1000000.0,1000000.0,0,0,0,0,0,0,0,0,0,0,37,2026-02-05 13:14:57.875144
RTM,51.23,51.22,51.24,100000000.0,100000000.0,0,0,0,0,0,0,0,0,0,0,38,2026-02-05 13:14:58.943064
RTM1C45,6.23,6.22,6.24,1000000.0,1000000.0,0,0,0,0,0,0,0,0,0,0,38,2026-02-05 13:14:58.943064
RTM1P45,0.02,0.01,0.03,1000000.0,1000000.0,0,0,0,0,0,0,0,0,0,0,38,2026-02-05 13:14:58.943064
RTM1C46,5.24,5.23,5.25,1000000.0,1000000.0,0,0,0,0,0,0,0,0,0,0,38,2026-02-05 13:14:58.943064
RTM1P46,0.02,0.01,0.03,1000000.0,1000000.0,0,0,0,0,0,0,0,0,0,0,38,2026-02-05 13:14:58.943064
RTM1C47,4.26,4.25,4.27,1000000.0,1000000.0,0,0,0,0,0,0,0,0,0,0,38,2026-02-05 13:14:58.943064
RTM1P47,0.03,0.02,0.04,1000000.0,1000000.0,0,0,0,0,0,0,0,0,0,0,38,2026-02-05 13:14:58.943064
RTM1C48,3.32,3.31,3.33,1000000.0,1000000.0,0,0,0,0,0,0,0,0,0,0,38,2026-02-05 13:14:58.943064
RTM1P48,0.09,0.08,0.1,1000000.0,1000000.0,0,0,0,0,0,0,0,0,0,0,38,2026-02-05 13:14:58.943064
RTM1C49,2.46,2.45,2.47,1000000.0,1000000.0,0,0,0,0,0,0,0,0,0,0,38,2026-02-05 13:14:58.943064
RTM1P49,0.23,0.22,0.24,1000000.0,1000000.0,0,0,0,0,0,0,0,0,0,0,38,2026-02-05 13:14:58.943064
RTM1C50,1.68,1.67,1.69,1000000.0,1000000.0,0,0,0,0,0,0,0,0,0,0,38,2026-02-05 13:14:58.943064
RTM1P50,0.45,0.44,0.46,1000000.0,1000000.0,0,0,0,0,0,0,0,0,0,0,38,2026-02-05 13:14:58.943064
RTM1C51,1.09,1.08,1.1,1000000.0,1000000.0,0,0,0,0,0,0,0,0,0,0,38,2026-02-05 13:14:58.943064
RTM1P51,0.86,0.85,0.87,1000000.0,1000000.0,0,0,0,0,0,0,0,0,0,0,38,2026-02-05 13:14:58.943064
RTM1C52,0.66,0.65,0.67,1000000.0,1000000.0,0,0,0,0,0,0,0,0,0,0,38,2026-02-05 13:14:58.943064
RTM1P52,1.43,1.42,1.44,1000000.0,1000000.0,0,0,0,0,0,0,0,0,0,0,38,2026-02-05 13:14:58.943064
RTM1C53,0.33,0.32,0.34,1000000.0,1000000.0,0,0,0,0,0,0,0,0,0,0,38,2026-02-05 13:14:58.943064
RTM1P53,2.11,2.1,2.12,1000000.0,1000000.0,0,0,0,0,0,0,0,0,0,0,38,2026-02-05 13:14:58.943064
RTM1C54,0.17,0.16,0.18,1000000.0,1000000.0,0,0,0,0,0,0,0,0,0,0,38,2026-02-05 13:14:58.943064
RTM1P54,2.94,2.93,2.95,1000000.0,1000000.0,0,0,0,0,0,0,0,0,0,0,38,2026-02-05 13:14:58.943064
RTM,51.26,51.25,51.27,100000000.0,100000000.0,0,0,0,0,0,0,0,0,0,0,39,2026-02-05 13:15:00.012473
RTM1C45,6.26,6.25,6.27,1000000.0,1000000.0,0,0,0,0,0,0,0,0,0,0,39,2026-02-05 13:15:00.012473
RTM1P45,0.02,0.01,0.03,1000000.0,1000000.0,0,0,0,0,0,0,0,0,0,0,39,2026-02-05 13:15:00.012473
RTM1C46,5.27,5.26,5.28,1000000.0,1000000.0,0,0,0,0,0,0,0,0,0,0,39,2026-02-05 13:15:00.012473
RTM1P46,0.02,0.01,0.03,1000000.0,1000000.0,0,0,0,0,0,0,0,0,0,0,39,2026-02-05 13:15:00.012473
RTM1C47,4.29,4.28,4.3,1000000.0,1000000.0,0,0,0,0,0,0,0,0,0,0,39,2026-02-05 13:15:00.012473
RTM1P47,0.03,0.02,0.04,1000000.0,1000000.0,0,0,0,0,0,0,0,0,0,0,39,2026-02-05 13:15:00.012473
RTM1C48,3.36,3.35,3.37,1000000.0,1000000.0,0,0,0,0,0,0,0,0,0,0,39,2026-02-05 13:15:00.012473
RTM1P48,0.1,0.09,0.11,1000000.0,1000000.0,0,0,0,0,0,0,0,0,0,0,39,2026-02-05 13:15:00.012473
RTM1C49,2.48,2.47,2.49,1000000.0,1000000.0,0,0,0,0,0,0,0,0,0,0,39,2026-02-05 13:15:00.012473
RTM1P49,0.22,0.21,0.23,1000000.0,1000000.0,0,0,0,0,0,0,0,0,0,0,39,2026-02-05 13:15:00.012473
RTM1C50,1.73,1.72,1.74,1000000.0,1000000.0,0,0,0,0,0,0,0,0,0,0,39,2026-02-05 13:15:00.012473
RTM1P50,0.47,0.46,0.48,1000000.0,1000000.0,0,0,0,0,0,0,0,0,0,0,39,2026-02-05 13:15:00.012473
RTM1C51,1.11,1.1,1.12,1000000.0,1000000.0,0,0,0,0,0,0,0,0,0,0,39,2026-02-05 13:15:00.012473
RTM1P51,0.86,0.84,0.86,1000000.0,1000000.0,0,0,0,0,0,0,0,0,0,0,39,2026-02-05 13:15:00.012473
RTM1C52,0.66,0.65,0.67,1000000.0,1000000.0,0,0,0,0,0,0,0,0,0,0,39,2026-02-05 13:15:00.012473
RTM1P52,1.4,1.39,1.41,1000000.0,1000000.0,0,0,0,0,0,0,0,0,0,0,39,2026-02-05 13:15:00.012473
RTM1C53,0.36,0.35,0.37,1000000.0,1000000.0,0,0,0,0,0,0,0,0,0,0,39,2026-02-05 13:15:00.012473
RTM1P53,2.1,2.09,2.11,1000000.0,1000000.0,0,0,0,0,0,0,0,0,0,0,39,2026-02-05 13:15:00.012473
RTM1C54,0.18,0.17,0.19,1000000.0,1000000.0,0,0,0,0,0,0,0,0,0,0,39,2026-02-05 13:15:00.012473
RTM1P54,2.92,2.91,2.93,1000000.0,1000000.0,0,0,0,0,0,0,0,0,0,0,39,2026-02-05 13:15:00.012473
RTM,51.15,51.13,51.15,100000000.0,100000000.0,0,0,0,0,0,0,0,0,0,0,40,2026-02-05 13:15:01.092059
RTM1C45,6.14,6.13,6.15,1000000.0,1000000.0,0,0,0,0,0,0,0,0,0,0,40,2026-02-05 13:15:01.092059
RTM1P45,0.02,0.01,0.03,1000000.0,1000000.0,0,0,0,0,0,0,0,0,0,0,40,2026-02-05 13:15:01.092059
RTM1C46,5.15,5.14,5.16,1000000.0,1000000.0,0,0,0,0,0,0,0,0,0,0,40,2026-02-05 13:15:01.092059
RTM1P46,0.02,0.01,0.03,1000000.0,1000000.0,0,0,0,0,0,0,0,0,0,0,40,2026-02-05 13:15:01.092059
RTM1C47,4.18,4.17,4.19,1000000.0,1000000.0,0,0,0,0,0,0,0,0,0,0,40,2026-02-05 13:15:01.092059
RTM1P47,0.04,0.03,0.05,1000000.0,1000000.0,0,0,0,0,0,0,0,0,0,0,40,2026-02-05 13:15:01.092059
RTM1C48,3.25,3.24,3.26,1000000.0,1000000.0,0,0,0,0,0,0,0,0,0,0,40,2026-02-05 13:15:01.092059
RTM1P48,0.11,0.1,0.12,1000000.0,1000000.0,0,0,0,0,0,0,0,0,0,0,40,2026-02-05 13:15:01.092059
RTM1C49,2.39,2.38,2.4,1000000.0,1000000.0,0,0,0,0,0,0,0,0,0,0,40,2026-02-05 13:15:01.092059
RTM1P49,0.25,0.24,0.26,1000000.0,1000000.0,0,0,0,0,0,0,0,0,0,0,40,2026-02-05 13:15:01.092059
RTM1C50,1.64,1.63,1.65,1000000.0,1000000.0,0,0,0,0,0,0,0,0,0,0,40,2026-02-05 13:15:01.092059
RTM1P50,0.5,0.49,0.51,1000000.0,1000000.0,0,0,0,0,0,0,0,0,0,0,40,2026-02-05 13:15:01.092059
RTM1C51,1.04,1.04,1.06,1000000.0,1000000.0,0,0,0,0,0,0,0,0,0,0,40,2026-02-05 13:15:01.092059
RTM1P51,0.91,0.91,0.93,1000000.0,1000000.0,0,0,0,0,0,0,0,0,0,0,40,2026-02-05 13:15:01.092059
RTM1C52,0.61,0.6,0.62,1000000.0,1000000.0,0,0,0,0,0,0,0,0,0,0,40,2026-02-05 13:15:01.092059
RTM1P52,1.47,1.46,1.48,1000000.0,1000000.0,0,0,0,0,0,0,0,0,0,0,40,2026-02-05 13:15:01.092059
RTM1C53,0.34,0.33,0.35,1000000.0,1000000.0,0,0,0,0,0,0,0,0,0,0,40,2026-02-05 13:15:01.092059
RTM1P53,2.2,2.19,2.21,1000000.0,1000000.0,0,0,0,0,0,0,0,0,0,0,40,2026-02-05 13:15:01.092059
RTM1C54,0.17,0.16,0.18,1000000.0,1000000.0,0,0,0,0,0,0,0,0,0,0,40,2026-02-05 13:15:01.092059
RTM1P54,3.04,3.03,3.05,1000000.0,1000000.0,0,0,0,0,0,0,0,0,0,0,40,2026-02-05 13:15:01.092059
RTM,50.97,50.96,50.98,100000000.0,100000000.0,0,0,0,0,0,0,0,0,0,0,41,2026-02-05 13:15:01.705491
RTM1C45,5.97,5.96,5.98,1000000.0,1000000.0,0,0,0,0,0,0,0,0,0,0,41,2026-02-05 13:15:01.705491
RTM1P45,0.02,0.01,0.03,1000000.0,1000000.0,0,0,0,0,0,0,0,0,0,0,41,2026-02-05 13:15:01.705491
RTM1C46,4.98,4.97,4.99,1000000.0,1000000.0,0,0,0,0,0,0,0,0,0,0,41,2026-02-05 13:15:01.705491
RTM1P46,0.02,0.01,0.03,1000000.0,1000000.0,0,0,0,0,0,0,0,0,0,0,41,2026-02-05 13:15:01.705491
RTM1C47,4.02,4.01,4.03,1000000.0,1000000.0,0,0,0,0,0,0,0,0,0,0,41,2026-02-05 13:15:01.705491
RTM1P47,0.05,0.04,0.06,1000000.0,1000000.0,0,0,0,0,0,0,0,0,0,0,41,2026-02-05 13:15:01.705491
RTM1C48,3.09,3.08,3.1,1000000.0,1000000.0,0,0,0,0,0,0,0,0,0,0,41,2026-02-05 13:15:01.705491
RTM1P48,0.12,0.11,0.13,1000000.0,1000000.0,0,0,0,0,0,0,0,0,0,0,41,2026-02-05 13:15:01.705491
RTM1C49,2.25,2.24,2.26,1000000.0,1000000.0,0,0,0,0,0,0,0,0,0,0,41,2026-02-05 13:15:01.705491
RTM1P49,0.28,0.27,0.29,1000000.0,1000000.0,0,0,0,0,0,0,0,0,0,0,41,2026-02-05 13:15:01.705491
RTM1C50,1.54,1.53,1.55,1000000.0,1000000.0,0,0,0,0,0,0,0,0,0,0,41,2026-02-05 13:15:01.705491
RTM1P50,0.58,0.57,0.59,1000000.0,1000000.0,0,0,0,0,0,0,0,0,0,0,41,2026-02-05 13:15:01.705491
RTM1C51,0.98,0.97,0.99,1000000.0,1000000.0,0,0,0,0,0,0,0,0,0,0,41,2026-02-05 13:15:01.705491
RTM1P51,1.01,1.0,1.02,1000000.0,1000000.0,0,0,0,0,0,0,0,0,0,0,41,2026-02-05 13:15:01.705491
RTM1C52,0.58,0.57,0.59,1000000.0,1000000.0,0,0,0,0,0,0,0,0,0,0,41,2026-02-05 13:15:01.705491
RTM1P52,1.61,1.6,1.62,1000000.0,1000000.0,0,0,0,0,0,0,0,0,0,0,41,2026-02-05 13:15:01.705491
RTM1C53,0.29,0.28,0.3,1000000.0,1000000.0,0,0,0,0,0,0,0,0,0,0,41,2026-02-05 13:15:01.705491
RTM1P53,2.32,2.31,2.33,1000000.0,1000000.0,0,0,0,0,0,0,0,0,0,0,41,2026-02-05 13:15:01.705491
RTM1C54,0.15,0.14,0.16,1000000.0,1000000.0,0,0,0,0,0,0,0,0,0,0,41,2026-02-05 13:15:01.705491
RTM1P54,3.18,3.17,3.19,1000000.0,1000000.0,0,0,0,0,0,0,0,0,0,0,41,2026-02-05 13:15:01.705491
RTM,51.02,51.01,51.03,100000000.0,100000000.0,0,0,0,0,0,0,0,0,0,0,42,2026-02-05 13:15:02.796570
RTM1C45,6.03,6.02,6.04,1000000.0,1000000.0,0,0,0,0,0,0,0,0,0,0,42,2026-02-05 13:15:02.796570
RTM1P45,0.02,0.01,0.03,1000000.0,1000000.0,0,0,0,0,0,0,0,0,0,0,42,2026-02-05 13:15:02.796570
RTM1C46,5.04,5.03,5.05,1000000.0,1000000.0,0,0,0,0,0,0,0,0,0,0,42,2026-02-05 13:15:02.796570
RTM1P46,0.02,0.01,0.03,1000000.0,1000000.0,0,0,0,0,0,0,0,0,0,0,42,2026-02-05 13:15:02.796570
RTM1C47,4.07,4.06,4.08,1000000.0,1000000.0,0,0,0,0,0,0,0,0,0,0,42,2026-02-05 13:15:02.796570
RTM1P47,0.04,0.03,0.05,1000000.0,1000000.0,0,0,0,0,0,0,0,0,0,0,42,2026-02-05 13:15:02.796570
RTM1C48,3.15,3.14,3.16,1000000.0,1000000.0,0,0,0,0,0,0,0,0,0,0,42,2026-02-05 13:15:02.796570
RTM1P48,0.13,0.12,0.14,1000000.0,1000000.0,0,0,0,0,0,0,0,0,0,0,42,2026-02-05 13:15:02.796570
RTM1C49,2.29,2.28,2.3,1000000.0,1000000.0,0,0,0,0,0,0,0,0,0,0,42,2026-02-05 13:15:02.796570
RTM1P49,0.27,0.26,0.28,1000000.0,1000000.0,0,0,0,0,0,0,0,0,0,0,42,2026-02-05 13:15:02.796570
RTM1C50,1.59,1.58,1.6,1000000.0,1000000.0,0,0,0,0,0,0,0,0,0,0,42,2026-02-05 13:15:02.796570
RTM1P50,0.56,0.55,0.57,1000000.0,1000000.0,0,0,0,0,0,0,0,0,0,0,42,2026-02-05 13:15:02.796570
RTM1C51,1.0,0.99,1.01,1000000.0,1000000.0,0,0,0,0,0,0,0,0,0,0,42,2026-02-05 13:15:02.796570
RTM1P51,0.98,0.97,0.99,1000000.0,1000000.0,0,0,0,0,0,0,0,0,0,0,42,2026-02-05 13:15:02.796570
RTM1C52,0.59,0.58,0.6,1000000.0,1000000.0,0,0,0,0,0,0,0,0,0,0,42,2026-02-05 13:15:02.796570
RTM1P52,1.56,1.55,1.57,1000000.0,1000000.0,0,0,0,0,0,0,0,0,0,0,42,2026-02-05 13:15:02.796570
RTM1C53,0.32,0.31,0.33,1000000.0,1000000.0,0,0,0,0,0,0,0,0,0,0,42,2026-02-05 13:15:02.796570
RTM1P53,2.29,2.28,2.3,1000000.0,1000000.0,0,0,0,0,0,0,0,0,0,0,42,2026-02-05 13:15:02.796570
RTM1C54,0.15,0.14,0.16,1000000.0,1000000.0,0,0,0,0,0,0,0,0,0,0,42,2026-02-05 13:15:02.796570
RTM1P54,3.13,3.12,3.14,1000000.0,1000000.0,0,0,0,0,0,0,0,0,0,0,42,2026-02-05 13:15:02.796570
RTM,50.88,50.87,50.89,100000000.0,100000000.0,0,0,0,0,0,0,0,0,0,0,43,2026-02-05 13:15:03.863344
RTM1C45,5.88,5.87,5.89,1000000.0,1000000.0,0,0,0,0,0,0,0,0,0,0,43,2026-02-05 13:15:03.863344
RTM1P45,0.02,0.01,0.03,1000000.0,1000000.0,0,0,0,0,0,0,0,0,0,0,43,2026-02-05 13:15:03.863344
RTM1C46,4.89,4.88,4.9,1000000.0,1000000.0,0,0,0,0,0,0,0,0,0,0,43,2026-02-05 13:15:03.863344
RTM1P46,0.02,0.01,0.03,1000000.0,1000000.0,0,0,0,0,0,0,0,0,0,0,43,2026-02-05 13:15:03.863344
RTM1C47,3.93,3.92,3.94,1000000.0,1000000.0,0,0,0,0,0,0,0,0,0,0,43,2026-02-05 13:15:03.863344
RTM1P47,0.05,0.04,0.06,1000000.0,1000000.0,0,0,0,0,0,0,0,0,0,0,43,2026-02-05 13:15:03.863344
RTM1C48,3.02,3.01,3.03,1000000.0,1000000.0,0,0,0,0,0,0,0,0,0,0,43,2026-02-05 13:15:03.863344
RTM1P48,0.14,0.13,0.15,1000000.0,1000000.0,0,0,0,0,0,0,0,0,0,0,43,2026-02-05 13:15:03.863344
RTM1C49,2.19,2.18,2.2,1000000.0,1000000.0,0,0,0,0,0,0,0,0,0,0,43,2026-02-05 13:15:03.863344
RTM1P49,0.31,0.3,0.32,1000000.0,1000000.0,0,0,0,0,0,0,0,0,0,0,43,2026-02-05 13:15:03.863344
RTM1C50,1.48,1.47,1.49,1000000.0,1000000.0,0,0,0,0,0,0,0,0,0,0,43,2026-02-05 13:15:03.863344
RTM1P50,0.61,0.6,0.62,1000000.0,1000000.0,0,0,0,0,0,0,0,0,0,0,43,2026-02-05 13:15:03.863344
RTM1C51,0.94,0.93,0.95,1000000.0,1000000.0,0,0,0,0,0,0,0,0,0,0,43,2026-02-05 13:15:03.863344
RTM1P51,1.06,1.05,1.07,1000000.0,1000000.0,0,0,0,0,0,0,0,0,0,0,43,2026-02-05 13:15:03.863344
RTM1C52,0.53,0.52,0.54,1000000.0,1000000.0,0,0,0,0,0,0,0,0,0,0,43,2026-02-05 13:15:03.863344
RTM1P52,1.65,1.64,1.66,1000000.0,1000000.0,0,0,0,0,0,0,0,0,0,0,43,2026-02-05 13:15:03.863344
RTM1C53,0.3,0.29,0.31,1000000.0,1000000.0,0,0,0,0,0,0,0,0,0,0,43,2026-02-05 13:15:03.863344
RTM1P53,2.42,2.41,2.43,1000000.0,1000000.0,0,0,0,0,0,0,0,0,0,0,43,2026-02-05 13:15:03.863344
RTM1C54,0.14,0.13,0.15,1000000.0,1000000.0,0,0,0,0,0,0,0,0,0,0,43,2026-02-05 13:15:03.863344
RTM1P54,3.26,3.25,3.27,1000000.0,1000000.0,0,0,0,0,0,0,0,0,0,0,43,2026-02-05 13:15:03.863344
RTM,50.75,50.74,50.76,100000000.0,100000000.0,0,0,0,0,0,0,0,0,0,0,44,2026-02-05 13:15:04.942104
RTM1C45,5.75,5.74,5.76,1000000.0,1000000.0,0,0,0,0,0,0,0,0,0,0,44,2026-02-05 13:15:04.942104
RTM1P45,0.02,0.01,0.03,1000000.0,1000000.0,0,0,0,0,0,0,0,0,0,0,44,2026-02-05 13:15:04.942104
RTM1C46,4.77,4.76,4.78,1000000.0,1000000.0,0,0,0,0,0,0,0,0,0,0,44,2026-02-05 13:15:04.942104
RTM1P46,0.02,0.01,0.03,1000000.0,1000000.0,0,0,0,0,0,0,0,0,0,0,44,2026-02-05 13:15:04.942104
RTM1C47,3.81,3.8,3.82,1000000.0,1000000.0,0,0,0,0,0,0,0,0,0,0,44,2026-02-05 13:15:04.942104
RTM1P47,0.06,0.05,0.07,1000000.0,1000000.0,0,0,0,0,0,0,0,0,0,0,44,2026-02-05 13:15:04.942104
RTM1C48,2.9,2.89,2.91,1000000.0,1000000.0,0,0,0,0,0,0,0,0,0,0,44,2026-02-05 13:15:04.942104
RTM1P48,0.15,0.14,0.16,1000000.0,1000000.0,0,0,0,0,0,0,0,0,0,0,44,2026-02-05 13:15:04.942104
RTM1C49,2.1,2.09,2.11,1000000.0,1000000.0,0,0,0,0,0,0,0,0,0,0,44,2026-02-05 13:15:04.942104
RTM1P49,0.35,0.34,0.36,1000000.0,1000000.0,0,0,0,0,0,0,0,0,0,0,44,2026-02-05 13:15:04.942104
RTM1C50,1.4,1.39,1.41,1000000.0,1000000.0,0,0,0,0,0,0,0,0,0,0,44,2026-02-05 13:15:04.942104
RTM1P50,0.66,0.65,0.67,1000000.0,1000000.0,0,0,0,0,0,0,0,0,0,0,44,2026-02-05 13:15:04.942104
RTM1C51,0.87,0.86,0.88,1000000.0,1000000.0,0,0,0,0,0,0,0,0,0,0,44,2026-02-05 13:15:04.942104
RTM1P51,1.12,1.11,1.13,1000000.0,1000000.0,0,0,0,0,0,0,0,0,0,0,44,2026-02-05 13:15:04.942104
RTM1C52,0.5,0.49,0.51,1000000.0,1000000.0,0,0,0,0,0,0,0,0,0,0,44,2026-02-05 13:15:04.942104
RTM1P52,1.76,1.75,1.77,1000000.0,1000000.0,0,0,0,0,0,0,0,0,0,0,44,2026-02-05 13:15:04.942104
RTM1C53,0.26,0.25,0.27,1000000.0,1000000.0,0,0,0,0,0,0,0,0,0,0,44,2026-02-05 13:15:04.942104
RTM1P53,2.51,2.5,2.52,1000000.0,1000000.0,0,0,0,0,0,0,0,0,0,0,44,2026-02-05 13:15:04.942104
RTM1C54,0.13,0.12,0.14,1000000.0,1000000.0,0,0,0,0,0,0,0,0,0,0,44,2026-02-05 13:15:04.942104
RTM1P54,3.38,3.37,3.39,1000000.0,1000000.0,0,0,0,0,0,0,0,0,0,0,44,2026-02-05 13:15:04.942104
RTM,50.68,50.67,50.69,100000000.0,100000000.0,0,0,0,0,0,0,0,0,0,0,45,2026-02-05 13:15:06.003293
RTM1C45,5.69,5.68,5.7,1000000.0,1000000.0,0,0,0,0,0,0,0,0,0,0,45,2026-02-05 13:15:06.003293
RTM1P45,0.02,0.01,0.03,1000000.0,1000000.0,0,0,0,0,0,0,0,0,0,0,45,2026-02-05 13:15:06.003293
RTM1C46,4.7,4.69,4.71,1000000.0,1000000.0,0,0,0,0,0,0,0,0,0,0,45,2026-02-05 13:15:06.003293
RTM1P46,0.02,0.01,0.03,1000000.0,1000000.0,0,0,0,0,0,0,0,0,0,0,45,2026-02-05 13:15:06.003293
RTM1C47,3.75,3.74,3.76,1000000.0,1000000.0,0,0,0,0,0,0,0,0,0,0,45,2026-02-05 13:15:06.003293
RTM1P47,0.07,0.06,0.08,1000000.0,1000000.0,0,0,0,0,0,0,0,0,0,0,45,2026-02-05 13:15:06.003293
RTM1C48,2.84,2.83,2.85,1000000.0,1000000.0,0,0,0,0,0,0,0,0,0,0,45,2026-02-05 13:15:06.003293
RTM1P48,0.17,0.16,0.18,1000000.0,1000000.0,0,0,0,0,0,0,0,0,0,0,45,2026-02-05 13:15:06.003293
RTM1C49,2.04,2.03,2.05,1000000.0,1000000.0,0,0,0,0,0,0,0,0,0,0,45,2026-02-05 13:15:06.003293
RTM1P49,0.36,0.35,0.37,1000000.0,1000000.0,0,0,0,0,0,0,0,0,0,0,45,2026-02-05 13:15:06.003293
RTM1C50,1.37,1.36,1.38,1000000.0,1000000.0,0,0,0,0,0,0,0,0,0,0,45,2026-02-05 13:15:06.003293
RTM1P50,0.69,0.68,0.7,1000000.0,1000000.0,0,0,0,0,0,0,0,0,0,0,45,2026-02-05 13:15:06.003293
RTM1C51,0.85,0.84,0.86,1000000.0,1000000.0,0,0,0,0,0,0,0,0,0,0,45,2026-02-05 13:15:06.003293
RTM1P51,1.17,1.16,1.18,1000000.0,1000000.0,0,0,0,0,0,0,0,0,0,0,45,2026-02-05 13:15:06.003293
RTM1C52,0.48,0.47,0.49,1000000.0,1000000.0,0,0,0,0,0,0,0,0,0,0,45,2026-02-05 13:15:06.003293
RTM1P52,1.8,1.79,1.81,1000000.0,1000000.0,0,0,0,0,0,0,0,0,0,0,45,2026-02-05 13:15:06.003293
RTM1C53,0.26,0.25,0.27,1000000.0,1000000.0,0,0,0,0,0,0,0,0,0,0,45,2026-02-05 13:15:06.003293
RTM1P53,2.58,2.57,2.59,1000000.0,1000000.0,0,0,0,0,0,0,0,0,0,0,45,2026-02-05 13:15:06.003293
RTM1C54,0.12,0.11,0.13,1000000.0,1000000.0,0,0,0,0,0,0,0,0,0,0,45,2026-02-05 13:15:06.003293
RTM1P54,3.44,3.43,3.45,1000000.0,1000000.0,0,0,0,0,0,0,0,0,0,0,45,2026-02-05 13:15:06.003293
RTM,51.07,51.06,51.08,100000000.0,100000000.0,0,0,0,0,0,0,0,0,0,0,46,2026-02-05 13:15:06.707072
RTM1C45,6.07,6.06,6.08,1000000.0,1000000.0,0,0,0,0,0,0,0,0,0,0,46,2026-02-05 13:15:06.707072
RTM1P45,0.02,0.01,0.03,1000000.0,1000000.0,0,0,0,0,0,0,0,0,0,0,46,2026-02-05 13:15:06.707072
RTM1C46,5.08,5.07,5.09,1000000.0,1000000.0,0,0,0,0,0,0,0,0,0,0,46,2026-02-05 13:15:06.707072
RTM1P46,0.02,0.01,0.03,1000000.0,1000000.0,0,0,0,0,0,0,0,0,0,0,46,2026-02-05 13:15:06.707072
RTM1C47,4.12,4.11,4.13,1000000.0,1000000.0,0,0,0,0,0,0,0,0,0,0,46,2026-02-05 13:15:06.707072
RTM1P47,0.05,0.04,0.06,1000000.0,1000000.0,0,0,0,0,0,0,0,0,0,0,46,2026-02-05 13:15:06.707072
RTM1C48,3.19,3.18,3.2,1000000.0,1000000.0,0,0,0,0,0,0,0,0,0,0,46,2026-02-05 13:15:06.707072
RTM1P48,0.12,0.11,0.13,1000000.0,1000000.0,0,0,0,0,0,0,0,0,0,0,46,2026-02-05 13:15:06.707072
RTM1C49,2.35,2.34,2.36,1000000.0,1000000.0,0,0,0,0,0,0,0,0,0,0,46,2026-02-05 13:15:06.707072
RTM1P49,0.28,0.27,0.29,1000000.0,1000000.0,0,0,0,0,0,0,0,0,0,0,46,2026-02-05 13:15:06.707072
RTM1C50,1.62,1.61,1.63,1000000.0,1000000.0,0,0,0,0,0,0,0,0,0,0,46,2026-02-05 13:15:06.707072
RTM1P50,0.55,0.54,0.56,1000000.0,1000000.0,0,0,0,0,0,0,0,0,0,0,46,2026-02-05 13:15:06.707072
RTM1C51,1.05,1.04,1.06,1000000.0,1000000.0,0,0,0,0,0,0,0,0,0,0,46,2026-02-05 13:15:06.707072
RTM1P51,0.98,0.97,0.99,1000000.0,1000000.0,0,0,0,0,0,0,0,0,0,0,46,2026-02-05 13:15:06.707072
RTM1C52,0.62,0.61,0.63,1000000.0,1000000.0,0,0,0,0,0,0,0,0,0,0,46,2026-02-05 13:15:06.707072
RTM1P52,1.55,1.54,1.56,1000000.0,1000000.0,0,0,0,0,0,0,0,0,0,0,46,2026-02-05 13:15:06.707072
RTM1C53,0.34,0.33,0.35,1000000.0,1000000.0,0,0,0,0,0,0,0,0,0,0,46,2026-02-05 13:15:06.707072
RTM1P53,2.27,2.26,2.28,1000000.0,1000000.0,0,0,0,0,0,0,0,0,0,0,46,2026-02-05 13:15:06.707072
RTM1C54,0.17,0.16,0.18,1000000.0,1000000.0,0,0,0,0,0,0,0,0,0,0,46,2026-02-05 13:15:06.707072
RTM1P54,3.1,3.09,3.11,1000000.0,1000000.0,0,0,0,0,0,0,0,0,0,0,46,2026-02-05 13:15:06.707072
RTM,50.74,50.74,50.76,100000000.0,100000000.0,0,0,0,0,0,0,0,0,0,0,47,2026-02-05 13:15:07.772537
RTM1C45,5.75,5.74,5.76,1000000.0,1000000.0,0,0,0,0,0,0,0,0,0,0,47,2026-02-05 13:15:07.772537
RTM1P45,0.02,0.01,0.03,1000000.0,1000000.0,0,0,0,0,0,0,0,0,0,0,47,2026-02-05 13:15:07.772537
RTM1C46,4.77,4.76,4.78,1000000.0,1000000.0,0,0,0,0,0,0,0,0,0,0,47,2026-02-05 13:15:07.772537
RTM1P46,0.02,0.01,0.03,1000000.0,1000000.0,0,0,0,0,0,0,0,0,0,0,47,2026-02-05 13:15:07.772537
RTM1C47,3.81,3.8,3.82,1000000.0,1000000.0,0,0,0,0,0,0,0,0,0,0,47,2026-02-05 13:15:07.772537
RTM1P47,0.06,0.05,0.07,1000000.0,1000000.0,0,0,0,0,0,0,0,0,0,0,47,2026-02-05 13:15:07.772537
RTM1C48,2.91,2.9,2.92,1000000.0,1000000.0,0,0,0,0,0,0,0,0,0,0,47,2026-02-05 13:15:07.772537
RTM1P48,0.16,0.15,0.17,1000000.0,1000000.0,0,0,0,0,0,0,0,0,0,0,47,2026-02-05 13:15:07.772537
RTM1C49,2.1,2.09,2.11,1000000.0,1000000.0,0,0,0,0,0,0,0,0,0,0,47,2026-02-05 13:15:07.772537
RTM1P49,0.35,0.34,0.36,1000000.0,1000000.0,0,0,0,0,0,0,0,0,0,0,47,2026-02-05 13:15:07.772537
RTM1C50,1.42,1.41,1.43,1000000.0,1000000.0,0,0,0,0,0,0,0,0,0,0,47,2026-02-05 13:15:07.772537
RTM1P50,0.67,0.66,0.68,1000000.0,1000000.0,0,0,0,0,0,0,0,0,0,0,47,2026-02-05 13:15:07.772537
RTM1C51,0.88,0.87,0.89,1000000.0,1000000.0,0,0,0,0,0,0,0,0,0,0,47,2026-02-05 13:15:07.772537
RTM1P51,1.14,1.13,1.15,1000000.0,1000000.0,0,0,0,0,0,0,0,0,0,0,47,2026-02-05 13:15:07.772537
RTM1C52,0.52,0.51,0.53,1000000.0,1000000.0,0,0,0,0,0,0,0,0,0,0,47,2026-02-05 13:15:07.772537
RTM1P52,1.77,1.76,1.78,1000000.0,1000000.0,0,0,0,0,0,0,0,0,0,0,47,2026-02-05 13:15:07.772537
RTM1C53,0.27,0.26,0.28,1000000.0,1000000.0,0,0,0,0,0,0,0,0,0,0,47,2026-02-05 13:15:07.772537
RTM1P53,2.52,2.51,2.53,1000000.0,1000000.0,0,0,0,0,0,0,0,0,0,0,47,2026-02-05 13:15:07.772537
RTM1C54,0.13,0.12,0.14,1000000.0,1000000.0,0,0,0,0,0,0,0,0,0,0,47,2026-02-05 13:15:07.772537
RTM1P54,3.38,3.37,3.39,1000000.0,1000000.0,0,0,0,0,0,0,0,0,0,0,47,2026-02-05 13:15:07.772537
RTM,50.74,50.72,50.74,100000000.0,100000000.0,0,0,0,0,0,0,0,0,0,0,48,2026-02-05 13:15:08.831888
RTM1C45,5.74,5.73,5.75,1000000.0,1000000.0,0,0,0,0,0,0,0,0,0,0,48,2026-02-05 13:15:08.831888
RTM1P45,0.02,0.01,0.03,1000000.0,1000000.0,0,0,0,0,0,0,0,0,0,0,48,2026-02-05 13:15:08.831888
RTM1C46,4.75,4.74,4.76,1000000.0,1000000.0,0,0,0,0,0,0,0,0,0,0,48,2026-02-05 13:15:08.831888
RTM1P46,0.02,0.01,0.03,1000000.0,1000000.0,0,0,0,0,0,0,0,0,0,0,48,2026-02-05 13:15:08.831888
RTM1C47,3.8,3.79,3.81,1000000.0,1000000.0,0,0,0,0,0,0,0,0,0,0,48,2026-02-05 13:15:08.831888
RTM1P47,0.07,0.06,0.08,1000000.0,1000000.0,0,0,0,0,0,0,0,0,0,0,48,2026-02-05 13:15:08.831888
RTM1C48,2.9,2.89,2.91,1000000.0,1000000.0,0,0,0,0,0,0,0,0,0,0,48,2026-02-05 13:15:08.831888
RTM1P48,0.17,0.16,0.18,1000000.0,1000000.0,0,0,0,0,0,0,0,0,0,0,48,2026-02-05 13:15:08.831888
RTM1C49,2.09,2.08,2.1,1000000.0,1000000.0,0,0,0,0,0,0,0,0,0,0,48,2026-02-05 13:15:08.831888
RTM1P49,0.35,0.34,0.36,1000000.0,1000000.0,0,0,0,0,0,0,0,0,0,0,48,2026-02-05 13:15:08.831888
RTM1C50,1.4,1.39,1.41,1000000.0,1000000.0,0,0,0,0,0,0,0,0,0,0,48,2026-02-05 13:15:08.831888
RTM1P50,0.67,0.66,0.68,1000000.0,1000000.0,0,0,0,0,0,0,0,0,0,0,48,2026-02-05 13:15:08.831888
RTM1C51,0.89,0.88,0.9,1000000.0,1000000.0,0,0,0,0,0,0,0,0,0,0,48,2026-02-05 13:15:08.831888
RTM1P51,1.15,1.14,1.16,1000000.0,1000000.0,0,0,0,0,0,0,0,0,0,0,48,2026-02-05 13:15:08.831888
RTM1C52,0.49,0.48,0.5,1000000.0,1000000.0,0,0,0,0,0,0,0,0,0,0,48,2026-02-05 13:15:08.831888
RTM1P52,1.75,1.74,1.76,1000000.0,1000000.0,0,0,0,0,0,0,0,0,0,0,48,2026-02-05 13:15:08.831888
RTM1C53,0.26,0.25,0.27,1000000.0,1000000.0,0,0,0,0,0,0,0,0,0,0,48,2026-02-05 13:15:08.831888
RTM1P53,2.53,2.52,2.54,1000000.0,1000000.0,0,0,0,0,0,0,0,0,0,0,48,2026-02-05 13:15:08.831888
RTM1C54,0.13,0.12,0.14,1000000.0,1000000.0,0,0,0,0,0,0,0,0,0,0,48,2026-02-05 13:15:08.831888
RTM1P54,3.4,3.39,3.41,1000000.0,1000000.0,0,0,0,0,0,0,0,0,0,0,48,2026-02-05 13:15:08.831888
RTM,50.76,50.74,50.76,100000000.0,100000000.0,0,0,0,0,0,0,0,0,0,0,49,2026-02-05 13:15:09.906904
RTM1C45,5.76,5.75,5.77,1000000.0,1000000.0,0,0,0,0,0,0,0,0,0,0,49,2026-02-05 13:15:09.906904
RTM1P45,0.02,0.01,0.03,1000000.0,1000000.0,0,0,0,0,0,0,0,0,0,0,49,2026-02-05 13:15:09.906904
RTM1C46,4.77,4.76,4.78,1000000.0,1000000.0,0,0,0,0,0,0,0,0,0,0,49,2026-02-05 13:15:09.906904
RTM1P46,0.02,0.01,0.03,1000000.0,1000000.0,0,0,0,0,0,0,0,0,0,0,49,2026-02-05 13:15:09.906904
RTM1C47,3.82,3.81,3.83,1000000.0,1000000.0,0,0,0,0,0,0,0,0,0,0,49,2026-02-05 13:15:09.906904
RTM1P47,0.07,0.06,0.08,1000000.0,1000000.0,0,0,0,0,0,0,0,0,0,0,49,2026-02-05 13:15:09.906904
RTM1C48,2.9,2.89,2.91,1000000.0,1000000.0,0,0,0,0,0,0,0,0,0,0,49,2026-02-05 13:15:09.906904
RTM1P48,0.15,0.14,0.16,1000000.0,1000000.0,0,0,0,0,0,0,0,0,0,0,49,2026-02-05 13:15:09.906904
RTM1C49,2.12,2.11,2.13,1000000.0,1000000.0,0,0,0,0,0,0,0,0,0,0,49,2026-02-05 13:15:09.906904
RTM1P49,0.37,0.36,0.38,1000000.0,1000000.0,0,0,0,0,0,0,0,0,0,0,49,2026-02-05 13:15:09.906904
RTM1C50,1.43,1.42,1.44,1000000.0,1000000.0,0,0,0,0,0,0,0,0,0,0,49,2026-02-05 13:15:09.906904
RTM1P50,0.68,0.67,0.69,1000000.0,1000000.0,0,0,0,0,0,0,0,0,0,0,49,2026-02-05 13:15:09.906904
RTM1C51,0.9,0.89,0.91,1000000.0,1000000.0,0,0,0,0,0,0,0,0,0,0,49,2026-02-05 13:15:09.906904
RTM1P51,1.15,1.14,1.16,1000000.0,1000000.0,0,0,0,0,0,0,0,0,0,0,49,2026-02-05 13:15:09.906904
RTM1C52,0.51,0.5,0.52,1000000.0,1000000.0,0,0,0,0,0,0,0,0,0,0,49,2026-02-05 13:15:09.906904
RTM1P52,1.76,1.75,1.77,1000000.0,1000000.0,0,0,0,0,0,0,0,0,0,0,49,2026-02-05 13:15:09.906904
RTM1C53,0.28,0.27,0.29,1000000.0,1000000.0,0,0,0,0,0,0,0,0,0,0,49,2026-02-05 13:15:09.906904
RTM1P53,2.52,2.51,2.53,1000000.0,1000000.0,0,0,0,0,0,0,0,0,0,0,49,2026-02-05 13:15:09.906904
RTM1C54,0.12,0.11,0.13,1000000.0,1000000.0,0,0,0,0,0,0,0,0,0,0,49,2026-02-05 13:15:09.906904
RTM1P54,3.37,3.36,3.38,1000000.0,1000000.0,0,0,0,0,0,0,0,0,0,0,49,2026-02-05 13:15:09.906904
RTM,50.56,50.55,50.57,100000000.0,100000000.0,0,0,0,0,0,0,0,0,0,0,50,2026-02-05 13:15:10.960970
RTM1C45,5.57,5.56,5.58,1000000.0,1000000.0,0,0,0,0,0,0,0,0,0,0,50,2026-02-05 13:15:10.960970
RTM1P45,0.02,0.01,0.03,1000000.0,1000000.0,0,0,0,0,0,0,0,0,0,0,50,2026-02-05 13:15:10.960970
RTM1C46,4.59,4.58,4.6,1000000.0,1000000.0,0,0,0,0,0,0,0,0,0,0,50,2026-02-05 13:15:10.960970
RTM1P46,0.03,0.02,0.04,1000000.0,1000000.0,0,0,0,0,0,0,0,0,0,0,50,2026-02-05 13:15:10.960970
RTM1C47,3.64,3.63,3.65,1000000.0,1000000.0,0,0,0,0,0,0,0,0,0,0,50,2026-02-05 13:15:10.960970
RTM1P47,0.07,0.06,0.08,1000000.0,1000000.0,0,0,0,0,0,0,0,0,0,0,50,2026-02-05 13:15:10.960970
RTM1C48,2.76,2.75,2.77,1000000.0,1000000.0,0,0,0,0,0,0,0,0,0,0,50,2026-02-05 13:15:10.960970
RTM1P48,0.2,0.19,0.21,1000000.0,1000000.0,0,0,0,0,0,0,0,0,0,0,50,2026-02-05 13:15:10.960970
RTM1C49,1.96,1.95,1.97,1000000.0,1000000.0,0,0,0,0,0,0,0,0,0,0,50,2026-02-05 13:15:10.960970
RTM1P49,0.39,0.38,0.4,1000000.0,1000000.0,0,0,0,0,0,0,0,0,0,0,50,2026-02-05 13:15:10.960970
RTM1C50,1.33,1.32,1.34,1000000.0,1000000.0,0,0,0,0,0,0,0,0,0,0,50,2026-02-05 13:15:10.960970
RTM1P50,0.76,0.75,0.77,1000000.0,1000000.0,0,0,0,0,0,0,0,0,0,0,50,2026-02-05 13:15:10.960970
RTM1C51,0.79,0.78,0.8,1000000.0,1000000.0,0,0,0,0,0,0,0,0,0,0,50,2026-02-05 13:15:10.960970
RTM1P51,1.22,1.21,1.23,1000000.0,1000000.0,0,0,0,0,0,0,0,0,0,0,50,2026-02-05 13:15:10.960970
RTM1C52,0.47,0.46,0.48,1000000.0,1000000.0,0,0,0,0,0,0,0,0,0,0,50,2026-02-05 13:15:10.960970
RTM1P52,1.91,1.9,1.92,1000000.0,1000000.0,0,0,0,0,0,0,0,0,0,0,50,2026-02-05 13:15:10.960970
RTM1C53,0.24,0.23,0.25,1000000.0,1000000.0,0,0,0,0,0,0,0,0,0,0,50,2026-02-05 13:15:10.960970
RTM1P53,2.67,2.66,2.68,1000000.0,1000000.0,0,0,0,0,0,0,0,0,0,0,50,2026-02-05 13:15:10.960970
RTM1C54,0.11,0.1,0.12,1000000.0,1000000.0,0,0,0,0,0,0,0,0,0,0,50,2026-02-05 13:15:10.960970
RTM1P54,3.54,3.53,3.55,1000000.0,1000000.0,0,0,0,0,0,0,0,0,0,0,50,2026-02-05 13:15:10.960970
RTM,50.35,50.34,50.36,100000000.0,100000000.0,0,0,0,0,0,0,0,0,0,0,51,2026-02-05 13:15:12.018476
