ticker,last_price,bid_price,ask_price,BUY_ANON,SELL_ANON,SELL_COLB-2,BUY_COLB-2,tick,timestamp,news_news_id,news_period,news_tick,news_ticker,news_headline,news_body
RTM,50.0,0.0,0.0,100000000.0,100000000.0,0,0,1,2026-02-03 00:07:47.355275,2.0,1.0,1.0,Week 1,Delta limit and penalty,The delta limit for this sub-heat is 15000 and the penalty percentage is 3%
RTM1C45,5.21,0.0,0.0,1000000.0,1000000.0,0,0,1,2026-02-03 00:07:47.355275,1.0,1.0,1.0,Week 1,Risk free rate and current annualized volatility of RTM,The current risk free rate is 0%. RTM is an ETF that mimics one of the major indices in the simulated world and its current annualized realized volatility is 24%. This simulation consists of 20 trading days that are each 15 ticks in length.
RTM1P45,0.21,0.0,0.0,1000000.0,1000000.0,0,0,1,2026-02-03 00:07:47.355275,,,,,,
RTM1C46,4.36,0.0,0.0,1000000.0,1000000.0,0,0,1,2026-02-03 00:07:47.355275,,,,,,
RTM1P46,0.36,0.0,0.0,1000000.0,1000000.0,0,0,1,2026-02-03 00:07:47.355275,,,,,,
RTM1C47,3.57,0.0,0.0,1000000.0,1000000.0,0,0,1,2026-02-03 00:07:47.355275,,,,,,
RTM1P47,0.57,0.0,0.0,1000000.0,1000000.0,0,0,1,2026-02-03 00:07:47.355275,,,,,,
RTM1C48,2.86,0.0,0.0,1000000.0,1000000.0,0,0,1,2026-02-03 00:07:47.355275,,,,,,
RTM1P48,0.86,0.0,0.0,1000000.0,1000000.0,0,0,1,2026-02-03 00:07:47.355275,,,,,,
RTM1C49,2.39,0.0,0.0,1000000.0,1000000.0,0,0,1,2026-02-03 00:07:47.355275,,,,,,
RTM1P49,1.39,0.0,0.0,1000000.0,1000000.0,0,0,1,2026-02-03 00:07:47.355275,,,,,,
RTM1C50,1.87,0.0,0.0,1000000.0,1000000.0,0,0,1,2026-02-03 00:07:47.355275,,,,,,
RTM1P50,1.87,0.0,0.0,1000000.0,1000000.0,0,0,1,2026-02-03 00:07:47.355275,,,,,,
RTM1C51,1.26,0.0,0.0,1000000.0,1000000.0,0,0,1,2026-02-03 00:07:47.355275,,,,,,
RTM1P51,2.26,0.0,0.0,1000000.0,1000000.0,0,0,1,2026-02-03 00:07:47.355275,,,,,,
RTM1C52,1.1,0.0,0.0,1000000.0,1000000.0,0,0,1,2026-02-03 00:07:47.355275,,,,,,
RTM1P52,3.1,0.0,0.0,1000000.0,1000000.0,0,0,1,2026-02-03 00:07:47.355275,,,,,,
RTM1C53,0.65,0.0,0.0,1000000.0,1000000.0,0,0,1,2026-02-03 00:07:47.355275,,,,,,
RTM1P53,3.65,0.0,0.0,1000000.0,1000000.0,0,0,1,2026-02-03 00:07:47.355275,,,,,,
RTM1C54,0.44,0.0,0.0,1000000.0,1000000.0,0,0,1,2026-02-03 00:07:47.355275,,,,,,
RTM1P54,4.44,0.0,0.0,1000000.0,1000000.0,0,0,1,2026-02-03 00:07:47.355275,,,,,,
RTM,50.13,50.11,50.13,100000000.0,100000000.0,0,0,2,2026-02-03 00:07:48.476919
RTM1C45,5.37,5.35,5.37,1000000.0,1000000.0,0,0,2,2026-02-03 00:07:48.476919
RTM1P45,0.23,0.22,0.24,1000000.0,1000000.0,0,0,2,2026-02-03 00:07:48.476919
RTM1C46,4.43,4.42,4.44,1000000.0,1000000.0,0,0,2,2026-02-03 00:07:48.476919
RTM1P46,0.3,0.29,0.31,1000000.0,1000000.0,0,0,2,2026-02-03 00:07:48.476919
RTM1C47,3.63,3.62,3.64,1000000.0,1000000.0,0,0,2,2026-02-03 00:07:48.476919
RTM1P47,0.51,0.5,0.52,1000000.0,1000000.0,0,0,2,2026-02-03 00:07:48.476919
RTM1C48,2.93,2.92,2.94,1000000.0,1000000.0,0,0,2,2026-02-03 00:07:48.476919
RTM1P48,0.8,0.79,0.81,1000000.0,1000000.0,0,0,2,2026-02-03 00:07:48.476919
RTM1C49,2.34,2.33,2.35,1000000.0,1000000.0,0,0,2,2026-02-03 00:07:48.476919
RTM1P49,1.22,1.21,1.23,1000000.0,1000000.0,0,0,2,2026-02-03 00:07:48.476919
RTM1C50,1.87,1.87,1.89,1000000.0,1000000.0,0,0,2,2026-02-03 00:07:48.476919
RTM1P50,1.76,1.75,1.77,1000000.0,1000000.0,0,0,2,2026-02-03 00:07:48.476919
RTM1C51,1.47,1.46,1.48,1000000.0,1000000.0,0,0,2,2026-02-03 00:07:48.476919
RTM1P51,2.35,2.34,2.36,1000000.0,1000000.0,0,0,2,2026-02-03 00:07:48.476919
RTM1C52,1.12,1.11,1.13,1000000.0,1000000.0,0,0,2,2026-02-03 00:07:48.476919
RTM1P52,2.99,2.98,3.0,1000000.0,1000000.0,0,0,2,2026-02-03 00:07:48.476919
RTM1C53,0.73,0.72,0.74,1000000.0,1000000.0,0,0,2,2026-02-03 00:07:48.476919
RTM1P53,3.61,3.6,3.62,1000000.0,1000000.0,0,0,2,2026-02-03 00:07:48.476919
RTM1C54,0.53,0.52,0.54,1000000.0,1000000.0,0,0,2,2026-02-03 00:07:48.476919
RTM1P54,4.41,4.4,4.42,1000000.0,1000000.0,0,0,2,2026-02-03 00:07:48.476919
RTM,49.94,49.92,49.94,100000000.0,100000000.0,0,0,3,2026-02-03 00:07:49.534553
RTM1C45,5.22,5.21,5.23,1000000.0,1000000.0,0,0,3,2026-02-03 00:07:49.534553
RTM1P45,0.29,0.28,0.3,1000000.0,1000000.0,0,0,3,2026-02-03 00:07:49.534553
RTM1C46,4.28,4.27,4.29,1000000.0,1000000.0,0,0,3,2026-02-03 00:07:49.534553
RTM1P46,0.34,0.33,0.35,1000000.0,1000000.0,0,0,3,2026-02-03 00:07:49.534553
RTM1C47,3.61,3.6,3.62,1000000.0,1000000.0,0,0,3,2026-02-03 00:07:49.534553
RTM1P47,0.67,0.66,0.68,1000000.0,1000000.0,0,0,3,2026-02-03 00:07:49.534553
RTM1C48,2.86,2.85,2.87,1000000.0,1000000.0,0,0,3,2026-02-03 00:07:49.534553
RTM1P48,0.92,0.91,0.93,1000000.0,1000000.0,0,0,3,2026-02-03 00:07:49.534553
RTM1C49,2.35,2.34,2.36,1000000.0,1000000.0,0,0,3,2026-02-03 00:07:49.534553
RTM1P49,1.41,1.4,1.42,1000000.0,1000000.0,0,0,3,2026-02-03 00:07:49.534553
RTM1C50,1.7,1.69,1.71,1000000.0,1000000.0,0,0,3,2026-02-03 00:07:49.534553
RTM1P50,1.76,1.75,1.77,1000000.0,1000000.0,0,0,3,2026-02-03 00:07:49.534553
RTM1C51,1.23,1.22,1.24,1000000.0,1000000.0,0,0,3,2026-02-03 00:07:49.534553
RTM1P51,2.29,2.28,2.3,1000000.0,1000000.0,0,0,3,2026-02-03 00:07:49.534553
RTM1C52,0.96,0.95,0.97,1000000.0,1000000.0,0,0,3,2026-02-03 00:07:49.534553
RTM1P52,3.02,3.01,3.03,1000000.0,1000000.0,0,0,3,2026-02-03 00:07:49.534553
RTM1C53,0.79,0.78,0.8,1000000.0,1000000.0,0,0,3,2026-02-03 00:07:49.534553
RTM1P53,3.86,3.85,3.87,1000000.0,1000000.0,0,0,3,2026-02-03 00:07:49.534553
RTM1C54,0.48,0.47,0.49,1000000.0,1000000.0,0,0,3,2026-02-03 00:07:49.534553
RTM1P54,4.55,4.54,4.56,1000000.0,1000000.0,0,0,3,2026-02-03 00:07:49.534553
RTM,50.13,50.12,50.14,100000000.0,100000000.0,0,0,4,2026-02-03 00:07:50.602924
RTM1C45,5.33,5.32,5.34,1000000.0,1000000.0,0,0,4,2026-02-03 00:07:50.602924
RTM1P45,0.21,0.2,0.22,1000000.0,1000000.0,0,0,4,2026-02-03 00:07:50.602924
RTM1C46,4.43,4.42,4.44,1000000.0,1000000.0,0,0,4,2026-02-03 00:07:50.602924
RTM1P46,0.3,0.29,0.31,1000000.0,1000000.0,0,0,4,2026-02-03 00:07:50.602924
RTM1C47,3.78,3.77,3.79,1000000.0,1000000.0,0,0,4,2026-02-03 00:07:50.602924
RTM1P47,0.65,0.64,0.66,1000000.0,1000000.0,0,0,4,2026-02-03 00:07:50.602924
RTM1C48,3.05,3.04,3.06,1000000.0,1000000.0,0,0,4,2026-02-03 00:07:50.602924
RTM1P48,0.93,0.92,0.94,1000000.0,1000000.0,0,0,4,2026-02-03 00:07:50.602924
RTM1C49,2.25,2.24,2.26,1000000.0,1000000.0,0,0,4,2026-02-03 00:07:50.602924
RTM1P49,1.13,1.12,1.14,1000000.0,1000000.0,0,0,4,2026-02-03 00:07:50.602924
RTM1C50,1.96,1.95,1.97,1000000.0,1000000.0,0,0,4,2026-02-03 00:07:50.602924
RTM1P50,1.83,1.82,1.84,1000000.0,1000000.0,0,0,4,2026-02-03 00:07:50.602924
RTM1C51,1.46,1.45,1.47,1000000.0,1000000.0,0,0,4,2026-02-03 00:07:50.602924
RTM1P51,2.33,2.32,2.34,1000000.0,1000000.0,0,0,4,2026-02-03 00:07:50.602924
RTM1C52,0.89,0.88,0.9,1000000.0,1000000.0,0,0,4,2026-02-03 00:07:50.602924
RTM1P52,2.77,2.76,2.78,1000000.0,1000000.0,0,0,4,2026-02-03 00:07:50.602924
RTM1C53,0.76,0.75,0.77,1000000.0,1000000.0,0,0,4,2026-02-03 00:07:50.602924
RTM1P53,3.64,3.63,3.65,1000000.0,1000000.0,0,0,4,2026-02-03 00:07:50.602924
RTM1C54,0.44,0.43,0.45,1000000.0,1000000.0,0,0,4,2026-02-03 00:07:50.602924
RTM1P54,4.31,4.3,4.32,1000000.0,1000000.0,0,0,4,2026-02-03 00:07:50.602924
RTM,49.83,49.83,49.85,100000000.0,100000000.0,0,0,5,2026-02-03 00:07:51.668284
RTM1C45,5.11,5.1,5.12,1000000.0,1000000.0,0,0,5,2026-02-03 00:07:51.668284
RTM1P45,0.27,0.26,0.28,1000000.0,1000000.0,0,0,5,2026-02-03 00:07:51.668284
RTM1C46,4.23,4.22,4.24,1000000.0,1000000.0,0,0,5,2026-02-03 00:07:51.668284
RTM1P46,0.39,0.38,0.4,1000000.0,1000000.0,0,0,5,2026-02-03 00:07:51.668284
RTM1C47,3.4,3.39,3.41,1000000.0,1000000.0,0,0,5,2026-02-03 00:07:51.668284
RTM1P47,0.56,0.55,0.57,1000000.0,1000000.0,0,0,5,2026-02-03 00:07:51.668284
RTM1C48,2.73,2.72,2.74,1000000.0,1000000.0,0,0,5,2026-02-03 00:07:51.668284
RTM1P48,0.89,0.88,0.9,1000000.0,1000000.0,0,0,5,2026-02-03 00:07:51.668284
RTM1C49,2.31,2.3,2.32,1000000.0,1000000.0,0,0,5,2026-02-03 00:07:51.668284
RTM1P49,1.47,1.46,1.48,1000000.0,1000000.0,0,0,5,2026-02-03 00:07:51.668284
RTM1C50,1.58,1.56,1.58,1000000.0,1000000.0,0,0,5,2026-02-03 00:07:51.668284
RTM1P50,1.74,1.72,1.74,1000000.0,1000000.0,0,0,5,2026-02-03 00:07:51.668284
RTM1C51,1.2,1.19,1.21,1000000.0,1000000.0,0,0,5,2026-02-03 00:07:51.668284
RTM1P51,2.36,2.35,2.37,1000000.0,1000000.0,0,0,5,2026-02-03 00:07:51.668284
RTM1C52,0.91,0.91,0.93,1000000.0,1000000.0,0,0,5,2026-02-03 00:07:51.668284
RTM1P52,3.08,3.07,3.09,1000000.0,1000000.0,0,0,5,2026-02-03 00:07:51.668284
RTM1C53,0.58,0.57,0.59,1000000.0,1000000.0,0,0,5,2026-02-03 00:07:51.668284
RTM1P53,3.74,3.73,3.75,1000000.0,1000000.0,0,0,5,2026-02-03 00:07:51.668284
RTM1C54,0.46,0.45,0.47,1000000.0,1000000.0,0,0,5,2026-02-03 00:07:51.668284
RTM1P54,4.63,4.62,4.64,1000000.0,1000000.0,0,0,5,2026-02-03 00:07:51.668284
RTM,49.91,49.9,49.92,100000000.0,100000000.0,,0,6,2026-02-03 00:07:52.234848
RTM1C45,5.12,5.11,5.13,1000000.0,1000000.0,,0,6,2026-02-03 00:07:52.234848
RTM1P45,0.22,0.21,0.23,1000000.0,1000000.0,,0,6,2026-02-03 00:07:52.234848
RTM1C46,4.28,4.27,4.29,1000000.0,1000000.0,,0,6,2026-02-03 00:07:52.234848
RTM1P46,0.37,0.36,0.38,1000000.0,1000000.0,,0,6,2026-02-03 00:07:52.234848
RTM1C47,3.53,3.52,3.54,1000000.0,1000000.0,,0,6,2026-02-03 00:07:52.234848
RTM1P47,0.62,0.61,0.63,1000000.0,1000000.0,,0,6,2026-02-03 00:07:52.234848
RTM1C48,2.79,2.78,2.8,1000000.0,1000000.0,,0,6,2026-02-03 00:07:52.234848
RTM1P48,0.89,0.88,0.9,1000000.0,1000000.0,,0,6,2026-02-03 00:07:52.234848
RTM1C49,2.11,2.1,2.12,1000000.0,1000000.0,,0,6,2026-02-03 00:07:52.234848
RTM1P49,1.2,1.19,1.21,1000000.0,1000000.0,,0,6,2026-02-03 00:07:52.234848
RTM1C50,1.73,1.72,1.74,1000000.0,1000000.0,,0,6,2026-02-03 00:07:52.234848
RTM1P50,1.83,1.82,1.84,1000000.0,1000000.0,,0,6,2026-02-03 00:07:52.234848
RTM1C51,1.28,1.27,1.29,1000000.0,1000000.0,,0,6,2026-02-03 00:07:52.234848
RTM1P51,2.37,2.36,2.38,1000000.0,1000000.0,41.0,0,6,2026-02-03 00:07:52.234848
RTM1C52,1.03,1.02,1.04,1000000.0,1000000.0,,0,6,2026-02-03 00:07:52.234848
RTM1P52,3.12,3.11,3.13,1000000.0,1000000.0,,0,6,2026-02-03 00:07:52.234848
RTM1C53,0.74,0.73,0.75,1000000.0,1000000.0,,0,6,2026-02-03 00:07:52.234848
RTM1P53,3.83,3.82,3.84,1000000.0,1000000.0,,0,6,2026-02-03 00:07:52.234848
RTM1C54,0.44,0.43,0.45,1000000.0,1000000.0,,0,6,2026-02-03 00:07:52.234848
RTM1P54,4.53,4.52,4.54,1000000.0,1000000.0,,0,6,2026-02-03 00:07:52.234848
RTM,49.95,49.94,49.96,100000000.0,100000000.0,0,0,7,2026-02-03 00:07:53.302904
RTM1C45,5.24,5.23,5.25,1000000.0,1000000.0,0,0,7,2026-02-03 00:07:53.302904
RTM1P45,0.29,0.28,0.3,1000000.0,1000000.0,0,0,7,2026-02-03 00:07:53.302904
RTM1C46,4.41,4.4,4.42,1000000.0,1000000.0,0,0,7,2026-02-03 00:07:53.302904
RTM1P46,0.45,0.44,0.46,1000000.0,1000000.0,0,0,7,2026-02-03 00:07:53.302904
RTM1C47,3.55,3.54,3.56,1000000.0,1000000.0,0,0,7,2026-02-03 00:07:53.302904
RTM1P47,0.59,0.58,0.6,1000000.0,1000000.0,0,0,7,2026-02-03 00:07:53.302904
RTM1C48,2.8,2.79,2.81,1000000.0,1000000.0,0,0,7,2026-02-03 00:07:53.302904
RTM1P48,0.84,0.83,0.85,1000000.0,1000000.0,0,0,7,2026-02-03 00:07:53.302904
RTM1C49,2.22,2.21,2.23,1000000.0,1000000.0,0,0,7,2026-02-03 00:07:53.302904
RTM1P49,1.27,1.26,1.28,1000000.0,1000000.0,0,0,7,2026-02-03 00:07:53.302904
RTM1C50,1.6,1.59,1.61,1000000.0,1000000.0,0,0,7,2026-02-03 00:07:53.302904
RTM1P50,1.66,1.64,1.66,1000000.0,1000000.0,0,0,7,2026-02-03 00:07:53.302904
RTM1C51,1.28,1.26,1.28,1000000.0,1000000.0,0,0,7,2026-02-03 00:07:53.302904
RTM1P51,2.31,2.3,2.32,1000000.0,1000000.0,0,0,7,2026-02-03 00:07:53.302904
RTM1C52,0.98,0.97,0.99,1000000.0,1000000.0,0,0,7,2026-02-03 00:07:53.302904
RTM1P52,3.02,3.01,3.03,1000000.0,1000000.0,0,0,7,2026-02-03 00:07:53.302904
RTM1C53,0.63,0.62,0.64,1000000.0,1000000.0,0,0,7,2026-02-03 00:07:53.302904
RTM1P53,3.68,3.67,3.69,1000000.0,1000000.0,0,0,7,2026-02-03 00:07:53.302904
RTM1C54,0.42,0.41,0.43,1000000.0,1000000.0,0,0,7,2026-02-03 00:07:53.302904
RTM1P54,4.47,4.46,4.48,1000000.0,1000000.0,0,0,7,2026-02-03 00:07:53.302904
RTM,49.44,49.43,49.45,100000000.0,100000000.0,4767.0,0,8,2026-02-03 00:07:54.422401
RTM1C45,4.68,4.67,4.69,1000000.0,1000000.0,,0,8,2026-02-03 00:07:54.422401
RTM1P45,0.24,0.23,0.25,1000000.0,1000000.0,,0,8,2026-02-03 00:07:54.422401
RTM1C46,3.87,3.86,3.88,1000000.0,1000000.0,,0,8,2026-02-03 00:07:54.422401
RTM1P46,0.43,0.42,0.44,1000000.0,1000000.0,,0,8,2026-02-03 00:07:54.422401
RTM1C47,3.25,3.24,3.26,1000000.0,1000000.0,,0,8,2026-02-03 00:07:54.422401
RTM1P47,0.81,0.8,0.82,1000000.0,1000000.0,,0,8,2026-02-03 00:07:54.422401
RTM1C48,2.58,2.57,2.59,1000000.0,1000000.0,,0,8,2026-02-03 00:07:54.422401
RTM1P48,1.14,1.13,1.15,1000000.0,1000000.0,,0,8,2026-02-03 00:07:54.422401
RTM1C49,1.86,1.85,1.87,1000000.0,1000000.0,,0,8,2026-02-03 00:07:54.422401
RTM1P49,1.42,1.41,1.43,1000000.0,1000000.0,,0,8,2026-02-03 00:07:54.422401
RTM1C50,1.45,1.44,1.46,1000000.0,1000000.0,,0,8,2026-02-03 00:07:54.422401
RTM1P50,2.01,2.0,2.02,1000000.0,1000000.0,,0,8,2026-02-03 00:07:54.422401
RTM1C51,1.12,1.11,1.13,1000000.0,1000000.0,,0,8,2026-02-03 00:07:54.422401
RTM1P51,2.68,2.67,2.69,1000000.0,1000000.0,,0,8,2026-02-03 00:07:54.422401
RTM1C52,0.68,0.66,0.68,1000000.0,1000000.0,,0,8,2026-02-03 00:07:54.422401
RTM1P52,3.23,3.22,3.24,1000000.0,1000000.0,,0,8,2026-02-03 00:07:54.422401
RTM1C53,0.55,0.54,0.56,1000000.0,1000000.0,,0,8,2026-02-03 00:07:54.422401
RTM1P53,4.11,4.1,4.12,1000000.0,1000000.0,,0,8,2026-02-03 00:07:54.422401
RTM1C54,0.35,0.34,0.36,1000000.0,1000000.0,,0,8,2026-02-03 00:07:54.422401
RTM1P54,4.91,4.9,4.92,1000000.0,1000000.0,,0,8,2026-02-03 00:07:54.422401
RTM,49.65,49.64,49.66,100000000.0,6568.0,100000000.0,,9,2026-02-03 00:07:55.486012
RTM1C45,4.92,4.91,4.93,1000000.0,,1000000.0,,9,2026-02-03 00:07:55.486012
RTM1P45,0.28,0.27,0.29,1000000.0,,1000000.0,,9,2026-02-03 00:07:55.486012
RTM1C46,4.08,4.07,4.09,1000000.0,,1000000.0,,9,2026-02-03 00:07:55.486012
RTM1P46,0.43,0.42,0.44,1000000.0,,1000000.0,,9,2026-02-03 00:07:55.486012
RTM1C47,3.22,3.21,3.23,1000000.0,,1000000.0,,9,2026-02-03 00:07:55.486012
RTM1P47,0.58,0.57,0.59,1000000.0,,1000000.0,,9,2026-02-03 00:07:55.486012
RTM1C48,2.54,2.53,2.55,1000000.0,,1000000.0,47.0,9,2026-02-03 00:07:55.486012
RTM1P48,0.9,0.89,0.91,1000000.0,,1000000.0,,9,2026-02-03 00:07:55.486012
RTM1C49,1.99,1.98,2.0,1000000.0,50.0,1000000.0,,9,2026-02-03 00:07:55.486012
RTM1P49,1.34,1.33,1.35,1000000.0,,1000000.0,,9,2026-02-03 00:07:55.486012
RTM1C50,1.42,1.41,1.43,1000000.0,,1000000.0,,9,2026-02-03 00:07:55.486012
RTM1P50,1.78,1.77,1.79,1000000.0,,1000000.0,,9,2026-02-03 00:07:55.486012
RTM1C51,1.18,1.17,1.19,1000000.0,,1000000.0,,9,2026-02-03 00:07:55.486012
RTM1P51,2.53,2.52,2.54,1000000.0,,1000000.0,,9,2026-02-03 00:07:55.486012
RTM1C52,0.81,0.8,0.82,1000000.0,,1000000.0,,9,2026-02-03 00:07:55.486012
RTM1P52,3.16,3.15,3.17,1000000.0,,1000000.0,,9,2026-02-03 00:07:55.486012
RTM1C53,0.53,0.52,0.54,1000000.0,,1000000.0,,9,2026-02-03 00:07:55.486012
RTM1P53,3.88,3.87,3.89,1000000.0,,1000000.0,,9,2026-02-03 00:07:55.486012
RTM1C54,0.36,0.35,0.37,1000000.0,,1000000.0,,9,2026-02-03 00:07:55.486012
RTM1P54,4.71,4.7,4.72,1000000.0,,1000000.0,,9,2026-02-03 00:07:55.486012
RTM,49.58,49.57,49.59,100000000.0,6568.0,100000000.0,0,10,2026-02-03 00:07:56.540606
RTM1C45,4.82,4.81,4.83,1000000.0,,1000000.0,0,10,2026-02-03 00:07:56.540606
RTM1P45,0.24,0.23,0.25,1000000.0,,1000000.0,0,10,2026-02-03 00:07:56.540606
RTM1C46,3.97,3.96,3.98,1000000.0,,1000000.0,0,10,2026-02-03 00:07:56.540606
RTM1P46,0.39,0.38,0.4,1000000.0,,1000000.0,0,10,2026-02-03 00:07:56.540606
RTM1C47,3.24,3.23,3.25,1000000.0,,1000000.0,0,10,2026-02-03 00:07:56.540606
RTM1P47,0.66,0.65,0.67,1000000.0,,1000000.0,0,10,2026-02-03 00:07:56.540606
RTM1C48,2.47,2.46,2.48,1000000.0,,1000000.0,0,10,2026-02-03 00:07:56.540606
RTM1P48,0.89,0.88,0.9,1000000.0,,1000000.0,0,10,2026-02-03 00:07:56.540606
RTM1C49,1.93,1.92,1.94,1000000.0,50.0,1000000.0,0,10,2026-02-03 00:07:56.540606
RTM1P49,1.35,1.34,1.36,1000000.0,,1000000.0,0,10,2026-02-03 00:07:56.540606
RTM1C50,1.42,1.41,1.43,1000000.0,,1000000.0,0,10,2026-02-03 00:07:56.540606
RTM1P50,1.84,1.83,1.85,1000000.0,,1000000.0,0,10,2026-02-03 00:07:56.540606
RTM1C51,1.15,1.14,1.16,1000000.0,,1000000.0,0,10,2026-02-03 00:07:56.540606
RTM1P51,2.57,2.56,2.58,1000000.0,,1000000.0,0,10,2026-02-03 00:07:56.540606
RTM1C52,0.82,0.81,0.83,1000000.0,,1000000.0,0,10,2026-02-03 00:07:56.540606
RTM1P52,3.24,3.23,3.25,1000000.0,,1000000.0,0,10,2026-02-03 00:07:56.540606
RTM1C53,0.56,0.55,0.57,1000000.0,,1000000.0,0,10,2026-02-03 00:07:56.540606
RTM1P53,3.98,3.97,3.99,1000000.0,,1000000.0,0,10,2026-02-03 00:07:56.540606
RTM1C54,0.42,0.41,0.43,1000000.0,,1000000.0,0,10,2026-02-03 00:07:56.540606
RTM1P54,4.84,4.83,4.85,1000000.0,,1000000.0,0,10,2026-02-03 00:07:56.540606
RTM,49.62,49.61,49.63,100000000.0,100000000.0,,0,11,2026-02-03 00:07:57.290529
RTM1C45,4.84,4.83,4.85,1000000.0,1000000.0,,0,11,2026-02-03 00:07:57.290529
RTM1P45,0.22,0.21,0.23,1000000.0,1000000.0,,0,11,2026-02-03 00:07:57.290529
RTM1C46,3.99,3.98,4.0,1000000.0,1000000.0,,0,11,2026-02-03 00:07:57.290529
RTM1P46,0.37,0.36,0.38,1000000.0,1000000.0,,0,11,2026-02-03 00:07:57.290529
RTM1C47,3.2,3.19,3.21,1000000.0,1000000.0,,0,11,2026-02-03 00:07:57.290529
RTM1P47,0.57,0.56,0.58,1000000.0,1000000.0,,0,11,2026-02-03 00:07:57.290529
RTM1C48,2.58,2.57,2.59,1000000.0,1000000.0,,0,11,2026-02-03 00:07:57.290529
RTM1P48,0.95,0.94,0.96,1000000.0,1000000.0,,0,11,2026-02-03 00:07:57.290529
RTM1C49,2.0,1.99,2.01,1000000.0,1000000.0,,0,11,2026-02-03 00:07:57.290529
RTM1P49,1.37,1.36,1.38,1000000.0,1000000.0,,0,11,2026-02-03 00:07:57.290529
RTM1C50,1.49,1.48,1.5,1000000.0,1000000.0,,0,11,2026-02-03 00:07:57.290529
RTM1P50,1.87,1.86,1.88,1000000.0,1000000.0,50.0,0,11,2026-02-03 00:07:57.290529
RTM1C51,1.2,1.19,1.21,1000000.0,1000000.0,,0,11,2026-02-03 00:07:57.290529
RTM1P51,2.57,2.56,2.58,1000000.0,1000000.0,,0,11,2026-02-03 00:07:57.290529
RTM1C52,0.77,0.76,0.78,1000000.0,1000000.0,,0,11,2026-02-03 00:07:57.290529
RTM1P52,3.15,3.14,3.16,1000000.0,1000000.0,,0,11,2026-02-03 00:07:57.290529
RTM1C53,0.49,0.48,0.5,1000000.0,1000000.0,,0,11,2026-02-03 00:07:57.290529
RTM1P53,3.87,3.86,3.88,1000000.0,1000000.0,,0,11,2026-02-03 00:07:57.290529
RTM1C54,0.32,0.31,0.33,1000000.0,1000000.0,,0,11,2026-02-03 00:07:57.290529
RTM1P54,4.69,4.68,4.7,1000000.0,1000000.0,,0,11,2026-02-03 00:07:57.290529
RTM,49.82,49.81,49.83,100000000.0,100000000.0,,0,12,2026-02-03 00:07:58.344144
RTM1C45,5.07,5.06,5.08,1000000.0,1000000.0,,0,12,2026-02-03 00:07:58.344144
RTM1P45,0.24,0.23,0.25,1000000.0,1000000.0,,0,12,2026-02-03 00:07:58.344144
RTM1C46,4.21,4.2,4.22,1000000.0,1000000.0,,0,12,2026-02-03 00:07:58.344144
RTM1P46,0.38,0.37,0.39,1000000.0,1000000.0,,0,12,2026-02-03 00:07:58.344144
RTM1C47,3.42,3.41,3.43,1000000.0,1000000.0,,0,12,2026-02-03 00:07:58.344144
RTM1P47,0.6,0.59,0.61,1000000.0,1000000.0,,0,12,2026-02-03 00:07:58.344144
RTM1C48,2.81,2.8,2.82,1000000.0,1000000.0,,0,12,2026-02-03 00:07:58.344144
RTM1P48,0.98,0.97,0.99,1000000.0,1000000.0,,0,12,2026-02-03 00:07:58.344144
RTM1C49,2.08,2.07,2.09,1000000.0,1000000.0,,0,12,2026-02-03 00:07:58.344144
RTM1P49,1.26,1.25,1.27,1000000.0,1000000.0,,0,12,2026-02-03 00:07:58.344144
RTM1C50,1.56,1.55,1.57,1000000.0,1000000.0,19.0,0,12,2026-02-03 00:07:58.344144
RTM1P50,1.73,1.72,1.74,1000000.0,1000000.0,,0,12,2026-02-03 00:07:58.344144
RTM1C51,1.24,1.23,1.25,1000000.0,1000000.0,,0,12,2026-02-03 00:07:58.344144
RTM1P51,2.41,2.4,2.42,1000000.0,1000000.0,,0,12,2026-02-03 00:07:58.344144
RTM1C52,0.8,0.79,0.81,1000000.0,1000000.0,,0,12,2026-02-03 00:07:58.344144
RTM1P52,2.97,2.96,2.98,1000000.0,1000000.0,,0,12,2026-02-03 00:07:58.344144
RTM1C53,0.64,0.63,0.65,1000000.0,1000000.0,,0,12,2026-02-03 00:07:58.344144
RTM1P53,3.81,3.8,3.82,1000000.0,1000000.0,,0,12,2026-02-03 00:07:58.344144
RTM1C54,0.38,0.37,0.39,1000000.0,1000000.0,,0,12,2026-02-03 00:07:58.344144
RTM1P54,4.56,4.55,4.57,1000000.0,1000000.0,,0,12,2026-02-03 00:07:58.344144
RTM,49.59,49.58,49.6,100000000.0,100000000.0,0,0,13,2026-02-03 00:07:59.446535
RTM1C45,4.81,4.8,4.82,1000000.0,1000000.0,0,0,13,2026-02-03 00:07:59.446535
RTM1P45,0.22,0.21,0.23,1000000.0,1000000.0,0,0,13,2026-02-03 00:07:59.446535
RTM1C46,4.02,4.01,4.03,1000000.0,1000000.0,0,0,13,2026-02-03 00:07:59.446535
RTM1P46,0.43,0.42,0.44,1000000.0,1000000.0,0,0,13,2026-02-03 00:07:59.446535
RTM1C47,3.26,3.25,3.27,1000000.0,1000000.0,0,0,13,2026-02-03 00:07:59.446535
RTM1P47,0.67,0.66,0.68,1000000.0,1000000.0,0,0,13,2026-02-03 00:07:59.446535
RTM1C48,2.56,2.55,2.57,1000000.0,1000000.0,0,0,13,2026-02-03 00:07:59.446535
RTM1P48,0.97,0.96,0.98,1000000.0,1000000.0,0,0,13,2026-02-03 00:07:59.446535
RTM1C49,1.99,1.98,2.0,1000000.0,1000000.0,0,0,13,2026-02-03 00:07:59.446535
RTM1P49,1.4,1.39,1.41,1000000.0,1000000.0,0,0,13,2026-02-03 00:07:59.446535
RTM1C50,1.37,1.36,1.38,1000000.0,1000000.0,0,0,13,2026-02-03 00:07:59.446535
RTM1P50,1.78,1.77,1.79,1000000.0,1000000.0,0,0,13,2026-02-03 00:07:59.446535
RTM1C51,1.16,1.15,1.17,1000000.0,1000000.0,0,0,13,2026-02-03 00:07:59.446535
RTM1P51,2.56,2.55,2.57,1000000.0,1000000.0,0,0,13,2026-02-03 00:07:59.446535
RTM1C52,0.78,0.77,0.79,1000000.0,1000000.0,0,0,13,2026-02-03 00:07:59.446535
RTM1P52,3.19,3.18,3.2,1000000.0,1000000.0,0,0,13,2026-02-03 00:07:59.446535
RTM1C53,0.5,0.49,0.51,1000000.0,1000000.0,0,0,13,2026-02-03 00:07:59.446535
RTM1P53,3.91,3.9,3.92,1000000.0,1000000.0,0,0,13,2026-02-03 00:07:59.446535
RTM1C54,0.36,0.35,0.37,1000000.0,1000000.0,0,0,13,2026-02-03 00:07:59.446535
RTM1P54,4.76,4.75,4.77,1000000.0,1000000.0,0,0,13,2026-02-03 00:07:59.446535
RTM,49.61,49.6,49.62,100000000.0,100000000.0,0,0,14,2026-02-03 00:08:00.537447
RTM1C45,4.84,4.83,4.85,1000000.0,1000000.0,0,0,14,2026-02-03 00:08:00.537447
RTM1P45,0.23,0.22,0.24,1000000.0,1000000.0,0,0,14,2026-02-03 00:08:00.537447
RTM1C46,4.05,4.04,4.06,1000000.0,1000000.0,0,0,14,2026-02-03 00:08:00.537447
RTM1P46,0.44,0.43,0.45,1000000.0,1000000.0,0,0,14,2026-02-03 00:08:00.537447
RTM1C47,3.3,3.29,3.31,1000000.0,1000000.0,0,0,14,2026-02-03 00:08:00.537447
RTM1P47,0.7,0.69,0.71,1000000.0,1000000.0,0,0,14,2026-02-03 00:08:00.537447
RTM1C48,2.46,2.45,2.47,1000000.0,1000000.0,0,0,14,2026-02-03 00:08:00.537447
RTM1P48,0.86,0.85,0.87,1000000.0,1000000.0,0,0,14,2026-02-03 00:08:00.537447
RTM1C49,1.91,1.9,1.92,1000000.0,1000000.0,0,0,14,2026-02-03 00:08:00.537447
RTM1P49,1.3,1.29,1.31,1000000.0,1000000.0,0,0,14,2026-02-03 00:08:00.537447
RTM1C50,1.47,1.46,1.48,1000000.0,1000000.0,0,0,14,2026-02-03 00:08:00.537447
RTM1P50,1.86,1.85,1.87,1000000.0,1000000.0,0,0,14,2026-02-03 00:08:00.537447
RTM1C51,1.05,1.04,1.06,1000000.0,1000000.0,0,0,14,2026-02-03 00:08:00.537447
RTM1P51,2.44,2.43,2.45,1000000.0,1000000.0,0,0,14,2026-02-03 00:08:00.537447
RTM1C52,0.67,0.66,0.68,1000000.0,1000000.0,0,0,14,2026-02-03 00:08:00.537447
RTM1P52,3.07,3.06,3.08,1000000.0,1000000.0,0,0,14,2026-02-03 00:08:00.537447
RTM1C53,0.59,0.58,0.6,1000000.0,1000000.0,0,0,14,2026-02-03 00:08:00.537447
RTM1P53,3.98,3.97,3.99,1000000.0,1000000.0,0,0,14,2026-02-03 00:08:00.537447
RTM1C54,0.35,0.34,0.36,1000000.0,1000000.0,0,0,14,2026-02-03 00:08:00.537447
RTM1P54,4.75,4.74,4.76,1000000.0,1000000.0,0,0,14,2026-02-03 00:08:00.537447
RTM,49.74,49.73,49.75,100000000.0,100000000.0,0,0,15,2026-02-03 00:08:01.629537
RTM1C45,4.93,4.92,4.94,1000000.0,1000000.0,0,0,15,2026-02-03 00:08:01.629537
RTM1P45,0.2,0.19,0.21,1000000.0,1000000.0,0,0,15,2026-02-03 00:08:01.629537
RTM1C46,4.05,4.04,4.06,1000000.0,1000000.0,0,0,15,2026-02-03 00:08:01.629537
RTM1P46,0.32,0.31,0.33,1000000.0,1000000.0,0,0,15,2026-02-03 00:08:01.629537
RTM1C47,3.25,3.24,3.26,1000000.0,1000000.0,0,0,15,2026-02-03 00:08:01.629537
RTM1P47,0.52,0.51,0.53,1000000.0,1000000.0,0,0,15,2026-02-03 00:08:01.629537
RTM1C48,2.73,2.72,2.74,1000000.0,1000000.0,0,0,15,2026-02-03 00:08:01.629537
RTM1P48,0.99,0.98,1.0,1000000.0,1000000.0,0,0,15,2026-02-03 00:08:01.629537
RTM1C49,1.94,1.93,1.95,1000000.0,1000000.0,0,0,15,2026-02-03 00:08:01.629537
RTM1P49,1.2,1.19,1.21,1000000.0,1000000.0,0,0,15,2026-02-03 00:08:01.629537
RTM1C50,1.64,1.63,1.65,1000000.0,1000000.0,0,0,15,2026-02-03 00:08:01.629537
RTM1P50,1.9,1.89,1.91,1000000.0,1000000.0,0,0,15,2026-02-03 00:08:01.629537
RTM1C51,1.2,1.19,1.21,1000000.0,1000000.0,0,0,15,2026-02-03 00:08:01.629537
RTM1P51,2.47,2.46,2.48,1000000.0,1000000.0,0,0,15,2026-02-03 00:08:01.629537
RTM1C52,0.86,0.85,0.87,1000000.0,1000000.0,0,0,15,2026-02-03 00:08:01.629537
RTM1P52,3.13,3.12,3.14,1000000.0,1000000.0,0,0,15,2026-02-03 00:08:01.629537
RTM1C53,0.59,0.58,0.6,1000000.0,1000000.0,0,0,15,2026-02-03 00:08:01.629537
RTM1P53,3.85,3.84,3.86,1000000.0,1000000.0,0,0,15,2026-02-03 00:08:01.629537
RTM1C54,0.32,0.31,0.33,1000000.0,1000000.0,0,0,15,2026-02-03 00:08:01.629537
RTM1P54,4.58,4.57,4.59,1000000.0,1000000.0,0,0,15,2026-02-03 00:08:01.629537
RTM,49.76,49.75,49.77,100000000.0,100000000.0,0,0,16,2026-02-03 00:08:02.715030
RTM1C45,5.01,5.0,5.02,1000000.0,1000000.0,0,0,16,2026-02-03 00:08:02.715030
RTM1P45,0.25,0.24,0.26,1000000.0,1000000.0,0,0,16,2026-02-03 00:08:02.715030
RTM1C46,4.14,4.13,4.15,1000000.0,1000000.0,0,0,16,2026-02-03 00:08:02.715030
RTM1P46,0.37,0.36,0.38,1000000.0,1000000.0,0,0,16,2026-02-03 00:08:02.715030
RTM1C47,3.3,3.29,3.31,1000000.0,1000000.0,0,0,16,2026-02-03 00:08:02.715030
RTM1P47,0.54,0.53,0.55,1000000.0,1000000.0,0,0,16,2026-02-03 00:08:02.715030
RTM1C48,2.68,2.67,2.69,1000000.0,1000000.0,0,0,16,2026-02-03 00:08:02.715030
RTM1P48,0.92,0.91,0.93,1000000.0,1000000.0,0,0,16,2026-02-03 00:08:02.715030
RTM1C49,1.99,1.98,2.0,1000000.0,1000000.0,0,0,16,2026-02-03 00:08:02.715030
RTM1P49,1.22,1.21,1.23,1000000.0,1000000.0,0,0,16,2026-02-03 00:08:02.715030
RTM1C50,1.54,1.53,1.55,1000000.0,1000000.0,0,0,16,2026-02-03 00:08:02.715030
RTM1P50,1.77,1.76,1.78,1000000.0,1000000.0,0,0,16,2026-02-03 00:08:02.715030
RTM1C51,1.15,1.14,1.16,1000000.0,1000000.0,0,0,16,2026-02-03 00:08:02.715030
RTM1P51,2.38,2.37,2.39,1000000.0,1000000.0,0,0,16,2026-02-03 00:08:02.715030
RTM1C52,0.88,0.87,0.89,1000000.0,1000000.0,0,0,16,2026-02-03 00:08:02.715030
RTM1P52,3.12,3.11,3.13,1000000.0,1000000.0,0,0,16,2026-02-03 00:08:02.715030
RTM1C53,0.52,0.51,0.53,1000000.0,1000000.0,0,0,16,2026-02-03 00:08:02.715030
RTM1P53,3.76,3.75,3.77,1000000.0,1000000.0,0,0,16,2026-02-03 00:08:02.715030
RTM1C54,0.42,0.41,0.43,1000000.0,1000000.0,0,0,16,2026-02-03 00:08:02.715030
RTM1P54,4.65,4.64,4.66,1000000.0,1000000.0,0,0,16,2026-02-03 00:08:02.715030
RTM,49.82,49.81,49.83,100000000.0,100000000.0,0,0,17,2026-02-03 00:08:03.271274
RTM1C45,5.0,4.99,5.01,1000000.0,1000000.0,0,0,17,2026-02-03 00:08:03.271274
RTM1P45,0.18,0.17,0.19,1000000.0,1000000.0,0,0,17,2026-02-03 00:08:03.271274
RTM1C46,4.13,4.12,4.14,1000000.0,1000000.0,0,0,17,2026-02-03 00:08:03.271274
RTM1P46,0.3,0.29,0.31,1000000.0,1000000.0,0,0,17,2026-02-03 00:08:03.271274
RTM1C47,3.36,3.35,3.37,1000000.0,1000000.0,0,0,17,2026-02-03 00:08:03.271274
RTM1P47,0.54,0.53,0.55,1000000.0,1000000.0,0,0,17,2026-02-03 00:08:03.271274
RTM1C48,2.73,2.72,2.74,1000000.0,1000000.0,0,0,17,2026-02-03 00:08:03.271274
RTM1P48,0.91,0.9,0.92,1000000.0,1000000.0,0,0,17,2026-02-03 00:08:03.271274
RTM1C49,2.1,2.09,2.11,1000000.0,1000000.0,0,0,17,2026-02-03 00:08:03.271274
RTM1P49,1.28,1.27,1.29,1000000.0,1000000.0,0,0,17,2026-02-03 00:08:03.271274
RTM1C50,1.57,1.56,1.58,1000000.0,1000000.0,0,0,17,2026-02-03 00:08:03.271274
RTM1P50,1.75,1.74,1.76,1000000.0,1000000.0,0,0,17,2026-02-03 00:08:03.271274
RTM1C51,1.24,1.23,1.25,1000000.0,1000000.0,0,0,17,2026-02-03 00:08:03.271274
RTM1P51,2.42,2.41,2.43,1000000.0,1000000.0,0,0,17,2026-02-03 00:08:03.271274
RTM1C52,0.83,0.82,0.84,1000000.0,1000000.0,0,0,17,2026-02-03 00:08:03.271274
RTM1P52,3.01,3.0,3.02,1000000.0,1000000.0,0,0,17,2026-02-03 00:08:03.271274
RTM1C53,0.58,0.57,0.59,1000000.0,1000000.0,0,0,17,2026-02-03 00:08:03.271274
RTM1P53,3.75,3.74,3.76,1000000.0,1000000.0,0,0,17,2026-02-03 00:08:03.271274
RTM1C54,0.39,0.38,0.4,1000000.0,1000000.0,0,0,17,2026-02-03 00:08:03.271274
RTM1P54,4.57,4.56,4.58,1000000.0,1000000.0,0,0,17,2026-02-03 00:08:03.271274
RTM,49.9,49.89,49.91,100000000.0,100000000.0,0,0,18,2026-02-03 00:08:04.335666
RTM1C45,5.14,5.13,5.15,1000000.0,1000000.0,0,0,18,2026-02-03 00:08:04.335666
RTM1P45,0.24,0.23,0.25,1000000.0,1000000.0,0,0,18,2026-02-03 00:08:04.335666
RTM1C46,4.24,4.23,4.25,1000000.0,1000000.0,0,0,18,2026-02-03 00:08:04.335666
RTM1P46,0.33,0.32,0.34,1000000.0,1000000.0,0,0,18,2026-02-03 00:08:04.335666
RTM1C47,3.38,3.37,3.39,1000000.0,1000000.0,0,0,18,2026-02-03 00:08:04.335666
RTM1P47,0.48,0.47,0.49,1000000.0,1000000.0,0,0,18,2026-02-03 00:08:04.335666
RTM1C48,2.69,2.68,2.7,1000000.0,1000000.0,0,0,18,2026-02-03 00:08:04.335666
RTM1P48,0.79,0.78,0.8,1000000.0,1000000.0,0,0,18,2026-02-03 00:08:04.335666
RTM1C49,2.16,2.15,2.17,1000000.0,1000000.0,0,0,18,2026-02-03 00:08:04.335666
RTM1P49,1.26,1.25,1.27,1000000.0,1000000.0,0,0,18,2026-02-03 00:08:04.335666
RTM1C50,1.55,1.54,1.56,1000000.0,1000000.0,0,0,18,2026-02-03 00:08:04.335666
RTM1P50,1.65,1.64,1.66,1000000.0,1000000.0,0,0,18,2026-02-03 00:08:04.335666
RTM1C51,1.12,1.11,1.13,1000000.0,1000000.0,0,0,18,2026-02-03 00:08:04.335666
RTM1P51,2.21,2.2,2.22,1000000.0,1000000.0,0,0,18,2026-02-03 00:08:04.335666
RTM1C52,0.88,0.87,0.89,1000000.0,1000000.0,0,0,18,2026-02-03 00:08:04.335666
RTM1P52,2.98,2.97,2.99,1000000.0,1000000.0,0,0,18,2026-02-03 00:08:04.335666
RTM1C53,0.62,0.61,0.63,1000000.0,1000000.0,0,0,18,2026-02-03 00:08:04.335666
RTM1P53,3.72,3.71,3.73,1000000.0,1000000.0,0,0,18,2026-02-03 00:08:04.335666
RTM1C54,0.33,0.32,0.34,1000000.0,1000000.0,0,0,18,2026-02-03 00:08:04.335666
RTM1P54,4.42,4.41,4.43,1000000.0,1000000.0,0,0,18,2026-02-03 00:08:04.335666
RTM,49.54,49.53,49.55,100000000.0,100000000.0,0,0,19,2026-02-03 00:08:05.388502
RTM1C45,4.74,4.73,4.75,1000000.0,1000000.0,0,0,19,2026-02-03 00:08:05.388502
RTM1P45,0.2,0.19,0.21,1000000.0,1000000.0,0,0,19,2026-02-03 00:08:05.388502
RTM1C46,3.98,3.97,3.99,1000000.0,1000000.0,0,0,19,2026-02-03 00:08:05.388502
RTM1P46,0.45,0.44,0.46,1000000.0,1000000.0,0,0,19,2026-02-03 00:08:05.388502
RTM1C47,3.12,3.11,3.13,1000000.0,1000000.0,0,0,19,2026-02-03 00:08:05.388502
RTM1P47,0.58,0.57,0.59,1000000.0,1000000.0,0,0,19,2026-02-03 00:08:05.388502
RTM1C48,2.39,2.38,2.4,1000000.0,1000000.0,0,0,19,2026-02-03 00:08:05.388502
RTM1P48,0.85,0.84,0.86,1000000.0,1000000.0,0,0,19,2026-02-03 00:08:05.388502
RTM1C49,1.84,1.83,1.85,1000000.0,1000000.0,0,0,19,2026-02-03 00:08:05.388502
RTM1P49,1.31,1.3,1.32,1000000.0,1000000.0,0,0,19,2026-02-03 00:08:05.388502
RTM1C50,1.41,1.4,1.42,1000000.0,1000000.0,0,0,19,2026-02-03 00:08:05.388502
RTM1P50,1.88,1.87,1.89,1000000.0,1000000.0,0,0,19,2026-02-03 00:08:05.388502
RTM1C51,1.03,1.02,1.04,1000000.0,1000000.0,0,0,19,2026-02-03 00:08:05.388502
RTM1P51,2.49,2.48,2.5,1000000.0,1000000.0,0,0,19,2026-02-03 00:08:05.388502
RTM1C52,0.63,0.62,0.64,1000000.0,1000000.0,0,0,19,2026-02-03 00:08:05.388502
RTM1P52,3.1,3.09,3.11,1000000.0,1000000.0,0,0,19,2026-02-03 00:08:05.388502
RTM1C53,0.43,0.42,0.44,1000000.0,1000000.0,0,0,19,2026-02-03 00:08:05.388502
RTM1P53,3.89,3.88,3.9,1000000.0,1000000.0,0,0,19,2026-02-03 00:08:05.388502
RTM1C54,0.28,0.27,0.29,1000000.0,1000000.0,0,0,19,2026-02-03 00:08:05.388502
RTM1P54,4.74,4.73,4.75,1000000.0,1000000.0,0,0,19,2026-02-03 00:08:05.388502
RTM,49.86,49.85,49.87,100000000.0,100000000.0,0,0,20,2026-02-03 00:08:06.431506
RTM1C45,5.01,5.0,5.02,1000000.0,1000000.0,0,0,20,2026-02-03 00:08:06.431506
RTM1P45,0.15,0.14,0.16,1000000.0,1000000.0,0,0,20,2026-02-03 00:08:06.431506
RTM1C46,4.25,4.24,4.26,1000000.0,1000000.0,0,0,20,2026-02-03 00:08:06.431506
RTM1P46,0.39,0.38,0.4,1000000.0,1000000.0,0,0,20,2026-02-03 00:08:06.431506
RTM1C47,3.37,3.36,3.38,1000000.0,1000000.0,0,0,20,2026-02-03 00:08:06.431506
RTM1P47,0.51,0.5,0.52,1000000.0,1000000.0,0,0,20,2026-02-03 00:08:06.431506
RTM1C48,2.64,2.63,2.65,1000000.0,1000000.0,0,0,20,2026-02-03 00:08:06.431506
RTM1P48,0.78,0.77,0.79,1000000.0,1000000.0,0,0,20,2026-02-03 00:08:06.431506
RTM1C49,2.09,2.08,2.1,1000000.0,1000000.0,0,0,20,2026-02-03 00:08:06.431506
RTM1P49,1.23,1.22,1.24,1000000.0,1000000.0,0,0,20,2026-02-03 00:08:06.431506
RTM1C50,1.5,1.49,1.51,1000000.0,1000000.0,0,0,20,2026-02-03 00:08:06.431506
RTM1P50,1.64,1.63,1.65,1000000.0,1000000.0,0,0,20,2026-02-03 00:08:06.431506
RTM1C51,1.16,1.15,1.17,1000000.0,1000000.0,0,0,20,2026-02-03 00:08:06.431506
RTM1P51,2.3,2.29,2.31,1000000.0,1000000.0,0,0,20,2026-02-03 00:08:06.431506
RTM1C52,1.02,1.01,1.03,1000000.0,1000000.0,0,0,20,2026-02-03 00:08:06.431506
RTM1P52,3.16,3.15,3.17,1000000.0,1000000.0,0,0,20,2026-02-03 00:08:06.431506
RTM1C53,0.62,0.61,0.63,1000000.0,1000000.0,0,0,20,2026-02-03 00:08:06.431506
RTM1P53,3.77,3.76,3.78,1000000.0,1000000.0,0,0,20,2026-02-03 00:08:06.431506
RTM1C54,0.31,0.3,0.32,1000000.0,1000000.0,0,0,20,2026-02-03 00:08:06.431506
RTM1P54,4.45,4.44,4.46,1000000.0,1000000.0,0,0,20,2026-02-03 00:08:06.431506
RTM,49.42,49.41,49.43,100000000.0,100000000.0,0,0,21,2026-02-03 00:08:07.476130
RTM1C45,4.63,4.62,4.64,1000000.0,1000000.0,0,0,21,2026-02-03 00:08:07.476130
RTM1P45,0.22,0.21,0.23,1000000.0,1000000.0,0,0,21,2026-02-03 00:08:07.476130
RTM1C46,3.8,3.79,3.81,1000000.0,1000000.0,0,0,21,2026-02-03 00:08:07.476130
RTM1P46,0.38,0.37,0.39,1000000.0,1000000.0,0,0,21,2026-02-03 00:08:07.476130
RTM1C47,3.02,3.01,3.03,1000000.0,1000000.0,0,0,21,2026-02-03 00:08:07.476130
RTM1P47,0.6,0.59,0.61,1000000.0,1000000.0,0,0,21,2026-02-03 00:08:07.476130
RTM1C48,2.37,2.36,2.38,1000000.0,1000000.0,0,0,21,2026-02-03 00:08:07.476130
RTM1P48,0.96,0.95,0.97,1000000.0,1000000.0,0,0,21,2026-02-03 00:08:07.476130
RTM1C49,1.8,1.79,1.81,1000000.0,1000000.0,0,0,21,2026-02-03 00:08:07.476130
RTM1P49,1.38,1.37,1.39,1000000.0,1000000.0,0,0,21,2026-02-03 00:08:07.476130
RTM1C50,1.31,1.3,1.32,1000000.0,1000000.0,0,0,21,2026-02-03 00:08:07.476130
RTM1P50,1.9,1.89,1.91,1000000.0,1000000.0,0,0,21,2026-02-03 00:08:07.476130
RTM1C51,0.89,0.88,0.9,1000000.0,1000000.0,0,0,21,2026-02-03 00:08:07.476130
RTM1P51,2.47,2.46,2.48,1000000.0,1000000.0,0,0,21,2026-02-03 00:08:07.476130
RTM1C52,0.82,0.81,0.83,1000000.0,1000000.0,0,0,21,2026-02-03 00:08:07.476130
RTM1P52,3.4,3.39,3.41,1000000.0,1000000.0,0,0,21,2026-02-03 00:08:07.476130
RTM1C53,0.42,0.41,0.43,1000000.0,1000000.0,0,0,21,2026-02-03 00:08:07.476130
RTM1P53,4.0,3.99,4.01,1000000.0,1000000.0,0,0,21,2026-02-03 00:08:07.476130
RTM1C54,0.28,0.27,0.29,1000000.0,1000000.0,0,0,21,2026-02-03 00:08:07.476130
RTM1P54,4.87,4.86,4.88,1000000.0,1000000.0,0,0,21,2026-02-03 00:08:07.476130
RTM,49.17,49.16,49.18,100000000.0,100000000.0,0,0,22,2026-02-03 00:08:08.563181
RTM1C45,4.42,4.41,4.43,1000000.0,1000000.0,0,0,22,2026-02-03 00:08:08.563181
RTM1P45,0.25,0.24,0.26,1000000.0,1000000.0,0,0,22,2026-02-03 00:08:08.563181
RTM1C46,3.57,3.56,3.58,1000000.0,1000000.0,0,0,22,2026-02-03 00:08:08.563181
RTM1P46,0.4,0.39,0.41,1000000.0,1000000.0,0,0,22,2026-02-03 00:08:08.563181
RTM1C47,2.9,2.89,2.91,1000000.0,1000000.0,0,0,22,2026-02-03 00:08:08.563181
RTM1P47,0.73,0.72,0.74,1000000.0,1000000.0,0,0,22,2026-02-03 00:08:08.563181
RTM1C48,2.24,2.23,2.25,1000000.0,1000000.0,0,0,22,2026-02-03 00:08:08.563181
RTM1P48,1.07,1.06,1.08,1000000.0,1000000.0,0,0,22,2026-02-03 00:08:08.563181
RTM1C49,1.73,1.72,1.74,1000000.0,1000000.0,0,0,22,2026-02-03 00:08:08.563181
RTM1P49,1.56,1.55,1.57,1000000.0,1000000.0,0,0,22,2026-02-03 00:08:08.563181
RTM1C50,1.29,1.28,1.3,1000000.0,1000000.0,0,0,22,2026-02-03 00:08:08.563181
RTM1P50,2.12,2.11,2.13,1000000.0,1000000.0,0,0,22,2026-02-03 00:08:08.563181
RTM1C51,0.91,0.9,0.92,1000000.0,1000000.0,0,0,22,2026-02-03 00:08:08.563181
RTM1P51,2.74,2.73,2.75,1000000.0,1000000.0,0,0,22,2026-02-03 00:08:08.563181
RTM1C52,0.76,0.75,0.77,1000000.0,1000000.0,0,0,22,2026-02-03 00:08:08.563181
RTM1P52,3.59,3.58,3.6,1000000.0,1000000.0,0,0,22,2026-02-03 00:08:08.563181
RTM1C53,0.37,0.36,0.38,1000000.0,1000000.0,0,0,22,2026-02-03 00:08:08.563181
RTM1P53,4.2,4.19,4.21,1000000.0,1000000.0,0,0,22,2026-02-03 00:08:08.563181
RTM1C54,0.23,0.22,0.24,1000000.0,1000000.0,0,0,22,2026-02-03 00:08:08.563181
RTM1P54,5.06,5.05,5.07,1000000.0,1000000.0,0,0,22,2026-02-03 00:08:08.563181
RTM,49.33,49.32,49.34,100000000.0,100000000.0,0,0,23,2026-02-03 00:08:09.638678
RTM1C45,4.56,4.55,4.57,1000000.0,1000000.0,0,0,23,2026-02-03 00:08:09.638678
RTM1P45,0.23,0.22,0.24,1000000.0,1000000.0,0,0,23,2026-02-03 00:08:09.638678
RTM1C46,3.69,3.68,3.7,1000000.0,1000000.0,0,0,23,2026-02-03 00:08:09.638678
RTM1P46,0.36,0.35,0.37,1000000.0,1000000.0,0,0,23,2026-02-03 00:08:09.638678
RTM1C47,2.96,2.95,2.97,1000000.0,1000000.0,0,0,23,2026-02-03 00:08:09.638678
RTM1P47,0.63,0.62,0.64,1000000.0,1000000.0,0,0,23,2026-02-03 00:08:09.638678
RTM1C48,2.36,2.35,2.37,1000000.0,1000000.0,0,0,23,2026-02-03 00:08:09.638678
RTM1P48,1.03,1.02,1.04,1000000.0,1000000.0,0,0,23,2026-02-03 00:08:09.638678
RTM1C49,1.79,1.78,1.8,1000000.0,1000000.0,0,0,23,2026-02-03 00:08:09.638678
RTM1P49,1.46,1.45,1.47,1000000.0,1000000.0,0,0,23,2026-02-03 00:08:09.638678
RTM1C50,1.27,1.26,1.28,1000000.0,1000000.0,0,0,23,2026-02-03 00:08:09.638678
RTM1P50,1.94,1.93,1.95,1000000.0,1000000.0,0,0,23,2026-02-03 00:08:09.638678
RTM1C51,0.86,0.85,0.87,1000000.0,1000000.0,0,0,23,2026-02-03 00:08:09.638678
RTM1P51,2.53,2.52,2.54,1000000.0,1000000.0,0,0,23,2026-02-03 00:08:09.638678
RTM1C52,0.78,0.77,0.79,1000000.0,1000000.0,0,0,23,2026-02-03 00:08:09.638678
RTM1P52,3.45,3.44,3.46,1000000.0,1000000.0,0,0,23,2026-02-03 00:08:09.638678
RTM1C53,0.45,0.44,0.46,1000000.0,1000000.0,0,0,23,2026-02-03 00:08:09.638678
RTM1P53,4.12,4.11,4.13,1000000.0,1000000.0,0,0,23,2026-02-03 00:08:09.638678
RTM1C54,0.31,0.3,0.32,1000000.0,1000000.0,0,0,23,2026-02-03 00:08:09.638678
RTM1P54,4.98,4.97,4.99,1000000.0,1000000.0,0,0,23,2026-02-03 00:08:09.638678
RTM,49.6,49.58,49.6,100000000.0,100000000.0,0,0,24,2026-02-03 00:08:10.689985
RTM1C45,4.78,4.77,4.79,1000000.0,1000000.0,0,0,24,2026-02-03 00:08:10.689985
RTM1P45,0.19,0.18,0.2,1000000.0,1000000.0,0,0,24,2026-02-03 00:08:10.689985
RTM1C46,3.9,3.89,3.91,1000000.0,1000000.0,0,0,24,2026-02-03 00:08:10.689985
RTM1P46,0.32,0.31,0.33,1000000.0,1000000.0,0,0,24,2026-02-03 00:08:10.689985
RTM1C47,3.18,3.17,3.19,1000000.0,1000000.0,0,0,24,2026-02-03 00:08:10.689985
RTM1P47,0.6,0.59,0.61,1000000.0,1000000.0,0,0,24,2026-02-03 00:08:10.689985
RTM1C48,2.4,2.39,2.41,1000000.0,1000000.0,0,0,24,2026-02-03 00:08:10.689985
RTM1P48,0.81,0.8,0.82,1000000.0,1000000.0,0,0,24,2026-02-03 00:08:10.689985
RTM1C49,1.84,1.83,1.85,1000000.0,1000000.0,0,0,24,2026-02-03 00:08:10.689985
RTM1P49,1.25,1.24,1.26,1000000.0,1000000.0,0,0,24,2026-02-03 00:08:10.689985
RTM1C50,1.43,1.42,1.44,1000000.0,1000000.0,0,0,24,2026-02-03 00:08:10.689985
RTM1P50,1.84,1.83,1.85,1000000.0,1000000.0,0,0,24,2026-02-03 00:08:10.689985
RTM1C51,0.95,0.94,0.96,1000000.0,1000000.0,0,0,24,2026-02-03 00:08:10.689985
RTM1P51,2.36,2.35,2.37,1000000.0,1000000.0,0,0,24,2026-02-03 00:08:10.689985
RTM1C52,0.72,0.71,0.73,1000000.0,1000000.0,0,0,24,2026-02-03 00:08:10.689985
RTM1P52,3.13,3.12,3.14,1000000.0,1000000.0,0,0,24,2026-02-03 00:08:10.689985
RTM1C53,0.46,0.45,0.47,1000000.0,1000000.0,0,0,24,2026-02-03 00:08:10.689985
RTM1P53,3.88,3.87,3.89,1000000.0,1000000.0,0,0,24,2026-02-03 00:08:10.689985
RTM1C54,0.31,0.3,0.32,1000000.0,1000000.0,0,0,24,2026-02-03 00:08:10.689985
RTM1P54,4.72,4.71,4.73,1000000.0,1000000.0,0,0,24,2026-02-03 00:08:10.689985
RTM,49.62,49.61,49.63,100000000.0,100000000.0,0,0,25,2026-02-03 00:08:11.245355
RTM1C45,4.82,4.81,4.83,1000000.0,1000000.0,0,0,25,2026-02-03 00:08:11.245355
RTM1P45,0.2,0.19,0.21,1000000.0,1000000.0,0,0,25,2026-02-03 00:08:11.245355
RTM1C46,4.01,4.0,4.02,1000000.0,1000000.0,0,0,25,2026-02-03 00:08:11.245355
RTM1P46,0.39,0.38,0.4,1000000.0,1000000.0,0,0,25,2026-02-03 00:08:11.245355
RTM1C47,3.13,3.12,3.14,1000000.0,1000000.0,0,0,25,2026-02-03 00:08:11.245355
RTM1P47,0.51,0.5,0.52,1000000.0,1000000.0,0,0,25,2026-02-03 00:08:11.245355
RTM1C48,2.5,2.49,2.51,1000000.0,1000000.0,0,0,25,2026-02-03 00:08:11.245355
RTM1P48,0.87,0.86,0.88,1000000.0,1000000.0,0,0,25,2026-02-03 00:08:11.245355
RTM1C49,1.96,1.95,1.97,1000000.0,1000000.0,0,0,25,2026-02-03 00:08:11.245355
RTM1P49,1.34,1.33,1.35,1000000.0,1000000.0,0,0,25,2026-02-03 00:08:11.245355
RTM1C50,1.45,1.44,1.46,1000000.0,1000000.0,0,0,25,2026-02-03 00:08:11.245355
RTM1P50,1.83,1.82,1.84,1000000.0,1000000.0,0,0,25,2026-02-03 00:08:11.245355
RTM1C51,1.05,1.04,1.06,1000000.0,1000000.0,0,0,25,2026-02-03 00:08:11.245355
RTM1P51,2.42,2.41,2.43,1000000.0,1000000.0,0,0,25,2026-02-03 00:08:11.245355
RTM1C52,0.7,0.69,0.71,1000000.0,1000000.0,0,0,25,2026-02-03 00:08:11.245355
RTM1P52,3.08,3.07,3.09,1000000.0,1000000.0,0,0,25,2026-02-03 00:08:11.245355
RTM1C53,0.48,0.47,0.49,1000000.0,1000000.0,0,0,25,2026-02-03 00:08:11.245355
RTM1P53,3.85,3.84,3.86,1000000.0,1000000.0,0,0,25,2026-02-03 00:08:11.245355
RTM1C54,0.29,0.28,0.3,1000000.0,1000000.0,0,0,25,2026-02-03 00:08:11.245355
RTM1P54,4.67,4.66,4.68,1000000.0,1000000.0,0,0,25,2026-02-03 00:08:11.245355
RTM,49.46,49.45,49.47,100000000.0,100000000.0,0,0,26,2026-02-03 00:08:12.311087
RTM1C45,4.66,4.65,4.67,1000000.0,1000000.0,0,0,26,2026-02-03 00:08:12.311087
RTM1P45,0.2,0.19,0.21,1000000.0,1000000.0,0,0,26,2026-02-03 00:08:12.311087
RTM1C46,3.83,3.82,3.84,1000000.0,1000000.0,0,0,26,2026-02-03 00:08:12.311087
RTM1P46,0.37,0.36,0.38,1000000.0,1000000.0,0,0,26,2026-02-03 00:08:12.311087
RTM1C47,3.06,3.05,3.07,1000000.0,1000000.0,0,0,26,2026-02-03 00:08:12.311087
RTM1P47,0.6,0.59,0.61,1000000.0,1000000.0,0,0,26,2026-02-03 00:08:12.311087
RTM1C48,2.44,2.43,2.45,1000000.0,1000000.0,0,0,26,2026-02-03 00:08:12.311087
RTM1P48,0.98,0.97,0.99,1000000.0,1000000.0,0,0,26,2026-02-03 00:08:12.311087
RTM1C49,1.83,1.82,1.84,1000000.0,1000000.0,0,0,26,2026-02-03 00:08:12.311087
RTM1P49,1.37,1.36,1.38,1000000.0,1000000.0,0,0,26,2026-02-03 00:08:12.311087
RTM1C50,1.29,1.28,1.3,1000000.0,1000000.0,0,0,26,2026-02-03 00:08:12.311087
RTM1P50,1.83,1.82,1.84,1000000.0,1000000.0,0,0,26,2026-02-03 00:08:12.311087
RTM1C51,0.89,0.88,0.9,1000000.0,1000000.0,0,0,26,2026-02-03 00:08:12.311087
RTM1P51,2.43,2.42,2.44,1000000.0,1000000.0,0,0,26,2026-02-03 00:08:12.311087
RTM1C52,0.77,0.76,0.78,1000000.0,1000000.0,0,0,26,2026-02-03 00:08:12.311087
RTM1P52,3.31,3.3,3.32,1000000.0,1000000.0,0,0,26,2026-02-03 00:08:12.311087
RTM1C53,0.38,0.37,0.39,1000000.0,1000000.0,0,0,26,2026-02-03 00:08:12.311087
RTM1P53,3.92,3.91,3.93,1000000.0,1000000.0,0,0,26,2026-02-03 00:08:12.311087
RTM1C54,0.29,0.28,0.3,1000000.0,1000000.0,0,0,26,2026-02-03 00:08:12.311087
RTM1P54,4.83,4.82,4.84,1000000.0,1000000.0,0,0,26,2026-02-03 00:08:12.311087
RTM,49.62,49.61,49.63,100000000.0,100000000.0,0,0,27,2026-02-03 00:08:13.374321
RTM1C45,4.82,4.81,4.83,1000000.0,1000000.0,0,0,27,2026-02-03 00:08:13.374321
RTM1P45,0.21,0.2,0.22,1000000.0,1000000.0,0,0,27,2026-02-03 00:08:13.374321
RTM1C46,3.97,3.96,3.98,1000000.0,1000000.0,0,0,27,2026-02-03 00:08:13.374321
RTM1P46,0.35,0.34,0.36,1000000.0,1000000.0,0,0,27,2026-02-03 00:08:13.374321
RTM1C47,3.22,3.21,3.23,1000000.0,1000000.0,0,0,27,2026-02-03 00:08:13.374321
RTM1P47,0.61,0.6,0.62,1000000.0,1000000.0,0,0,27,2026-02-03 00:08:13.374321
RTM1C48,2.44,2.43,2.45,1000000.0,1000000.0,0,0,27,2026-02-03 00:08:13.374321
RTM1P48,0.82,0.81,0.83,1000000.0,1000000.0,0,0,27,2026-02-03 00:08:13.374321
RTM1C49,1.82,1.81,1.83,1000000.0,1000000.0,0,0,27,2026-02-03 00:08:13.374321
RTM1P49,1.21,1.2,1.22,1000000.0,1000000.0,0,0,27,2026-02-03 00:08:13.374321
RTM1C50,1.36,1.35,1.37,1000000.0,1000000.0,0,0,27,2026-02-03 00:08:13.374321
RTM1P50,1.74,1.73,1.75,1000000.0,1000000.0,0,0,27,2026-02-03 00:08:13.374321
RTM1C51,0.95,0.94,0.96,1000000.0,1000000.0,0,0,27,2026-02-03 00:08:13.374321
RTM1P51,2.33,2.32,2.34,1000000.0,1000000.0,0,0,27,2026-02-03 00:08:13.374321
RTM1C52,0.7,0.69,0.71,1000000.0,1000000.0,0,0,27,2026-02-03 00:08:13.374321
RTM1P52,3.08,3.07,3.09,1000000.0,1000000.0,0,0,27,2026-02-03 00:08:13.374321
RTM1C53,0.4,0.39,0.41,1000000.0,1000000.0,0,0,27,2026-02-03 00:08:13.374321
RTM1P53,3.78,3.77,3.79,1000000.0,1000000.0,0,0,27,2026-02-03 00:08:13.374321
RTM1C54,0.28,0.27,0.29,1000000.0,1000000.0,0,0,27,2026-02-03 00:08:13.374321
RTM1P54,4.66,4.65,4.67,1000000.0,1000000.0,0,0,27,2026-02-03 00:08:13.374321
RTM,49.95,49.94,49.96,100000000.0,100000000.0,0,0,28,2026-02-03 00:08:14.432825
RTM1C45,5.09,5.08,5.1,1000000.0,1000000.0,0,0,28,2026-02-03 00:08:14.432825
RTM1P45,0.14,0.13,0.15,1000000.0,1000000.0,0,0,28,2026-02-03 00:08:14.432825
RTM1C46,4.22,4.21,4.23,1000000.0,1000000.0,0,0,28,2026-02-03 00:08:14.432825
RTM1P46,0.27,0.26,0.28,1000000.0,1000000.0,0,0,28,2026-02-03 00:08:14.432825
RTM1C47,3.43,3.42,3.44,1000000.0,1000000.0,0,0,28,2026-02-03 00:08:14.432825
RTM1P47,0.48,0.47,0.49,1000000.0,1000000.0,0,0,28,2026-02-03 00:08:14.432825
RTM1C48,2.65,2.64,2.66,1000000.0,1000000.0,0,0,28,2026-02-03 00:08:14.432825
RTM1P48,0.7,0.69,0.71,1000000.0,1000000.0,0,0,28,2026-02-03 00:08:14.432825
RTM1C49,2.07,2.06,2.08,1000000.0,1000000.0,0,0,28,2026-02-03 00:08:14.432825
RTM1P49,1.12,1.11,1.13,1000000.0,1000000.0,0,0,28,2026-02-03 00:08:14.432825
RTM1C50,1.61,1.6,1.62,1000000.0,1000000.0,0,0,28,2026-02-03 00:08:14.432825
RTM1P50,1.66,1.65,1.67,1000000.0,1000000.0,0,0,28,2026-02-03 00:08:14.432825
RTM1C51,1.08,1.07,1.09,1000000.0,1000000.0,0,0,28,2026-02-03 00:08:14.432825
RTM1P51,2.13,2.12,2.14,1000000.0,1000000.0,0,0,28,2026-02-03 00:08:14.432825
RTM1C52,0.79,0.78,0.8,1000000.0,1000000.0,0,0,28,2026-02-03 00:08:14.432825
RTM1P52,2.84,2.83,2.85,1000000.0,1000000.0,0,0,28,2026-02-03 00:08:14.432825
RTM1C53,0.49,0.48,0.5,1000000.0,1000000.0,0,0,28,2026-02-03 00:08:14.432825
RTM1P53,3.54,3.53,3.55,1000000.0,1000000.0,0,0,28,2026-02-03 00:08:14.432825
RTM1C54,0.39,0.38,0.4,1000000.0,1000000.0,0,0,28,2026-02-03 00:08:14.432825
RTM1P54,4.44,4.43,4.45,1000000.0,1000000.0,0,0,28,2026-02-03 00:08:14.432825
RTM,49.76,49.75,49.77,100000000.0,100000000.0,0,0,29,2026-02-03 00:08:15.488601
RTM1C45,4.93,4.92,4.94,1000000.0,1000000.0,0,0,29,2026-02-03 00:08:15.488601
RTM1P45,0.17,0.16,0.18,1000000.0,1000000.0,0,0,29,2026-02-03 00:08:15.488601
RTM1C46,4.11,4.1,4.12,1000000.0,1000000.0,0,0,29,2026-02-03 00:08:15.488601
RTM1P46,0.35,0.34,0.36,1000000.0,1000000.0,0,0,29,2026-02-03 00:08:15.488601
RTM1C47,3.3,3.29,3.31,1000000.0,1000000.0,0,0,29,2026-02-03 00:08:15.488601
RTM1P47,0.55,0.54,0.56,1000000.0,1000000.0,0,0,29,2026-02-03 00:08:15.488601
RTM1C48,2.7,2.69,2.71,1000000.0,1000000.0,0,0,29,2026-02-03 00:08:15.488601
RTM1P48,0.94,0.93,0.95,1000000.0,1000000.0,0,0,29,2026-02-03 00:08:15.488601
RTM1C49,1.92,1.91,1.93,1000000.0,1000000.0,0,0,29,2026-02-03 00:08:15.488601
RTM1P49,1.16,1.15,1.17,1000000.0,1000000.0,0,0,29,2026-02-03 00:08:15.488601
RTM1C50,1.37,1.36,1.38,1000000.0,1000000.0,0,0,29,2026-02-03 00:08:15.488601
RTM1P50,1.61,1.6,1.62,1000000.0,1000000.0,0,0,29,2026-02-03 00:08:15.488601
RTM1C51,1.07,1.06,1.08,1000000.0,1000000.0,0,0,29,2026-02-03 00:08:15.488601
RTM1P51,2.31,2.3,2.32,1000000.0,1000000.0,0,0,29,2026-02-03 00:08:15.488601
RTM1C52,0.67,0.66,0.68,1000000.0,1000000.0,0,0,29,2026-02-03 00:08:15.488601
RTM1P52,2.91,2.9,2.92,1000000.0,1000000.0,0,0,29,2026-02-03 00:08:15.488601
RTM1C53,0.51,0.5,0.52,1000000.0,1000000.0,0,0,29,2026-02-03 00:08:15.488601
RTM1P53,3.75,3.74,3.76,1000000.0,1000000.0,0,0,29,2026-02-03 00:08:15.488601
RTM1C54,0.32,0.31,0.33,1000000.0,1000000.0,0,0,29,2026-02-03 00:08:15.488601
RTM1P54,4.56,4.55,4.57,1000000.0,1000000.0,0,0,29,2026-02-03 00:08:15.488601
RTM,49.74,49.73,49.75,100000000.0,100000000.0,0,0,30,2026-02-03 00:08:16.560235
RTM1C45,4.88,4.87,4.89,1000000.0,1000000.0,0,0,30,2026-02-03 00:08:16.560235
RTM1P45,0.14,0.13,0.15,1000000.0,1000000.0,0,0,30,2026-02-03 00:08:16.560235
RTM1C46,4.02,4.01,4.03,1000000.0,1000000.0,0,0,30,2026-02-03 00:08:16.560235
RTM1P46,0.28,0.27,0.29,1000000.0,1000000.0,0,0,30,2026-02-03 00:08:16.560235
RTM1C47,3.22,3.21,3.23,1000000.0,1000000.0,0,0,30,2026-02-03 00:08:16.560235
RTM1P47,0.48,0.47,0.49,1000000.0,1000000.0,0,0,30,2026-02-03 00:08:16.560235
RTM1C48,2.6,2.59,2.61,1000000.0,1000000.0,0,0,30,2026-02-03 00:08:16.560235
RTM1P48,0.85,0.84,0.86,1000000.0,1000000.0,0,0,30,2026-02-03 00:08:16.560235
RTM1C49,1.85,1.84,1.86,1000000.0,1000000.0,0,0,30,2026-02-03 00:08:16.560235
RTM1P49,1.11,1.1,1.12,1000000.0,1000000.0,0,0,30,2026-02-03 00:08:16.560235
RTM1C50,1.39,1.38,1.4,1000000.0,1000000.0,0,0,30,2026-02-03 00:08:16.560235
RTM1P50,1.65,1.64,1.66,1000000.0,1000000.0,0,0,30,2026-02-03 00:08:16.560235
RTM1C51,1.02,1.01,1.03,1000000.0,1000000.0,0,0,30,2026-02-03 00:08:16.560235
RTM1P51,2.28,2.27,2.29,1000000.0,1000000.0,0,0,30,2026-02-03 00:08:16.560235
RTM1C52,0.71,0.7,0.72,1000000.0,1000000.0,0,0,30,2026-02-03 00:08:16.560235
RTM1P52,2.97,2.96,2.98,1000000.0,1000000.0,0,0,30,2026-02-03 00:08:16.560235
RTM1C53,0.44,0.43,0.45,1000000.0,1000000.0,0,0,30,2026-02-03 00:08:16.560235
RTM1P53,3.69,3.68,3.7,1000000.0,1000000.0,0,0,30,2026-02-03 00:08:16.560235
RTM1C54,0.27,0.26,0.28,1000000.0,1000000.0,0,0,30,2026-02-03 00:08:16.560235
RTM1P54,4.53,4.52,4.54,1000000.0,1000000.0,0,0,30,2026-02-03 00:08:16.560235
RTM,49.65,49.64,49.66,100000000.0,100000000.0,0,0,31,2026-02-03 00:08:17.659700
RTM1C45,4.85,4.84,4.86,1000000.0,1000000.0,0,0,31,2026-02-03 00:08:17.659700
RTM1P45,0.2,0.19,0.21,1000000.0,1000000.0,0,0,31,2026-02-03 00:08:17.659700
RTM1C46,3.93,3.92,3.94,1000000.0,1000000.0,0,0,31,2026-02-03 00:08:17.659700
RTM1P46,0.28,0.27,0.29,1000000.0,1000000.0,0,0,31,2026-02-03 00:08:17.659700
RTM1C47,3.18,3.17,3.19,1000000.0,1000000.0,0,0,31,2026-02-03 00:08:17.659700
RTM1P47,0.53,0.52,0.54,1000000.0,1000000.0,0,0,31,2026-02-03 00:08:17.659700
RTM1C48,2.57,2.56,2.58,1000000.0,1000000.0,0,0,31,2026-02-03 00:08:17.659700
RTM1P48,0.92,0.91,0.93,1000000.0,1000000.0,0,0,31,2026-02-03 00:08:17.659700
RTM1C49,1.82,1.81,1.83,1000000.0,1000000.0,0,0,31,2026-02-03 00:08:17.659700
RTM1P49,1.17,1.16,1.18,1000000.0,1000000.0,0,0,31,2026-02-03 00:08:17.659700
RTM1C50,1.31,1.3,1.32,1000000.0,1000000.0,0,0,31,2026-02-03 00:08:17.659700
RTM1P50,1.66,1.65,1.67,1000000.0,1000000.0,0,0,31,2026-02-03 00:08:17.659700
RTM1C51,0.93,0.92,0.94,1000000.0,1000000.0,0,0,31,2026-02-03 00:08:17.659700
RTM1P51,2.28,2.27,2.29,1000000.0,1000000.0,0,0,31,2026-02-03 00:08:17.659700
RTM1C52,0.62,0.61,0.63,1000000.0,1000000.0,0,0,31,2026-02-03 00:08:17.659700
RTM1P52,2.97,2.96,2.98,1000000.0,1000000.0,0,0,31,2026-02-03 00:08:17.659700
RTM1C53,0.48,0.47,0.49,1000000.0,1000000.0,0,0,31,2026-02-03 00:08:17.659700
RTM1P53,3.83,3.82,3.84,1000000.0,1000000.0,0,0,31,2026-02-03 00:08:17.659700
RTM1C54,0.25,0.24,0.26,1000000.0,1000000.0,0,0,31,2026-02-03 00:08:17.659700
RTM1P54,4.6,4.59,4.61,1000000.0,1000000.0,0,0,31,2026-02-03 00:08:17.659700
RTM,49.34,49.33,49.35,100000000.0,100000000.0,0,0,32,2026-02-03 00:08:18.723343
RTM1C45,4.56,4.55,4.57,1000000.0,1000000.0,0,0,32,2026-02-03 00:08:18.723343
RTM1P45,0.22,0.21,0.23,1000000.0,1000000.0,0,0,32,2026-02-03 00:08:18.723343
RTM1C46,3.7,3.69,3.71,1000000.0,1000000.0,0,0,32,2026-02-03 00:08:18.723343
RTM1P46,0.36,0.35,0.37,1000000.0,1000000.0,0,0,32,2026-02-03 00:08:18.723343
RTM1C47,2.93,2.92,2.94,1000000.0,1000000.0,0,0,32,2026-02-03 00:08:18.723343
RTM1P47,0.6,0.59,0.61,1000000.0,1000000.0,0,0,32,2026-02-03 00:08:18.723343
RTM1C48,2.26,2.25,2.27,1000000.0,1000000.0,0,0,32,2026-02-03 00:08:18.723343
RTM1P48,0.92,0.91,0.93,1000000.0,1000000.0,0,0,32,2026-02-03 00:08:18.723343
RTM1C49,1.67,1.66,1.68,1000000.0,1000000.0,0,0,32,2026-02-03 00:08:18.723343
RTM1P49,1.33,1.32,1.34,1000000.0,1000000.0,0,0,32,2026-02-03 00:08:18.723343
RTM1C50,1.22,1.21,1.23,1000000.0,1000000.0,0,0,32,2026-02-03 00:08:18.723343
RTM1P50,1.88,1.87,1.89,1000000.0,1000000.0,0,0,32,2026-02-03 00:08:18.723343
RTM1C51,0.84,0.83,0.85,1000000.0,1000000.0,0,0,32,2026-02-03 00:08:18.723343
RTM1P51,2.5,2.49,2.51,1000000.0,1000000.0,0,0,32,2026-02-03 00:08:18.723343
RTM1C52,0.51,0.5,0.52,1000000.0,1000000.0,0,0,32,2026-02-03 00:08:18.723343
RTM1P52,3.18,3.17,3.19,1000000.0,1000000.0,0,0,32,2026-02-03 00:08:18.723343
RTM1C53,0.35,0.34,0.36,1000000.0,1000000.0,0,0,32,2026-02-03 00:08:18.723343
RTM1P53,4.01,4.0,4.02,1000000.0,1000000.0,0,0,32,2026-02-03 00:08:18.723343
RTM1C54,0.26,0.25,0.27,1000000.0,1000000.0,0,0,32,2026-02-03 00:08:18.723343
RTM1P54,4.92,4.91,4.93,1000000.0,1000000.0,0,0,32,2026-02-03 00:08:18.723343
RTM,49.27,49.26,49.28,100000000.0,100000000.0,0,0,33,2026-02-03 00:08:19.776768
RTM1C45,4.48,4.47,4.49,1000000.0,1000000.0,0,0,33,2026-02-03 00:08:19.776768
RTM1P45,0.21,0.2,0.22,1000000.0,1000000.0,0,0,33,2026-02-03 00:08:19.776768
RTM1C46,3.59,3.58,3.6,1000000.0,1000000.0,0,0,33,2026-02-03 00:08:19.776768
RTM1P46,0.32,0.31,0.33,1000000.0,1000000.0,0,0,33,2026-02-03 00:08:19.776768
RTM1C47,2.84,2.83,2.85,1000000.0,1000000.0,0,0,33,2026-02-03 00:08:19.776768
RTM1P47,0.57,0.56,0.58,1000000.0,1000000.0,0,0,33,2026-02-03 00:08:19.776768
RTM1C48,2.26,2.25,2.27,1000000.0,1000000.0,0,0,33,2026-02-03 00:08:19.776768
RTM1P48,0.98,0.97,0.99,1000000.0,1000000.0,0,0,33,2026-02-03 00:08:19.776768
RTM1C49,1.66,1.65,1.67,1000000.0,1000000.0,0,0,33,2026-02-03 00:08:19.776768
RTM1P49,1.39,1.38,1.4,1000000.0,1000000.0,0,0,33,2026-02-03 00:08:19.776768
RTM1C50,1.2,1.19,1.21,1000000.0,1000000.0,0,0,33,2026-02-03 00:08:19.776768
RTM1P50,1.93,1.92,1.94,1000000.0,1000000.0,0,0,33,2026-02-03 00:08:19.776768
RTM1C51,0.83,0.82,0.84,1000000.0,1000000.0,0,0,33,2026-02-03 00:08:19.776768
RTM1P51,2.56,2.55,2.57,1000000.0,1000000.0,0,0,33,2026-02-03 00:08:19.776768
RTM1C52,0.53,0.52,0.54,1000000.0,1000000.0,0,0,33,2026-02-03 00:08:19.776768
RTM1P52,3.26,3.25,3.27,1000000.0,1000000.0,0,0,33,2026-02-03 00:08:19.776768
RTM1C53,0.38,0.37,0.39,1000000.0,1000000.0,0,0,33,2026-02-03 00:08:19.776768
RTM1P53,4.11,4.1,4.12,1000000.0,1000000.0,0,0,33,2026-02-03 00:08:19.776768
RTM1C54,0.22,0.21,0.23,1000000.0,1000000.0,0,0,33,2026-02-03 00:08:19.776768
RTM1P54,4.95,4.94,4.96,1000000.0,1000000.0,0,0,33,2026-02-03 00:08:19.776768
RTM,49.25,49.24,49.26,100000000.0,100000000.0,0,0,34,2026-02-03 00:08:20.333493
RTM1C45,4.44,4.43,4.45,1000000.0,1000000.0,0,0,34,2026-02-03 00:08:20.333493
RTM1P45,0.2,0.19,0.21,1000000.0,1000000.0,0,0,34,2026-02-03 00:08:20.333493
RTM1C46,3.58,3.57,3.59,1000000.0,1000000.0,0,0,34,2026-02-03 00:08:20.333493
RTM1P46,0.33,0.32,0.34,1000000.0,1000000.0,0,0,34,2026-02-03 00:08:20.333493
RTM1C47,2.89,2.88,2.9,1000000.0,1000000.0,0,0,34,2026-02-03 00:08:20.333493
RTM1P47,0.64,0.63,0.65,1000000.0,1000000.0,0,0,34,2026-02-03 00:08:20.333493
RTM1C48,2.25,2.24,2.26,1000000.0,1000000.0,0,0,34,2026-02-03 00:08:20.333493
RTM1P48,1.0,0.99,1.01,1000000.0,1000000.0,0,0,34,2026-02-03 00:08:20.333493
RTM1C49,1.65,1.64,1.66,1000000.0,1000000.0,0,0,34,2026-02-03 00:08:20.333493
RTM1P49,1.41,1.4,1.42,1000000.0,1000000.0,0,0,34,2026-02-03 00:08:20.333493
RTM1C50,1.16,1.15,1.17,1000000.0,1000000.0,0,0,34,2026-02-03 00:08:20.333493
RTM1P50,1.91,1.9,1.92,1000000.0,1000000.0,0,0,34,2026-02-03 00:08:20.333493
RTM1C51,0.81,0.8,0.82,1000000.0,1000000.0,0,0,34,2026-02-03 00:08:20.333493
RTM1P51,2.56,2.55,2.57,1000000.0,1000000.0,0,0,34,2026-02-03 00:08:20.333493
RTM1C52,0.52,0.51,0.53,1000000.0,1000000.0,0,0,34,2026-02-03 00:08:20.333493
RTM1P52,3.27,3.26,3.28,1000000.0,1000000.0,0,0,34,2026-02-03 00:08:20.333493
RTM1C53,0.33,0.32,0.34,1000000.0,1000000.0,0,0,34,2026-02-03 00:08:20.333493
RTM1P53,4.09,4.08,4.1,1000000.0,1000000.0,0,0,34,2026-02-03 00:08:20.333493
RTM1C54,0.24,0.23,0.25,1000000.0,1000000.0,0,0,34,2026-02-03 00:08:20.333493
RTM1P54,4.99,4.98,5.0,1000000.0,1000000.0,0,0,34,2026-02-03 00:08:20.333493
RTM,49.23,49.22,49.24,100000000.0,100000000.0,0,0,35,2026-02-03 00:08:21.393743
RTM1C45,4.43,4.42,4.44,1000000.0,1000000.0,0,0,35,2026-02-03 00:08:21.393743
RTM1P45,0.2,0.19,0.21,1000000.0,1000000.0,0,0,35,2026-02-03 00:08:21.393743
RTM1C46,3.63,3.62,3.64,1000000.0,1000000.0,0,0,35,2026-02-03 00:08:21.393743
RTM1P46,0.4,0.39,0.41,1000000.0,1000000.0,0,0,35,2026-02-03 00:08:21.393743
RTM1C47,2.82,2.81,2.83,1000000.0,1000000.0,0,0,35,2026-02-03 00:08:21.393743
RTM1P47,0.59,0.58,0.6,1000000.0,1000000.0,0,0,35,2026-02-03 00:08:21.393743
RTM1C48,2.21,2.2,2.22,1000000.0,1000000.0,0,0,35,2026-02-03 00:08:21.393743
RTM1P48,0.98,0.97,0.99,1000000.0,1000000.0,0,0,35,2026-02-03 00:08:21.393743
RTM1C49,1.56,1.55,1.57,1000000.0,1000000.0,0,0,35,2026-02-03 00:08:21.393743
RTM1P49,1.33,1.32,1.34,1000000.0,1000000.0,0,0,35,2026-02-03 00:08:21.393743
RTM1C50,1.17,1.16,1.18,1000000.0,1000000.0,0,0,35,2026-02-03 00:08:21.393743
RTM1P50,1.94,1.93,1.95,1000000.0,1000000.0,0,0,35,2026-02-03 00:08:21.393743
RTM1C51,0.81,0.8,0.82,1000000.0,1000000.0,0,0,35,2026-02-03 00:08:21.393743
RTM1P51,2.58,2.57,2.59,1000000.0,1000000.0,0,0,35,2026-02-03 00:08:21.393743
RTM1C52,0.5,0.49,0.51,1000000.0,1000000.0,0,0,35,2026-02-03 00:08:21.393743
RTM1P52,3.27,3.26,3.28,1000000.0,1000000.0,0,0,35,2026-02-03 00:08:21.393743
RTM1C53,0.36,0.35,0.37,1000000.0,1000000.0,0,0,35,2026-02-03 00:08:21.393743
RTM1P53,4.13,4.12,4.14,1000000.0,1000000.0,0,0,35,2026-02-03 00:08:21.393743
RTM1C54,0.2,0.19,0.21,1000000.0,1000000.0,0,0,35,2026-02-03 00:08:21.393743
RTM1P54,4.97,4.96,4.98,1000000.0,1000000.0,0,0,35,2026-02-03 00:08:21.393743
RTM,48.91,48.9,48.92,100000000.0,100000000.0,0,0,36,2026-02-03 00:08:22.456855,3.0,1.0,35.0,,News 1,The analysts have informed you that the realized volatility of RTM next week will be between 37% and 42%
RTM1C45,4.13,4.12,4.14,1000000.0,1000000.0,0,0,36,2026-02-03 00:08:22.456855,,,,,,
RTM1P45,0.22,0.21,0.23,1000000.0,1000000.0,0,0,36,2026-02-03 00:08:22.456855,,,,,,
RTM1C46,3.32,3.31,3.33,1000000.0,1000000.0,0,0,36,2026-02-03 00:08:22.456855,,,,,,
RTM1P46,0.41,0.4,0.42,1000000.0,1000000.0,0,0,36,2026-02-03 00:08:22.456855,,,,,,
RTM1C47,2.54,2.53,2.55,1000000.0,1000000.0,0,0,36,2026-02-03 00:08:22.456855,,,,,,
RTM1P47,0.63,0.62,0.64,1000000.0,1000000.0,0,0,36,2026-02-03 00:08:22.456855,,,,,,
RTM1C48,2.04,2.03,2.05,1000000.0,1000000.0,0,0,36,2026-02-03 00:08:22.456855,,,,,,
RTM1P48,1.12,1.11,1.13,1000000.0,1000000.0,0,0,36,2026-02-03 00:08:22.456855,,,,,,
RTM1C49,1.37,1.36,1.38,1000000.0,1000000.0,0,0,36,2026-02-03 00:08:22.456855,,,,,,
RTM1P49,1.45,1.44,1.46,1000000.0,1000000.0,0,0,36,2026-02-03 00:08:22.456855,,,,,,
RTM1C50,1.04,1.03,1.05,1000000.0,1000000.0,0,0,36,2026-02-03 00:08:22.456855,,,,,,
RTM1P50,2.13,2.12,2.14,1000000.0,1000000.0,0,0,36,2026-02-03 00:08:22.456855,,,,,,
RTM1C51,0.72,0.71,0.73,1000000.0,1000000.0,0,0,36,2026-02-03 00:08:22.456855,,,,,,
RTM1P51,2.81,2.8,2.82,1000000.0,1000000.0,0,0,36,2026-02-03 00:08:22.456855,,,,,,
RTM1C52,0.49,0.48,0.5,1000000.0,1000000.0,0,0,36,2026-02-03 00:08:22.456855,,,,,,
RTM1P52,3.57,3.56,3.58,1000000.0,1000000.0,0,0,36,2026-02-03 00:08:22.456855,,,,,,
RTM1C53,0.29,0.28,0.3,1000000.0,1000000.0,0,0,36,2026-02-03 00:08:22.456855,,,,,,
RTM1P53,4.37,4.36,4.38,1000000.0,1000000.0,0,0,36,2026-02-03 00:08:22.456855,,,,,,
RTM1C54,0.19,0.18,0.2,1000000.0,1000000.0,0,0,36,2026-02-03 00:08:22.456855,,,,,,
RTM1P54,5.28,5.27,5.29,1000000.0,1000000.0,0,0,36,2026-02-03 00:08:22.456855,,,,,,
RTM,48.88,48.87,48.89,100000000.0,100000000.0,0,0,37,2026-02-03 00:08:23.516371
RTM1C45,4.1,4.09,4.11,1000000.0,1000000.0,0,0,37,2026-02-03 00:08:23.516371
RTM1P45,0.22,0.21,0.23,1000000.0,1000000.0,0,0,37,2026-02-03 00:08:23.516371
RTM1C46,3.33,3.32,3.34,1000000.0,1000000.0,0,0,37,2026-02-03 00:08:23.516371
RTM1P46,0.45,0.44,0.46,1000000.0,1000000.0,0,0,37,2026-02-03 00:08:23.516371
RTM1C47,2.6,2.59,2.61,1000000.0,1000000.0,0,0,37,2026-02-03 00:08:23.516371
RTM1P47,0.72,0.71,0.73,1000000.0,1000000.0,0,0,37,2026-02-03 00:08:23.516371
RTM1C48,1.9,1.89,1.91,1000000.0,1000000.0,0,0,37,2026-02-03 00:08:23.516371
RTM1P48,1.03,1.02,1.04,1000000.0,1000000.0,0,0,37,2026-02-03 00:08:23.516371
RTM1C49,1.39,1.38,1.4,1000000.0,1000000.0,0,0,37,2026-02-03 00:08:23.516371
RTM1P49,1.51,1.5,1.52,1000000.0,1000000.0,0,0,37,2026-02-03 00:08:23.516371
RTM1C50,0.94,0.93,0.95,1000000.0,1000000.0,0,0,37,2026-02-03 00:08:23.516371
RTM1P50,2.06,2.05,2.07,1000000.0,1000000.0,0,0,37,2026-02-03 00:08:23.516371
RTM1C51,0.62,0.61,0.63,1000000.0,1000000.0,0,0,37,2026-02-03 00:08:23.516371
RTM1P51,2.74,2.73,2.75,1000000.0,1000000.0,0,0,37,2026-02-03 00:08:23.516371
RTM1C52,0.45,0.44,0.46,1000000.0,1000000.0,0,0,37,2026-02-03 00:08:23.516371
RTM1P52,3.57,3.56,3.58,1000000.0,1000000.0,0,0,37,2026-02-03 00:08:23.516371
RTM1C53,0.29,0.28,0.3,1000000.0,1000000.0,0,0,37,2026-02-03 00:08:23.516371
RTM1P53,4.41,4.4,4.42,1000000.0,1000000.0,0,0,37,2026-02-03 00:08:23.516371
RTM1C54,0.14,0.13,0.15,1000000.0,1000000.0,0,0,37,2026-02-03 00:08:23.516371
RTM1P54,5.26,5.25,5.27,1000000.0,1000000.0,0,0,37,2026-02-03 00:08:23.516371
RTM,48.69,48.68,48.7,100000000.0,100000000.0,0,0,38,2026-02-03 00:08:24.601117
RTM1C45,3.97,3.96,3.98,1000000.0,1000000.0,0,0,38,2026-02-03 00:08:24.601117
RTM1P45,0.28,0.27,0.29,1000000.0,1000000.0,0,0,38,2026-02-03 00:08:24.601117
RTM1C46,3.1,3.09,3.11,1000000.0,1000000.0,0,0,38,2026-02-03 00:08:24.601117
RTM1P46,0.41,0.4,0.42,1000000.0,1000000.0,0,0,38,2026-02-03 00:08:24.601117
RTM1C47,2.42,2.41,2.43,1000000.0,1000000.0,0,0,38,2026-02-03 00:08:24.601117
RTM1P47,0.73,0.72,0.74,1000000.0,1000000.0,0,0,38,2026-02-03 00:08:24.601117
RTM1C48,1.85,1.84,1.86,1000000.0,1000000.0,0,0,38,2026-02-03 00:08:24.601117
RTM1P48,1.16,1.15,1.17,1000000.0,1000000.0,0,0,38,2026-02-03 00:08:24.601117
RTM1C49,1.25,1.24,1.26,1000000.0,1000000.0,0,0,38,2026-02-03 00:08:24.601117
RTM1P49,1.56,1.55,1.57,1000000.0,1000000.0,0,0,38,2026-02-03 00:08:24.601117
RTM1C50,0.85,0.84,0.86,1000000.0,1000000.0,0,0,38,2026-02-03 00:08:24.601117
RTM1P50,2.16,2.15,2.17,1000000.0,1000000.0,0,0,38,2026-02-03 00:08:24.601117
RTM1C51,0.6,0.59,0.61,1000000.0,1000000.0,0,0,38,2026-02-03 00:08:24.601117
RTM1P51,2.91,2.9,2.92,1000000.0,1000000.0,0,0,38,2026-02-03 00:08:24.601117
RTM1C52,0.36,0.35,0.37,1000000.0,1000000.0,0,0,38,2026-02-03 00:08:24.601117
RTM1P52,3.67,3.66,3.68,1000000.0,1000000.0,0,0,38,2026-02-03 00:08:24.601117
RTM1C53,0.25,0.24,0.26,1000000.0,1000000.0,0,0,38,2026-02-03 00:08:24.601117
RTM1P53,4.56,4.55,4.57,1000000.0,1000000.0,0,0,38,2026-02-03 00:08:24.601117
RTM1C54,0.12,0.11,0.13,1000000.0,1000000.0,0,0,38,2026-02-03 00:08:24.601117
RTM1P54,5.43,5.42,5.44,1000000.0,1000000.0,0,0,38,2026-02-03 00:08:24.601117
RTM,49.03,49.01,49.03,100000000.0,100000000.0,0,0,39,2026-02-03 00:08:25.722159
RTM1C45,4.25,4.24,4.26,1000000.0,1000000.0,0,0,39,2026-02-03 00:08:25.722159
RTM1P45,0.23,0.22,0.24,1000000.0,1000000.0,0,0,39,2026-02-03 00:08:25.722159
RTM1C46,3.41,3.4,3.42,1000000.0,1000000.0,0,0,39,2026-02-03 00:08:25.722159
RTM1P46,0.39,0.38,0.4,1000000.0,1000000.0,0,0,39,2026-02-03 00:08:25.722159
RTM1C47,2.61,2.6,2.62,1000000.0,1000000.0,0,0,39,2026-02-03 00:08:25.722159
RTM1P47,0.59,0.58,0.6,1000000.0,1000000.0,0,0,39,2026-02-03 00:08:25.722159
RTM1C48,2.05,2.04,2.06,1000000.0,1000000.0,0,0,39,2026-02-03 00:08:25.722159
RTM1P48,1.03,1.02,1.04,1000000.0,1000000.0,0,0,39,2026-02-03 00:08:25.722159
RTM1C49,1.51,1.5,1.52,1000000.0,1000000.0,0,0,39,2026-02-03 00:08:25.722159
RTM1P49,1.49,1.48,1.5,1000000.0,1000000.0,0,0,39,2026-02-03 00:08:25.722159
RTM1C50,1.07,1.06,1.08,1000000.0,1000000.0,0,0,39,2026-02-03 00:08:25.722159
RTM1P50,2.05,2.04,2.06,1000000.0,1000000.0,0,0,39,2026-02-03 00:08:25.722159
RTM1C51,0.65,0.64,0.66,1000000.0,1000000.0,0,0,39,2026-02-03 00:08:25.722159
RTM1P51,2.63,2.62,2.64,1000000.0,1000000.0,0,0,39,2026-02-03 00:08:25.722159
RTM1C52,0.46,0.45,0.47,1000000.0,1000000.0,0,0,39,2026-02-03 00:08:25.722159
RTM1P52,3.44,3.43,3.45,1000000.0,1000000.0,0,0,39,2026-02-03 00:08:25.722159
RTM1C53,0.26,0.25,0.27,1000000.0,1000000.0,0,0,39,2026-02-03 00:08:25.722159
RTM1P53,4.25,4.24,4.26,1000000.0,1000000.0,0,0,39,2026-02-03 00:08:25.722159
RTM1C54,0.17,0.16,0.18,1000000.0,1000000.0,0,0,39,2026-02-03 00:08:25.722159
RTM1P54,5.15,5.14,5.16,1000000.0,1000000.0,0,0,39,2026-02-03 00:08:25.722159
RTM,49.25,49.24,49.26,100000000.0,100000000.0,0,0,40,2026-02-03 00:08:26.772489
RTM1C45,4.45,4.44,4.46,1000000.0,1000000.0,0,0,40,2026-02-03 00:08:26.772489
RTM1P45,0.2,0.19,0.21,1000000.0,1000000.0,0,0,40,2026-02-03 00:08:26.772489
RTM1C46,3.55,3.54,3.56,1000000.0,1000000.0,0,0,40,2026-02-03 00:08:26.772489
RTM1P46,0.3,0.29,0.31,1000000.0,1000000.0,0,0,40,2026-02-03 00:08:26.772489
RTM1C47,2.8,2.79,2.81,1000000.0,1000000.0,0,0,40,2026-02-03 00:08:26.772489
RTM1P47,0.55,0.54,0.56,1000000.0,1000000.0,0,0,40,2026-02-03 00:08:26.772489
RTM1C48,2.14,2.13,2.15,1000000.0,1000000.0,0,0,40,2026-02-03 00:08:26.772489
RTM1P48,0.89,0.88,0.9,1000000.0,1000000.0,0,0,40,2026-02-03 00:08:26.772489
RTM1C49,1.63,1.62,1.64,1000000.0,1000000.0,0,0,40,2026-02-03 00:08:26.772489
RTM1P49,1.38,1.37,1.39,1000000.0,1000000.0,0,0,40,2026-02-03 00:08:26.772489
RTM1C50,1.08,1.07,1.09,1000000.0,1000000.0,0,0,40,2026-02-03 00:08:26.772489
RTM1P50,1.82,1.81,1.83,1000000.0,1000000.0,0,0,40,2026-02-03 00:08:26.772489
RTM1C51,0.78,0.77,0.79,1000000.0,1000000.0,0,0,40,2026-02-03 00:08:26.772489
RTM1P51,2.52,2.51,2.53,1000000.0,1000000.0,0,0,40,2026-02-03 00:08:26.772489
RTM1C52,0.52,0.51,0.53,1000000.0,1000000.0,0,0,40,2026-02-03 00:08:26.772489
RTM1P52,3.27,3.26,3.28,1000000.0,1000000.0,0,0,40,2026-02-03 00:08:26.772489
RTM1C53,0.33,0.32,0.34,1000000.0,1000000.0,0,0,40,2026-02-03 00:08:26.772489
RTM1P53,4.08,4.07,4.09,1000000.0,1000000.0,0,0,40,2026-02-03 00:08:26.772489
RTM1C54,0.21,0.2,0.22,1000000.0,1000000.0,0,0,40,2026-02-03 00:08:26.772489
RTM1P54,4.96,4.95,4.97,1000000.0,1000000.0,0,0,40,2026-02-03 00:08:26.772489
RTM,49.45,49.44,49.46,100000000.0,100000000.0,0,0,41,2026-02-03 00:08:27.338111
RTM1C45,4.62,4.61,4.63,1000000.0,1000000.0,0,0,41,2026-02-03 00:08:27.338111
RTM1P45,0.17,0.16,0.18,1000000.0,1000000.0,0,0,41,2026-02-03 00:08:27.338111
RTM1C46,3.77,3.76,3.78,1000000.0,1000000.0,0,0,41,2026-02-03 00:08:27.338111
RTM1P46,0.32,0.31,0.33,1000000.0,1000000.0,0,0,41,2026-02-03 00:08:27.338111
RTM1C47,2.92,2.91,2.93,1000000.0,1000000.0,0,0,41,2026-02-03 00:08:27.338111
RTM1P47,0.48,0.47,0.49,1000000.0,1000000.0,0,0,41,2026-02-03 00:08:27.338111
RTM1C48,2.28,2.27,2.29,1000000.0,1000000.0,0,0,41,2026-02-03 00:08:27.338111
RTM1P48,0.84,0.83,0.85,1000000.0,1000000.0,0,0,41,2026-02-03 00:08:27.338111
RTM1C49,1.72,1.71,1.73,1000000.0,1000000.0,0,0,41,2026-02-03 00:08:27.338111
RTM1P49,1.28,1.27,1.29,1000000.0,1000000.0,0,0,41,2026-02-03 00:08:27.338111
RTM1C50,1.2,1.19,1.21,1000000.0,1000000.0,0,0,41,2026-02-03 00:08:27.338111
RTM1P50,1.75,1.74,1.76,1000000.0,1000000.0,0,0,41,2026-02-03 00:08:27.338111
RTM1C51,0.84,0.83,0.85,1000000.0,1000000.0,0,0,41,2026-02-03 00:08:27.338111
RTM1P51,2.39,2.38,2.4,1000000.0,1000000.0,0,0,41,2026-02-03 00:08:27.338111
RTM1C52,0.51,0.5,0.52,1000000.0,1000000.0,0,0,41,2026-02-03 00:08:27.338111
RTM1P52,3.06,3.05,3.07,1000000.0,1000000.0,0,0,41,2026-02-03 00:08:27.338111
RTM1C53,0.37,0.36,0.38,1000000.0,1000000.0,0,0,41,2026-02-03 00:08:27.338111
RTM1P53,3.92,3.91,3.93,1000000.0,1000000.0,0,0,41,2026-02-03 00:08:27.338111
RTM1C54,0.21,0.2,0.22,1000000.0,1000000.0,0,0,41,2026-02-03 00:08:27.338111
RTM1P54,4.76,4.75,4.77,1000000.0,1000000.0,0,0,41,2026-02-03 00:08:27.338111
RTM,49.24,49.23,49.25,100000000.0,100000000.0,0,0,42,2026-02-03 00:08:28.393179
RTM1C45,4.43,4.42,4.44,1000000.0,1000000.0,0,0,42,2026-02-03 00:08:28.393179
RTM1P45,0.2,0.19,0.21,1000000.0,1000000.0,0,0,42,2026-02-03 00:08:28.393179
RTM1C46,3.59,3.58,3.6,1000000.0,1000000.0,0,0,42,2026-02-03 00:08:28.393179
RTM1P46,0.35,0.34,0.36,1000000.0,1000000.0,0,0,42,2026-02-03 00:08:28.393179
RTM1C47,2.77,2.76,2.78,1000000.0,1000000.0,0,0,42,2026-02-03 00:08:28.393179
RTM1P47,0.53,0.52,0.54,1000000.0,1000000.0,0,0,42,2026-02-03 00:08:28.393179
RTM1C48,2.13,2.12,2.14,1000000.0,1000000.0,0,0,42,2026-02-03 00:08:28.393179
RTM1P48,0.89,0.88,0.9,1000000.0,1000000.0,0,0,42,2026-02-03 00:08:28.393179
RTM1C49,1.6,1.59,1.61,1000000.0,1000000.0,0,0,42,2026-02-03 00:08:28.393179
RTM1P49,1.36,1.35,1.37,1000000.0,1000000.0,0,0,42,2026-02-03 00:08:28.393179
RTM1C50,1.07,1.06,1.08,1000000.0,1000000.0,0,0,42,2026-02-03 00:08:28.393179
RTM1P50,1.83,1.82,1.84,1000000.0,1000000.0,0,0,42,2026-02-03 00:08:28.393179
RTM1C51,0.7,0.69,0.71,1000000.0,1000000.0,0,0,42,2026-02-03 00:08:28.393179
RTM1P51,2.46,2.45,2.47,1000000.0,1000000.0,0,0,42,2026-02-03 00:08:28.393179
RTM1C52,0.45,0.44,0.46,1000000.0,1000000.0,0,0,42,2026-02-03 00:08:28.393179
RTM1P52,3.22,3.21,3.23,1000000.0,1000000.0,0,0,42,2026-02-03 00:08:28.393179
RTM1C53,0.29,0.28,0.3,1000000.0,1000000.0,0,0,42,2026-02-03 00:08:28.393179
RTM1P53,4.06,4.05,4.07,1000000.0,1000000.0,0,0,42,2026-02-03 00:08:28.393179
RTM1C54,0.2,0.19,0.21,1000000.0,1000000.0,0,0,42,2026-02-03 00:08:28.393179
RTM1P54,4.96,4.95,4.97,1000000.0,1000000.0,0,0,42,2026-02-03 00:08:28.393179
RTM,49.19,49.18,49.2,100000000.0,100000000.0,0,0,43,2026-02-03 00:08:29.448663
RTM1C45,4.36,4.35,4.37,1000000.0,1000000.0,0,0,43,2026-02-03 00:08:29.448663
RTM1P45,0.17,0.16,0.18,1000000.0,1000000.0,0,0,43,2026-02-03 00:08:29.448663
RTM1C46,3.52,3.51,3.53,1000000.0,1000000.0,0,0,43,2026-02-03 00:08:29.448663
RTM1P46,0.33,0.32,0.34,1000000.0,1000000.0,0,0,43,2026-02-03 00:08:29.448663
RTM1C47,2.79,2.78,2.8,1000000.0,1000000.0,0,0,43,2026-02-03 00:08:29.448663
RTM1P47,0.6,0.59,0.61,1000000.0,1000000.0,0,0,43,2026-02-03 00:08:29.448663
RTM1C48,2.02,2.01,2.03,1000000.0,1000000.0,0,0,43,2026-02-03 00:08:29.448663
RTM1P48,0.84,0.83,0.85,1000000.0,1000000.0,0,0,43,2026-02-03 00:08:29.448663
RTM1C49,1.51,1.5,1.52,1000000.0,1000000.0,0,0,43,2026-02-03 00:08:29.448663
RTM1P49,1.33,1.32,1.34,1000000.0,1000000.0,0,0,43,2026-02-03 00:08:29.448663
RTM1C50,1.06,1.05,1.07,1000000.0,1000000.0,0,0,43,2026-02-03 00:08:29.448663
RTM1P50,1.88,1.87,1.89,1000000.0,1000000.0,0,0,43,2026-02-03 00:08:29.448663
RTM1C51,0.75,0.74,0.76,1000000.0,1000000.0,0,0,43,2026-02-03 00:08:29.448663
RTM1P51,2.56,2.55,2.57,1000000.0,1000000.0,0,0,43,2026-02-03 00:08:29.448663
RTM1C52,0.47,0.46,0.48,1000000.0,1000000.0,0,0,43,2026-02-03 00:08:29.448663
RTM1P52,3.29,3.28,3.3,1000000.0,1000000.0,0,0,43,2026-02-03 00:08:29.448663
RTM1C53,0.31,0.3,0.32,1000000.0,1000000.0,0,0,43,2026-02-03 00:08:29.448663
RTM1P53,4.13,4.12,4.14,1000000.0,1000000.0,0,0,43,2026-02-03 00:08:29.448663
RTM1C54,0.16,0.15,0.17,1000000.0,1000000.0,0,0,43,2026-02-03 00:08:29.448663
RTM1P54,4.97,4.96,4.98,1000000.0,1000000.0,0,0,43,2026-02-03 00:08:29.448663
RTM,49.05,49.04,49.06,100000000.0,100000000.0,0,0,44,2026-02-03 00:08:30.503546
RTM1C45,4.24,4.23,4.25,1000000.0,1000000.0,0,0,44,2026-02-03 00:08:30.503546
RTM1P45,0.18,0.17,0.19,1000000.0,1000000.0,0,0,44,2026-02-03 00:08:30.503546
RTM1C46,3.41,3.4,3.42,1000000.0,1000000.0,0,0,44,2026-02-03 00:08:30.503546
RTM1P46,0.36,0.35,0.37,1000000.0,1000000.0,0,0,44,2026-02-03 00:08:30.503546
RTM1C47,2.67,2.66,2.68,1000000.0,1000000.0,0,0,44,2026-02-03 00:08:30.503546
RTM1P47,0.62,0.61,0.63,1000000.0,1000000.0,0,0,44,2026-02-03 00:08:30.503546
RTM1C48,1.97,1.96,1.98,1000000.0,1000000.0,0,0,44,2026-02-03 00:08:30.503546
RTM1P48,0.91,0.9,0.92,1000000.0,1000000.0,0,0,44,2026-02-03 00:08:30.503546
RTM1C49,1.51,1.5,1.52,1000000.0,1000000.0,0,0,44,2026-02-03 00:08:30.503546
RTM1P49,1.46,1.45,1.47,1000000.0,1000000.0,0,0,44,2026-02-03 00:08:30.503546
RTM1C50,0.95,0.94,0.96,1000000.0,1000000.0,0,0,44,2026-02-03 00:08:30.503546
RTM1P50,1.89,1.88,1.9,1000000.0,1000000.0,0,0,44,2026-02-03 00:08:30.503546
RTM1C51,0.66,0.65,0.67,1000000.0,1000000.0,0,0,44,2026-02-03 00:08:30.503546
RTM1P51,2.61,2.6,2.62,1000000.0,1000000.0,0,0,44,2026-02-03 00:08:30.503546
RTM1C52,0.39,0.38,0.4,1000000.0,1000000.0,0,0,44,2026-02-03 00:08:30.503546
RTM1P52,3.34,3.33,3.35,1000000.0,1000000.0,0,0,44,2026-02-03 00:08:30.503546
RTM1C53,0.28,0.27,0.29,1000000.0,1000000.0,0,0,44,2026-02-03 00:08:30.503546
RTM1P53,4.22,4.21,4.23,1000000.0,1000000.0,0,0,44,2026-02-03 00:08:30.503546
RTM1C54,0.15,0.14,0.16,1000000.0,1000000.0,0,0,44,2026-02-03 00:08:30.503546
RTM1P54,5.1,5.09,5.11,1000000.0,1000000.0,0,0,44,2026-02-03 00:08:30.503546
RTM,48.9,48.89,48.91,100000000.0,100000000.0,0,0,45,2026-02-03 00:08:31.549173
RTM1C45,4.11,4.1,4.12,1000000.0,1000000.0,0,0,45,2026-02-03 00:08:31.549173
RTM1P45,0.2,0.19,0.21,1000000.0,1000000.0,0,0,45,2026-02-03 00:08:31.549173
RTM1C46,3.25,3.24,3.26,1000000.0,1000000.0,0,0,45,2026-02-03 00:08:31.549173
RTM1P46,0.34,0.33,0.35,1000000.0,1000000.0,0,0,45,2026-02-03 00:08:31.549173
RTM1C47,2.53,2.52,2.54,1000000.0,1000000.0,0,0,45,2026-02-03 00:08:31.549173
RTM1P47,0.62,0.61,0.63,1000000.0,1000000.0,0,0,45,2026-02-03 00:08:31.549173
RTM1C48,1.88,1.87,1.89,1000000.0,1000000.0,0,0,45,2026-02-03 00:08:31.549173
RTM1P48,0.98,0.97,0.99,1000000.0,1000000.0,0,0,45,2026-02-03 00:08:31.549173
RTM1C49,1.34,1.33,1.35,1000000.0,1000000.0,0,0,45,2026-02-03 00:08:31.549173
RTM1P49,1.44,1.43,1.45,1000000.0,1000000.0,0,0,45,2026-02-03 00:08:31.549173
RTM1C50,0.96,0.95,0.97,1000000.0,1000000.0,0,0,45,2026-02-03 00:08:31.549173
RTM1P50,2.05,2.04,2.06,1000000.0,1000000.0,0,0,45,2026-02-03 00:08:31.549173
RTM1C51,0.64,0.63,0.65,1000000.0,1000000.0,0,0,45,2026-02-03 00:08:31.549173
RTM1P51,2.73,2.72,2.74,1000000.0,1000000.0,0,0,45,2026-02-03 00:08:31.549173
RTM1C52,0.37,0.36,0.38,1000000.0,1000000.0,0,0,45,2026-02-03 00:08:31.549173
RTM1P52,3.46,3.45,3.47,1000000.0,1000000.0,0,0,45,2026-02-03 00:08:31.549173
RTM1C53,0.26,0.25,0.27,1000000.0,1000000.0,0,0,45,2026-02-03 00:08:31.549173
RTM1P53,4.35,4.34,4.36,1000000.0,1000000.0,0,0,45,2026-02-03 00:08:31.549173
RTM1C54,0.14,0.13,0.15,1000000.0,1000000.0,0,0,45,2026-02-03 00:08:31.549173
RTM1P54,5.24,5.23,5.25,1000000.0,1000000.0,0,0,45,2026-02-03 00:08:31.549173
RTM,48.83,48.82,48.84,100000000.0,100000000.0,,0,46,2026-02-03 00:08:32.597665
RTM1C45,4.01,4.0,4.02,1000000.0,1000000.0,,0,46,2026-02-03 00:08:32.597665
RTM1P45,0.19,0.18,0.2,1000000.0,1000000.0,,0,46,2026-02-03 00:08:32.597665
RTM1C46,3.22,3.21,3.23,1000000.0,1000000.0,,0,46,2026-02-03 00:08:32.597665
RTM1P46,0.39,0.38,0.4,1000000.0,1000000.0,,0,46,2026-02-03 00:08:32.597665
RTM1C47,2.47,2.45,2.47,1000000.0,1000000.0,,0,46,2026-02-03 00:08:32.597665
RTM1P47,0.63,0.62,0.64,1000000.0,1000000.0,,0,46,2026-02-03 00:08:32.597665
RTM1C48,1.83,1.82,1.84,1000000.0,1000000.0,47.0,0,46,2026-02-03 00:08:32.597665
RTM1P48,1.0,0.99,1.01,1000000.0,1000000.0,,0,46,2026-02-03 00:08:32.597665
RTM1C49,1.33,1.32,1.34,1000000.0,1000000.0,,0,46,2026-02-03 00:08:32.597665
RTM1P49,1.5,1.49,1.51,1000000.0,1000000.0,,0,46,2026-02-03 00:08:32.597665
RTM1C50,0.88,0.87,0.89,1000000.0,1000000.0,,0,46,2026-02-03 00:08:32.597665
RTM1P50,2.06,2.05,2.07,1000000.0,1000000.0,,0,46,2026-02-03 00:08:32.597665
RTM1C51,0.57,0.56,0.58,1000000.0,1000000.0,,0,46,2026-02-03 00:08:32.597665
RTM1P51,2.73,2.73,2.75,1000000.0,1000000.0,,0,46,2026-02-03 00:08:32.597665
RTM1C52,0.35,0.34,0.36,1000000.0,1000000.0,,0,46,2026-02-03 00:08:32.597665
RTM1P52,3.52,3.51,3.53,1000000.0,1000000.0,,0,46,2026-02-03 00:08:32.597665
RTM1C53,0.23,0.22,0.24,1000000.0,1000000.0,23.0,0,46,2026-02-03 00:08:32.597665
RTM1P53,4.41,4.4,4.42,1000000.0,1000000.0,,0,46,2026-02-03 00:08:32.597665
RTM1C54,0.13,0.12,0.14,1000000.0,1000000.0,,0,46,2026-02-03 00:08:32.597665
RTM1P54,5.31,5.3,5.32,1000000.0,1000000.0,,0,46,2026-02-03 00:08:32.597665
RTM,49.14,49.13,49.15,100000000.0,100000000.0,,,47,2026-02-03 00:08:33.674665
RTM1C45,4.29,4.28,4.3,1000000.0,1000000.0,,,47,2026-02-03 00:08:33.674665
RTM1P45,0.15,0.14,0.16,1000000.0,1000000.0,,,47,2026-02-03 00:08:33.674665
RTM1C46,3.43,3.42,3.44,1000000.0,1000000.0,,,47,2026-02-03 00:08:33.674665
RTM1P46,0.3,0.29,0.31,1000000.0,1000000.0,,,47,2026-02-03 00:08:33.674665
RTM1C47,2.69,2.68,2.7,1000000.0,1000000.0,50.0,,47,2026-02-03 00:08:33.674665
RTM1P47,0.57,0.55,0.57,1000000.0,1000000.0,,,47,2026-02-03 00:08:33.674665
RTM1C48,1.97,1.96,1.98,1000000.0,1000000.0,,,47,2026-02-03 00:08:33.674665
RTM1P48,0.83,0.82,0.84,1000000.0,1000000.0,,,47,2026-02-03 00:08:33.674665
RTM1C49,1.46,1.46,1.48,1000000.0,1000000.0,,,47,2026-02-03 00:08:33.674665
RTM1P49,1.33,1.32,1.34,1000000.0,1000000.0,,,47,2026-02-03 00:08:33.674665
RTM1C50,0.99,0.99,1.01,1000000.0,1000000.0,,,47,2026-02-03 00:08:33.674665
RTM1P50,1.86,1.85,1.87,1000000.0,1000000.0,,,47,2026-02-03 00:08:33.674665
RTM1C51,0.63,0.62,0.64,1000000.0,1000000.0,,,47,2026-02-03 00:08:33.674665
RTM1P51,2.49,2.48,2.5,1000000.0,1000000.0,,,47,2026-02-03 00:08:33.674665
RTM1C52,0.42,0.41,0.43,1000000.0,1000000.0,,,47,2026-02-03 00:08:33.674665
RTM1P52,3.28,3.27,3.29,1000000.0,1000000.0,,,47,2026-02-03 00:08:33.674665
RTM1C53,0.25,0.24,0.25,1000000.0,1000000.0,,23.0,47,2026-02-03 00:08:33.674665
RTM1P53,4.11,4.1,4.12,1000000.0,1000000.0,,,47,2026-02-03 00:08:33.674665
RTM1C54,0.15,0.14,0.16,1000000.0,1000000.0,,,47,2026-02-03 00:08:33.674665
RTM1P54,5.01,5.0,5.02,1000000.0,1000000.0,,,47,2026-02-03 00:08:33.674665
RTM,49.2,49.19,49.21,100000000.0,100000000.0,,,48,2026-02-03 00:08:34.854668
RTM1C45,4.35,4.34,4.36,1000000.0,1000000.0,,,48,2026-02-03 00:08:34.854668
RTM1P45,0.14,0.13,0.15,1000000.0,1000000.0,,,48,2026-02-03 00:08:34.854668
RTM1C46,3.51,3.5,3.52,1000000.0,1000000.0,,,48,2026-02-03 00:08:34.854668
RTM1P46,0.31,0.3,0.32,1000000.0,1000000.0,,,48,2026-02-03 00:08:34.854668
RTM1C47,2.71,2.7,2.72,1000000.0,1000000.0,,,48,2026-02-03 00:08:34.854668
RTM1P47,0.51,0.49,0.51,1000000.0,1000000.0,,,48,2026-02-03 00:08:34.854668
RTM1C48,2.04,2.03,2.05,1000000.0,1000000.0,47.0,,48,2026-02-03 00:08:34.854668
RTM1P48,0.83,0.82,0.84,1000000.0,1000000.0,,,48,2026-02-03 00:08:34.854668
RTM1C49,1.52,1.52,1.54,1000000.0,1000000.0,,,48,2026-02-03 00:08:34.854668
RTM1P49,1.32,1.31,1.33,1000000.0,1000000.0,,,48,2026-02-03 00:08:34.854668
RTM1C50,1.03,1.02,1.04,1000000.0,1000000.0,,,48,2026-02-03 00:08:34.854668
RTM1P50,1.83,1.82,1.84,1000000.0,1000000.0,,35.0,48,2026-02-03 00:08:34.854668
RTM1C51,0.69,0.68,0.7,1000000.0,1000000.0,,,48,2026-02-03 00:08:34.854668
RTM1P51,2.5,2.48,2.5,1000000.0,1000000.0,,41.0,48,2026-02-03 00:08:34.854668
RTM1C52,0.42,0.41,0.43,1000000.0,1000000.0,,,48,2026-02-03 00:08:34.854668
RTM1P52,3.21,3.2,3.22,1000000.0,1000000.0,,,48,2026-02-03 00:08:34.854668
RTM1C53,0.24,0.23,0.25,1000000.0,1000000.0,,23.0,48,2026-02-03 00:08:34.854668
RTM1P53,4.04,4.03,4.05,1000000.0,1000000.0,,,48,2026-02-03 00:08:34.854668
RTM1C54,0.16,0.15,0.17,1000000.0,1000000.0,,,48,2026-02-03 00:08:34.854668
RTM1P54,4.96,4.95,4.97,1000000.0,1000000.0,,,48,2026-02-03 00:08:34.854668
RTM,48.99,48.98,49.0,100000000.0,100000000.0,,0,49,2026-02-03 00:08:35.404675
RTM1C45,4.17,4.16,4.18,1000000.0,1000000.0,,0,49,2026-02-03 00:08:35.404675
RTM1P45,0.18,0.17,0.19,1000000.0,1000000.0,,0,49,2026-02-03 00:08:35.404675
RTM1C46,3.29,3.28,3.3,1000000.0,1000000.0,,0,49,2026-02-03 00:08:35.404675
RTM1P46,0.3,0.29,0.31,1000000.0,1000000.0,,0,49,2026-02-03 00:08:35.404675
RTM1C47,2.56,2.54,2.56,1000000.0,1000000.0,,0,49,2026-02-03 00:08:35.404675
RTM1P47,0.56,0.55,0.57,1000000.0,1000000.0,,0,49,2026-02-03 00:08:35.404675
RTM1C48,1.89,1.88,1.9,1000000.0,1000000.0,,0,49,2026-02-03 00:08:35.404675
RTM1P48,0.9,0.89,0.91,1000000.0,1000000.0,,0,49,2026-02-03 00:08:35.404675
RTM1C49,1.32,1.31,1.33,1000000.0,1000000.0,,0,49,2026-02-03 00:08:35.404675
RTM1P49,1.33,1.32,1.34,1000000.0,1000000.0,,0,49,2026-02-03 00:08:35.404675
RTM1C50,0.9,0.89,0.91,1000000.0,1000000.0,,0,49,2026-02-03 00:08:35.404675
RTM1P50,1.91,1.9,1.92,1000000.0,1000000.0,,0,49,2026-02-03 00:08:35.404675
RTM1C51,0.57,0.56,0.58,1000000.0,1000000.0,,0,49,2026-02-03 00:08:35.404675
RTM1P51,2.59,2.58,2.6,1000000.0,1000000.0,,0,49,2026-02-03 00:08:35.404675
RTM1C52,0.37,0.36,0.38,1000000.0,1000000.0,,0,49,2026-02-03 00:08:35.404675
RTM1P52,3.38,3.37,3.39,1000000.0,1000000.0,,0,49,2026-02-03 00:08:35.404675
RTM1C53,0.21,0.2,0.22,1000000.0,1000000.0,23.0,0,49,2026-02-03 00:08:35.404675
RTM1P53,4.22,4.21,4.23,1000000.0,1000000.0,,0,49,2026-02-03 00:08:35.404675
RTM1C54,0.14,0.13,0.15,1000000.0,1000000.0,,0,49,2026-02-03 00:08:35.404675
RTM1P54,5.15,5.14,5.16,1000000.0,1000000.0,,0,49,2026-02-03 00:08:35.404675
RTM,48.99,48.98,49.0,100000000.0,100000000.0,10000.0,0,50,2026-02-03 00:08:36.453092
RTM1C45,4.17,4.16,4.18,1000000.0,1000000.0,,0,50,2026-02-03 00:08:36.453092
RTM1P45,0.18,0.17,0.19,1000000.0,1000000.0,,0,50,2026-02-03 00:08:36.453092
RTM1C46,3.29,3.28,3.3,1000000.0,1000000.0,,0,50,2026-02-03 00:08:36.453092
RTM1P46,0.3,0.29,0.31,1000000.0,1000000.0,,0,50,2026-02-03 00:08:36.453092
RTM1C47,2.56,2.55,2.57,1000000.0,1000000.0,,0,50,2026-02-03 00:08:36.453092
RTM1P47,0.57,0.56,0.58,1000000.0,1000000.0,,0,50,2026-02-03 00:08:36.453092
RTM1C48,1.87,1.86,1.88,1000000.0,1000000.0,,0,50,2026-02-03 00:08:36.453092
RTM1P48,0.88,0.87,0.89,1000000.0,1000000.0,,0,50,2026-02-03 00:08:36.453092
RTM1C49,1.32,1.31,1.33,1000000.0,1000000.0,,0,50,2026-02-03 00:08:36.453092
RTM1P49,1.33,1.32,1.34,1000000.0,1000000.0,,0,50,2026-02-03 00:08:36.453092
RTM1C50,0.94,0.93,0.95,1000000.0,1000000.0,,0,50,2026-02-03 00:08:36.453092
RTM1P50,1.94,1.93,1.95,1000000.0,1000000.0,,0,50,2026-02-03 00:08:36.453092
RTM1C51,0.6,0.59,0.61,1000000.0,1000000.0,,0,50,2026-02-03 00:08:36.453092
RTM1P51,2.61,2.6,2.62,1000000.0,1000000.0,,0,50,2026-02-03 00:08:36.453092
RTM1C52,0.36,0.35,0.37,1000000.0,1000000.0,31.0,0,50,2026-02-03 00:08:36.453092
RTM1P52,3.36,3.35,3.37,1000000.0,1000000.0,,0,50,2026-02-03 00:08:36.453092
RTM1C53,0.21,0.2,0.22,1000000.0,1000000.0,,0,50,2026-02-03 00:08:36.453092
RTM1P53,4.21,4.2,4.22,1000000.0,1000000.0,,0,50,2026-02-03 00:08:36.453092
RTM1C54,0.13,0.12,0.14,1000000.0,1000000.0,,0,50,2026-02-03 00:08:36.453092
RTM1P54,5.14,5.13,5.15,1000000.0,1000000.0,,0,50,2026-02-03 00:08:36.453092
RTM,49.28,49.27,49.29,100000000.0,100000000.0,0,0,51,2026-02-03 00:08:37.502862
RTM1C45,4.41,4.4,4.42,1000000.0,1000000.0,0,0,51,2026-02-03 00:08:37.502862
RTM1P45,0.13,0.12,0.14,1000000.0,1000000.0,0,0,51,2026-02-03 00:08:37.502862
RTM1C46,3.59,3.58,3.6,1000000.0,1000000.0,0,0,51,2026-02-03 00:08:37.502862
RTM1P46,0.31,0.3,0.32,1000000.0,1000000.0,0,0,51,2026-02-03 00:08:37.502862
RTM1C47,2.79,2.78,2.8,1000000.0,1000000.0,0,0,51,2026-02-03 00:08:37.502862
RTM1P47,0.51,0.5,0.52,1000000.0,1000000.0,0,0,51,2026-02-03 00:08:37.502862
RTM1C48,2.04,2.03,2.05,1000000.0,1000000.0,0,0,51,2026-02-03 00:08:37.502862
RTM1P48,0.76,0.75,0.77,1000000.0,1000000.0,0,0,51,2026-02-03 00:08:37.502862
RTM1C49,1.52,1.51,1.53,1000000.0,1000000.0,0,0,51,2026-02-03 00:08:37.502862
RTM1P49,1.24,1.23,1.25,1000000.0,1000000.0,0,0,51,2026-02-03 00:08:37.502862
RTM1C50,0.99,0.99,1.01,1000000.0,1000000.0,0,0,51,2026-02-03 00:08:37.502862
RTM1P50,1.72,1.71,1.73,1000000.0,1000000.0,0,0,51,2026-02-03 00:08:37.502862
RTM1C51,0.67,0.66,0.68,1000000.0,1000000.0,0,0,51,2026-02-03 00:08:37.502862
RTM1P51,2.39,2.38,2.4,1000000.0,1000000.0,0,0,51,2026-02-03 00:08:37.502862
RTM1C52,0.42,0.41,0.43,1000000.0,1000000.0,0,0,51,2026-02-03 00:08:37.502862
RTM1P52,3.14,3.13,3.15,1000000.0,1000000.0,0,0,51,2026-02-03 00:08:37.502862
RTM1C53,0.24,0.23,0.25,1000000.0,1000000.0,0,0,51,2026-02-03 00:08:37.502862
RTM1P53,3.96,3.95,3.97,1000000.0,1000000.0,0,0,51,2026-02-03 00:08:37.502862
RTM1C54,0.14,0.13,0.15,1000000.0,1000000.0,0,0,51,2026-02-03 00:08:37.502862
RTM1P54,4.87,4.86,4.88,1000000.0,1000000.0,0,0,51,2026-02-03 00:08:37.502862
RTM,49.02,49.01,49.03,100000000.0,100000000.0,10000.0,0,52,2026-02-03 00:08:38.552754
RTM1C45,4.19,4.18,4.2,1000000.0,1000000.0,,0,52,2026-02-03 00:08:38.552754
RTM1P45,0.18,0.17,0.19,1000000.0,1000000.0,,0,52,2026-02-03 00:08:38.552754
RTM1C46,3.34,3.33,3.35,1000000.0,1000000.0,,0,52,2026-02-03 00:08:38.552754
RTM1P46,0.32,0.31,0.33,1000000.0,1000000.0,,0,52,2026-02-03 00:08:38.552754
RTM1C47,2.58,2.57,2.59,1000000.0,1000000.0,,0,52,2026-02-03 00:08:38.552754
RTM1P47,0.56,0.55,0.57,1000000.0,1000000.0,,0,52,2026-02-03 00:08:38.552754
RTM1C48,1.86,1.85,1.87,1000000.0,1000000.0,,0,52,2026-02-03 00:08:38.552754
RTM1P48,0.84,0.83,0.85,1000000.0,1000000.0,,0,52,2026-02-03 00:08:38.552754
RTM1C49,1.34,1.33,1.35,1000000.0,1000000.0,,0,52,2026-02-03 00:08:38.552754
RTM1P49,1.32,1.31,1.33,1000000.0,1000000.0,,0,52,2026-02-03 00:08:38.552754
RTM1C50,0.91,0.9,0.92,1000000.0,1000000.0,,0,52,2026-02-03 00:08:38.552754
RTM1P50,1.89,1.88,1.9,1000000.0,1000000.0,,0,52,2026-02-03 00:08:38.552754
RTM1C51,0.57,0.56,0.58,1000000.0,1000000.0,,0,52,2026-02-03 00:08:38.552754
RTM1P51,2.55,2.54,2.56,1000000.0,1000000.0,23.0,0,52,2026-02-03 00:08:38.552754
RTM1C52,0.36,0.35,0.37,1000000.0,1000000.0,,0,52,2026-02-03 00:08:38.552754
RTM1P52,3.35,3.34,3.36,1000000.0,1000000.0,,0,52,2026-02-03 00:08:38.552754
RTM1C53,0.21,0.2,0.22,1000000.0,1000000.0,,0,52,2026-02-03 00:08:38.552754
RTM1P53,4.19,4.18,4.2,1000000.0,1000000.0,,0,52,2026-02-03 00:08:38.552754
RTM1C54,0.13,0.12,0.14,1000000.0,1000000.0,,0,52,2026-02-03 00:08:38.552754
RTM1P54,5.11,5.1,5.12,1000000.0,1000000.0,,0,52,2026-02-03 00:08:38.552754
RTM,48.92,48.91,48.93,100000000.0,100000000.0,0,0,53,2026-02-03 00:08:39.602749
RTM1C45,4.1,4.09,4.11,1000000.0,1000000.0,0,0,53,2026-02-03 00:08:39.602749
RTM1P45,0.18,0.17,0.19,1000000.0,1000000.0,0,0,53,2026-02-03 00:08:39.602749
RTM1C46,3.25,3.24,3.26,1000000.0,1000000.0,0,0,53,2026-02-03 00:08:39.602749
RTM1P46,0.33,0.32,0.34,1000000.0,1000000.0,0,0,53,2026-02-03 00:08:39.602749
RTM1C47,2.46,2.45,2.47,1000000.0,1000000.0,0,0,53,2026-02-03 00:08:39.602749
RTM1P47,0.54,0.53,0.55,1000000.0,1000000.0,0,0,53,2026-02-03 00:08:39.602749
RTM1C48,1.8,1.79,1.81,1000000.0,1000000.0,0,0,53,2026-02-03 00:08:39.602749
RTM1P48,0.88,0.87,0.89,1000000.0,1000000.0,0,0,53,2026-02-03 00:08:39.602749
RTM1C49,1.31,1.3,1.32,1000000.0,1000000.0,0,0,53,2026-02-03 00:08:39.602749
RTM1P49,1.39,1.38,1.4,1000000.0,1000000.0,0,0,53,2026-02-03 00:08:39.602749
RTM1C50,0.88,0.87,0.89,1000000.0,1000000.0,0,0,53,2026-02-03 00:08:39.602749
RTM1P50,1.96,1.95,1.97,1000000.0,1000000.0,0,0,53,2026-02-03 00:08:39.602749
RTM1C51,0.58,0.57,0.59,1000000.0,1000000.0,0,0,53,2026-02-03 00:08:39.602749
RTM1P51,2.65,2.65,2.67,1000000.0,1000000.0,0,0,53,2026-02-03 00:08:39.602749
RTM1C52,0.35,0.34,0.36,1000000.0,1000000.0,0,0,53,2026-02-03 00:08:39.602749
RTM1P52,3.43,3.42,3.44,1000000.0,1000000.0,0,0,53,2026-02-03 00:08:39.602749
RTM1C53,0.19,0.18,0.2,1000000.0,1000000.0,0,0,53,2026-02-03 00:08:39.602749
RTM1P53,4.27,4.26,4.28,1000000.0,1000000.0,0,0,53,2026-02-03 00:08:39.602749
RTM1C54,0.11,0.1,0.12,1000000.0,1000000.0,0,0,53,2026-02-03 00:08:39.602749
RTM1P54,5.19,5.18,5.2,1000000.0,1000000.0,0,0,53,2026-02-03 00:08:39.602749
RTM,48.82,48.81,48.83,100000000.0,100000000.0,10000.0,,54,2026-02-03 00:08:40.674596
RTM1C45,4.01,4.0,4.02,1000000.0,1000000.0,,,54,2026-02-03 00:08:40.674596
RTM1P45,0.19,0.18,0.2,1000000.0,1000000.0,,,54,2026-02-03 00:08:40.674596
RTM1C46,3.16,3.15,3.17,1000000.0,1000000.0,,,54,2026-02-03 00:08:40.674596
RTM1P46,0.34,0.33,0.35,1000000.0,1000000.0,,,54,2026-02-03 00:08:40.674596
RTM1C47,2.42,2.41,2.43,1000000.0,1000000.0,,,54,2026-02-03 00:08:40.674596
RTM1P47,0.6,0.59,0.61,1000000.0,1000000.0,,,54,2026-02-03 00:08:40.674596
RTM1C48,1.73,1.72,1.74,1000000.0,1000000.0,,,54,2026-02-03 00:08:40.674596
RTM1P48,0.91,0.9,0.92,1000000.0,1000000.0,,,54,2026-02-03 00:08:40.674596
RTM1C49,1.26,1.25,1.27,1000000.0,1000000.0,,,54,2026-02-03 00:08:40.674596
RTM1P49,1.44,1.43,1.45,1000000.0,1000000.0,,,54,2026-02-03 00:08:40.674596
RTM1C50,0.79,0.78,0.8,1000000.0,1000000.0,,,54,2026-02-03 00:08:40.674596
RTM1P50,1.97,1.96,1.98,1000000.0,1000000.0,,,54,2026-02-03 00:08:40.674596
RTM1C51,0.54,0.53,0.55,1000000.0,1000000.0,,,54,2026-02-03 00:08:40.674596
RTM1P51,2.73,2.72,2.74,1000000.0,1000000.0,,23.0,54,2026-02-03 00:08:40.674596
RTM1C52,0.31,0.3,0.32,1000000.0,1000000.0,,,54,2026-02-03 00:08:40.674596
RTM1P52,3.49,3.48,3.5,1000000.0,1000000.0,,,54,2026-02-03 00:08:40.674596
RTM1C53,0.19,0.18,0.2,1000000.0,1000000.0,23.0,,54,2026-02-03 00:08:40.674596
RTM1P53,4.37,4.36,4.38,1000000.0,1000000.0,,,54,2026-02-03 00:08:40.674596
RTM1C54,0.1,0.09,0.11,1000000.0,1000000.0,,,54,2026-02-03 00:08:40.674596
RTM1P54,5.28,5.27,5.29,1000000.0,1000000.0,,,54,2026-02-03 00:08:40.674596
RTM,48.7,48.7,48.72,100000000.0,100000000.0,7545.0,,55,2026-02-03 00:08:41.753131
RTM1C45,3.89,3.88,3.9,1000000.0,1000000.0,,,55,2026-02-03 00:08:41.753131
RTM1P45,0.18,0.17,0.19,1000000.0,1000000.0,,,55,2026-02-03 00:08:41.753131
RTM1C46,3.08,3.07,3.09,1000000.0,1000000.0,,,55,2026-02-03 00:08:41.753131
RTM1P46,0.37,0.36,0.38,1000000.0,1000000.0,,,55,2026-02-03 00:08:41.753131
RTM1C47,2.29,2.28,2.3,1000000.0,1000000.0,50.0,,55,2026-02-03 00:08:41.753131
RTM1P47,0.58,0.57,0.59,1000000.0,1000000.0,,,55,2026-02-03 00:08:41.753131
RTM1C48,1.68,1.67,1.69,1000000.0,1000000.0,,,55,2026-02-03 00:08:41.753131
RTM1P48,0.97,0.96,0.98,1000000.0,1000000.0,,,55,2026-02-03 00:08:41.753131
RTM1C49,1.19,1.18,1.2,1000000.0,1000000.0,,,55,2026-02-03 00:08:41.753131
RTM1P49,1.48,1.47,1.49,1000000.0,1000000.0,,,55,2026-02-03 00:08:41.753131
RTM1C50,0.8,0.79,0.81,1000000.0,1000000.0,,,55,2026-02-03 00:08:41.753131
RTM1P50,2.09,2.08,2.1,1000000.0,1000000.0,,,55,2026-02-03 00:08:41.753131
RTM1C51,0.51,0.5,0.52,1000000.0,1000000.0,,,55,2026-02-03 00:08:41.753131
RTM1P51,2.8,2.79,2.81,1000000.0,1000000.0,,,55,2026-02-03 00:08:41.753131
RTM1C52,0.29,0.28,0.3,1000000.0,1000000.0,31.0,,55,2026-02-03 00:08:41.753131
RTM1P52,3.58,3.57,3.59,1000000.0,1000000.0,,19.0,55,2026-02-03 00:08:41.753131
RTM1C53,0.16,0.15,0.17,1000000.0,1000000.0,,,55,2026-02-03 00:08:41.753131
RTM1P53,4.45,4.44,4.46,1000000.0,1000000.0,,,55,2026-02-03 00:08:41.753131
RTM1C54,0.09,0.08,0.1,1000000.0,1000000.0,,,55,2026-02-03 00:08:41.753131
RTM1P54,5.38,5.37,5.39,1000000.0,1000000.0,,,55,2026-02-03 00:08:41.753131
RTM,48.69,48.68,48.7,100000000.0,100000000.0,7545.0,,56,2026-02-03 00:08:42.840420
RTM1C45,3.87,3.86,3.88,1000000.0,1000000.0,,,56,2026-02-03 00:08:42.840420
RTM1P45,0.18,0.17,0.19,1000000.0,1000000.0,,,56,2026-02-03 00:08:42.840420
RTM1C46,3.03,3.02,3.04,1000000.0,1000000.0,,,56,2026-02-03 00:08:42.840420
RTM1P46,0.34,0.33,0.35,1000000.0,1000000.0,,,56,2026-02-03 00:08:42.840420
RTM1C47,2.29,2.28,2.3,1000000.0,1000000.0,,,56,2026-02-03 00:08:42.840420
RTM1P47,0.6,0.59,0.61,1000000.0,1000000.0,,,56,2026-02-03 00:08:42.840420
RTM1C48,1.64,1.63,1.65,1000000.0,1000000.0,,,56,2026-02-03 00:08:42.840420
RTM1P48,0.95,0.94,0.96,1000000.0,1000000.0,,,56,2026-02-03 00:08:42.840420
RTM1C49,1.14,1.13,1.15,1000000.0,1000000.0,,,56,2026-02-03 00:08:42.840420
RTM1P49,1.45,1.44,1.46,1000000.0,1000000.0,,,56,2026-02-03 00:08:42.840420
RTM1C50,0.74,0.72,0.74,1000000.0,1000000.0,,,56,2026-02-03 00:08:42.840420
RTM1P50,2.04,2.03,2.05,1000000.0,1000000.0,,,56,2026-02-03 00:08:42.840420
RTM1C51,0.47,0.46,0.48,1000000.0,1000000.0,,,56,2026-02-03 00:08:42.840420
RTM1P51,2.77,2.76,2.78,1000000.0,1000000.0,23.0,,56,2026-02-03 00:08:42.840420
RTM1C52,0.3,0.29,0.3,1000000.0,1000000.0,31.0,,56,2026-02-03 00:08:42.840420
RTM1P52,3.6,3.6,3.62,1000000.0,1000000.0,,19.0,56,2026-02-03 00:08:42.840420
RTM1C53,0.15,0.15,0.17,1000000.0,1000000.0,,,56,2026-02-03 00:08:42.840420
RTM1P53,4.47,4.46,4.48,1000000.0,1000000.0,,,56,2026-02-03 00:08:42.840420
RTM1C54,0.08,0.07,0.09,1000000.0,1000000.0,,,56,2026-02-03 00:08:42.840420
RTM1P54,5.39,5.38,5.4,1000000.0,1000000.0,,,56,2026-02-03 00:08:42.840420
RTM,48.84,48.83,48.85,100000000.0,100000000.0,,0,57,2026-02-03 00:08:43.890090
RTM1C45,4.01,4.0,4.02,1000000.0,1000000.0,,0,57,2026-02-03 00:08:43.890090
RTM1P45,0.17,0.16,0.18,1000000.0,1000000.0,,0,57,2026-02-03 00:08:43.890090
RTM1C46,3.16,3.15,3.17,1000000.0,1000000.0,,0,57,2026-02-03 00:08:43.890090
RTM1P46,0.32,0.31,0.33,1000000.0,1000000.0,,0,57,2026-02-03 00:08:43.890090
RTM1C47,2.4,2.39,2.41,1000000.0,1000000.0,50.0,0,57,2026-02-03 00:08:43.890090
RTM1P47,0.57,0.55,0.57,1000000.0,1000000.0,,0,57,2026-02-03 00:08:43.890090
RTM1C48,1.76,1.75,1.77,1000000.0,1000000.0,,0,57,2026-02-03 00:08:43.890090
RTM1P48,0.92,0.91,0.93,1000000.0,1000000.0,,0,57,2026-02-03 00:08:43.890090
RTM1C49,1.18,1.18,1.2,1000000.0,1000000.0,,0,57,2026-02-03 00:08:43.890090
RTM1P49,1.35,1.34,1.36,1000000.0,1000000.0,,0,57,2026-02-03 00:08:43.890090
RTM1C50,0.79,0.78,0.8,1000000.0,1000000.0,48.0,0,57,2026-02-03 00:08:43.890090
RTM1P50,1.95,1.94,1.96,1000000.0,1000000.0,,0,57,2026-02-03 00:08:43.890090
RTM1C51,0.5,0.49,0.51,1000000.0,1000000.0,,0,57,2026-02-03 00:08:43.890090
RTM1P51,2.66,2.65,2.67,1000000.0,1000000.0,,0,57,2026-02-03 00:08:43.890090
RTM1C52,0.32,0.31,0.33,1000000.0,1000000.0,,0,57,2026-02-03 00:08:43.890090
RTM1P52,3.48,3.47,3.49,1000000.0,1000000.0,,0,57,2026-02-03 00:08:43.890090
RTM1C53,0.16,0.16,0.18,1000000.0,1000000.0,,0,57,2026-02-03 00:08:43.890090
RTM1P53,4.33,4.32,4.34,1000000.0,1000000.0,,0,57,2026-02-03 00:08:43.890090
RTM1C54,0.1,0.09,0.11,1000000.0,1000000.0,,0,57,2026-02-03 00:08:43.890090
RTM1P54,5.26,5.25,5.27,1000000.0,1000000.0,,0,57,2026-02-03 00:08:43.890090
RTM,48.61,48.6,48.62,100000000.0,100000000.0,0,0,58,2026-02-03 00:08:44.446424
RTM1C45,3.78,3.77,3.79,1000000.0,1000000.0,0,0,58,2026-02-03 00:08:44.446424
RTM1P45,0.17,0.16,0.18,1000000.0,1000000.0,0,0,58,2026-02-03 00:08:44.446424
RTM1C46,2.96,2.95,2.97,1000000.0,1000000.0,0,0,58,2026-02-03 00:08:44.446424
RTM1P46,0.35,0.34,0.36,1000000.0,1000000.0,0,0,58,2026-02-03 00:08:44.446424
RTM1C47,2.21,2.2,2.22,1000000.0,1000000.0,0,0,58,2026-02-03 00:08:44.446424
RTM1P47,0.6,0.59,0.61,1000000.0,1000000.0,0,0,58,2026-02-03 00:08:44.446424
RTM1C48,1.59,1.58,1.6,1000000.0,1000000.0,0,0,58,2026-02-03 00:08:44.446424
RTM1P48,0.98,0.97,0.99,1000000.0,1000000.0,0,0,58,2026-02-03 00:08:44.446424
RTM1C49,1.08,1.07,1.09,1000000.0,1000000.0,0,0,58,2026-02-03 00:08:44.446424
RTM1P49,1.47,1.46,1.48,1000000.0,1000000.0,0,0,58,2026-02-03 00:08:44.446424
RTM1C50,0.73,0.72,0.74,1000000.0,1000000.0,0,0,58,2026-02-03 00:08:44.446424
RTM1P50,2.12,2.11,2.13,1000000.0,1000000.0,0,0,58,2026-02-03 00:08:44.446424
RTM1C51,0.46,0.45,0.47,1000000.0,1000000.0,0,0,58,2026-02-03 00:08:44.446424
RTM1P51,2.85,2.84,2.86,1000000.0,1000000.0,0,0,58,2026-02-03 00:08:44.446424
RTM1C52,0.26,0.25,0.27,1000000.0,1000000.0,0,0,58,2026-02-03 00:08:44.446424
RTM1P52,3.65,3.64,3.66,1000000.0,1000000.0,0,0,58,2026-02-03 00:08:44.446424
RTM1C53,0.14,0.13,0.15,1000000.0,1000000.0,0,0,58,2026-02-03 00:08:44.446424
RTM1P53,4.53,4.52,4.54,1000000.0,1000000.0,0,0,58,2026-02-03 00:08:44.446424
RTM1C54,0.08,0.07,0.09,1000000.0,1000000.0,0,0,58,2026-02-03 00:08:44.446424
RTM1P54,5.47,5.46,5.48,1000000.0,1000000.0,0,0,58,2026-02-03 00:08:44.446424
RTM,48.8,48.79,48.81,100000000.0,100000000.0,0,0,59,2026-02-03 00:08:45.498560
RTM1C45,3.97,3.96,3.98,1000000.0,1000000.0,0,0,59,2026-02-03 00:08:45.498560
RTM1P45,0.17,0.16,0.18,1000000.0,1000000.0,0,0,59,2026-02-03 00:08:45.498560
RTM1C46,3.1,3.09,3.11,1000000.0,1000000.0,0,0,59,2026-02-03 00:08:45.498560
RTM1P46,0.3,0.29,0.31,1000000.0,1000000.0,0,0,59,2026-02-03 00:08:45.498560
RTM1C47,2.34,2.33,2.35,1000000.0,1000000.0,0,0,59,2026-02-03 00:08:45.498560
RTM1P47,0.54,0.53,0.55,1000000.0,1000000.0,0,0,59,2026-02-03 00:08:45.498560
RTM1C48,1.72,1.71,1.73,1000000.0,1000000.0,0,0,59,2026-02-03 00:08:45.498560
RTM1P48,0.92,0.91,0.93,1000000.0,1000000.0,0,0,59,2026-02-03 00:08:45.498560
RTM1C49,1.18,1.17,1.19,1000000.0,1000000.0,0,0,59,2026-02-03 00:08:45.498560
RTM1P49,1.38,1.37,1.39,1000000.0,1000000.0,0,0,59,2026-02-03 00:08:45.498560
RTM1C50,0.76,0.75,0.77,1000000.0,1000000.0,0,0,59,2026-02-03 00:08:45.498560
RTM1P50,1.96,1.95,1.97,1000000.0,1000000.0,0,0,59,2026-02-03 00:08:45.498560
RTM1C51,0.48,0.47,0.49,1000000.0,1000000.0,0,0,59,2026-02-03 00:08:45.498560
RTM1P51,2.68,2.67,2.69,1000000.0,1000000.0,0,0,59,2026-02-03 00:08:45.498560
RTM1C52,0.28,0.27,0.29,1000000.0,1000000.0,0,0,59,2026-02-03 00:08:45.498560
RTM1P52,3.48,3.47,3.49,1000000.0,1000000.0,0,0,59,2026-02-03 00:08:45.498560
RTM1C53,0.17,0.16,0.18,1000000.0,1000000.0,0,0,59,2026-02-03 00:08:45.498560
RTM1P53,4.37,4.36,4.38,1000000.0,1000000.0,0,0,59,2026-02-03 00:08:45.498560
RTM1C54,0.1,0.09,0.11,1000000.0,1000000.0,0,0,59,2026-02-03 00:08:45.498560
RTM1P54,5.3,5.29,5.31,1000000.0,1000000.0,0,0,59,2026-02-03 00:08:45.498560
RTM,48.71,48.7,48.72,100000000.0,100000000.0,6972.0,0,60,2026-02-03 00:08:46.556681
RTM1C45,3.88,3.87,3.89,1000000.0,1000000.0,,0,60,2026-02-03 00:08:46.556681
RTM1P45,0.17,0.16,0.18,1000000.0,1000000.0,,0,60,2026-02-03 00:08:46.556681
RTM1C46,3.03,3.02,3.04,1000000.0,1000000.0,,0,60,2026-02-03 00:08:46.556681
RTM1P46,0.32,0.31,0.33,1000000.0,1000000.0,,0,60,2026-02-03 00:08:46.556681
RTM1C47,2.27,2.26,2.28,1000000.0,1000000.0,,0,60,2026-02-03 00:08:46.556681
RTM1P47,0.56,0.55,0.57,1000000.0,1000000.0,,0,60,2026-02-03 00:08:46.556681
RTM1C48,1.65,1.64,1.66,1000000.0,1000000.0,,0,60,2026-02-03 00:08:46.556681
RTM1P48,0.94,0.93,0.95,1000000.0,1000000.0,,0,60,2026-02-03 00:08:46.556681
RTM1C49,1.12,1.11,1.13,1000000.0,1000000.0,,0,60,2026-02-03 00:08:46.556681
RTM1P49,1.4,1.39,1.41,1000000.0,1000000.0,,0,60,2026-02-03 00:08:46.556681
RTM1C50,0.73,0.72,0.74,1000000.0,1000000.0,,0,60,2026-02-03 00:08:46.556681
RTM1P50,2.01,2.0,2.02,1000000.0,1000000.0,,0,60,2026-02-03 00:08:46.556681
RTM1C51,0.46,0.45,0.47,1000000.0,1000000.0,,0,60,2026-02-03 00:08:46.556681
RTM1P51,2.75,2.74,2.76,1000000.0,1000000.0,,0,60,2026-02-03 00:08:46.556681
RTM1C52,0.27,0.26,0.28,1000000.0,1000000.0,,0,60,2026-02-03 00:08:46.556681
RTM1P52,3.56,3.55,3.57,1000000.0,1000000.0,19.0,0,60,2026-02-03 00:08:46.556681
RTM1C53,0.15,0.14,0.16,1000000.0,1000000.0,,0,60,2026-02-03 00:08:46.556681
RTM1P53,4.44,4.43,4.45,1000000.0,1000000.0,,0,60,2026-02-03 00:08:46.556681
RTM1C54,0.08,0.07,0.09,1000000.0,1000000.0,,0,60,2026-02-03 00:08:46.556681
RTM1P54,5.37,5.36,5.38,1000000.0,1000000.0,,0,60,2026-02-03 00:08:46.556681
RTM,48.62,48.61,48.63,100000000.0,100000000.0,8000.0,0,61,2026-02-03 00:08:47.607038
RTM1C45,3.79,3.78,3.8,1000000.0,1000000.0,,0,61,2026-02-03 00:08:47.607038
RTM1P45,0.17,0.16,0.18,1000000.0,1000000.0,,0,61,2026-02-03 00:08:47.607038
RTM1C46,2.95,2.94,2.96,1000000.0,1000000.0,,0,61,2026-02-03 00:08:47.607038
RTM1P46,0.33,0.32,0.34,1000000.0,1000000.0,,0,61,2026-02-03 00:08:47.607038
RTM1C47,2.21,2.2,2.22,1000000.0,1000000.0,,0,61,2026-02-03 00:08:47.607038
RTM1P47,0.6,0.59,0.61,1000000.0,1000000.0,,0,61,2026-02-03 00:08:47.607038
RTM1C48,1.58,1.57,1.59,1000000.0,1000000.0,,0,61,2026-02-03 00:08:47.607038
RTM1P48,0.96,0.95,0.97,1000000.0,1000000.0,,0,61,2026-02-03 00:08:47.607038
RTM1C49,1.08,1.07,1.09,1000000.0,1000000.0,,0,61,2026-02-03 00:08:47.607038
RTM1P49,1.46,1.45,1.47,1000000.0,1000000.0,,0,61,2026-02-03 00:08:47.607038
RTM1C50,0.7,0.69,0.71,1000000.0,1000000.0,,0,61,2026-02-03 00:08:47.607038
RTM1P50,2.08,2.07,2.09,1000000.0,1000000.0,,0,61,2026-02-03 00:08:47.607038
RTM1C51,0.45,0.44,0.46,1000000.0,1000000.0,,0,61,2026-02-03 00:08:47.607038
RTM1P51,2.83,2.82,2.84,1000000.0,1000000.0,,0,61,2026-02-03 00:08:47.607038
RTM1C52,0.25,0.24,0.26,1000000.0,1000000.0,,0,61,2026-02-03 00:08:47.607038
RTM1P52,3.63,3.62,3.64,1000000.0,1000000.0,,0,61,2026-02-03 00:08:47.607038
RTM1C53,0.14,0.13,0.15,1000000.0,1000000.0,,0,61,2026-02-03 00:08:47.607038
RTM1P53,4.52,4.51,4.53,1000000.0,1000000.0,,0,61,2026-02-03 00:08:47.607038
RTM1C54,0.08,0.07,0.09,1000000.0,1000000.0,,0,61,2026-02-03 00:08:47.607038
RTM1P54,5.46,5.45,5.47,1000000.0,1000000.0,,0,61,2026-02-03 00:08:47.607038
RTM,48.95,48.94,48.96,100000000.0,100000000.0,0,0,62,2026-02-03 00:08:48.667376
RTM1C45,4.08,4.07,4.09,1000000.0,1000000.0,0,0,62,2026-02-03 00:08:48.667376
RTM1P45,0.13,0.12,0.14,1000000.0,1000000.0,0,0,62,2026-02-03 00:08:48.667376
RTM1C46,3.22,3.21,3.23,1000000.0,1000000.0,0,0,62,2026-02-03 00:08:48.667376
RTM1P46,0.27,0.26,0.28,1000000.0,1000000.0,0,0,62,2026-02-03 00:08:48.667376
RTM1C47,2.45,2.44,2.46,1000000.0,1000000.0,0,0,62,2026-02-03 00:08:48.667376
RTM1P47,0.5,0.49,0.51,1000000.0,1000000.0,0,0,62,2026-02-03 00:08:48.667376
RTM1C48,1.77,1.76,1.78,1000000.0,1000000.0,0,0,62,2026-02-03 00:08:48.667376
RTM1P48,0.82,0.81,0.83,1000000.0,1000000.0,0,0,62,2026-02-03 00:08:48.667376
RTM1C49,1.23,1.22,1.24,1000000.0,1000000.0,0,0,62,2026-02-03 00:08:48.667376
RTM1P49,1.29,1.28,1.3,1000000.0,1000000.0,0,0,62,2026-02-03 00:08:48.667376
RTM1C50,0.81,0.8,0.82,1000000.0,1000000.0,0,0,62,2026-02-03 00:08:48.667376
RTM1P50,1.87,1.86,1.88,1000000.0,1000000.0,0,0,62,2026-02-03 00:08:48.667376
RTM1C51,0.53,0.52,0.54,1000000.0,1000000.0,0,0,62,2026-02-03 00:08:48.667376
