ticker,last_price,bid_price,ask_price,BUY_ANON,SELL_ANON,BUY_DUBL-1,SELL_GIOT-1,BUY_UEBR-3,BUY_GIOT-1,SELL_DUBL-1,BUY_UBCT-2,SELL_UBCT-2,SELL_UEBR-3,tick,timestamp,news_news_id,news_period,news_tick,news_ticker,news_headline,news_body
RTM,49.99,49.99,0.0,100000000.0,100000000.0,0,0,0,0,0,0,0,0,1,2026-02-05 09:54:03.731996,2.0,1.0,1.0,Week 1,Delta limit and penalty,The delta limit for this sub-heat is 15000 and the penalty percentage is 2%
RTM1C45,5.09,0.0,0.0,1000000.0,1000000.0,0,0,0,0,0,0,0,0,1,2026-02-05 09:54:03.731996,1.0,1.0,1.0,Week 1,Risk free rate and current annualized volatility of RTM,The current risk free rate is 0%. RTM is an ETF that mimics one of the major indices in the simulated world and its current annualized realized volatility is 19%. This simulation consists of 20 trading days that are each 15 ticks in length.
RTM1P45,0.09,0.0,0.0,1000000.0,1000000.0,0,0,0,0,0,0,0,0,1,2026-02-05 09:54:03.731996,,,,,,
RTM1C46,4.18,0.0,0.0,1000000.0,1000000.0,0,0,0,0,0,0,0,0,1,2026-02-05 09:54:03.731996,,,,,,
RTM1P46,0.18,0.0,0.0,1000000.0,1000000.0,0,0,0,0,0,0,0,0,1,2026-02-05 09:54:03.731996,,,,,,
RTM1C47,3.34,0.0,0.0,1000000.0,1000000.0,0,0,0,0,0,0,0,0,1,2026-02-05 09:54:03.731996,,,,,,
RTM1P47,0.34,0.0,0.0,1000000.0,1000000.0,0,0,0,0,0,0,0,0,1,2026-02-05 09:54:03.731996,,,,,,
RTM1C48,2.58,0.0,0.0,1000000.0,1000000.0,0,0,0,0,0,0,0,0,1,2026-02-05 09:54:03.731996,,,,,,
RTM1P48,0.58,0.0,0.0,1000000.0,1000000.0,0,0,0,0,0,0,0,0,1,2026-02-05 09:54:03.731996,,,,,,
RTM1C49,2.06,0.0,0.0,1000000.0,1000000.0,0,0,0,0,0,0,0,0,1,2026-02-05 09:54:03.731996,,,,,,
RTM1P49,1.06,0.0,0.0,1000000.0,1000000.0,0,0,0,0,0,0,0,0,1,2026-02-05 09:54:03.731996,,,,,,
RTM1C50,1.36,0.0,0.0,1000000.0,1000000.0,0,0,0,0,0,0,0,0,1,2026-02-05 09:54:03.731996,,,,,,
RTM1P50,1.36,0.0,0.0,1000000.0,1000000.0,0,0,0,0,0,0,0,0,1,2026-02-05 09:54:03.731996,,,,,,
RTM1C51,0.98,0.0,0.0,1000000.0,1000000.0,0,0,0,0,0,0,0,0,1,2026-02-05 09:54:03.731996,,,,,,
RTM1P51,1.98,0.0,0.0,1000000.0,1000000.0,0,0,0,0,0,0,0,0,1,2026-02-05 09:54:03.731996,,,,,,
RTM1C52,0.56,0.0,0.0,1000000.0,1000000.0,0,0,0,0,0,0,0,0,1,2026-02-05 09:54:03.731996,,,,,,
RTM1P52,2.56,0.0,0.0,1000000.0,1000000.0,0,0,0,0,0,0,0,0,1,2026-02-05 09:54:03.731996,,,,,,
RTM1C53,0.4,0.0,0.0,1000000.0,1000000.0,0,0,0,0,0,0,0,0,1,2026-02-05 09:54:03.731996,,,,,,
RTM1P53,3.4,0.0,0.0,1000000.0,1000000.0,0,0,0,0,0,0,0,0,1,2026-02-05 09:54:03.731996,,,,,,
RTM1C54,0.24,0.0,0.0,1000000.0,1000000.0,0,0,0,0,0,0,0,0,1,2026-02-05 09:54:03.731996,,,,,,
RTM1P54,4.24,0.0,0.0,1000000.0,1000000.0,0,0,0,0,0,0,0,0,1,2026-02-05 09:54:03.731996,,,,,,
RTM,49.82,49.8,49.82,100000000.0,100000000.0,0,0,0,0,0,0,0,0,2,2026-02-05 09:54:04.325892
RTM1C45,4.9,4.88,4.9,1000000.0,1000000.0,0,0,0,0,0,0,0,0,2,2026-02-05 09:54:04.325892
RTM1P45,0.09,0.08,0.1,1000000.0,1000000.0,0,0,0,0,0,0,0,0,2,2026-02-05 09:54:04.325892
RTM1C46,4.06,4.05,4.07,1000000.0,1000000.0,0,0,0,0,0,0,0,0,2,2026-02-05 09:54:04.325892
RTM1P46,0.25,0.24,0.26,1000000.0,1000000.0,0,0,0,0,0,0,0,0,2,2026-02-05 09:54:04.325892
RTM1C47,3.18,3.17,3.19,1000000.0,1000000.0,0,0,0,0,0,0,0,0,2,2026-02-05 09:54:04.325892
RTM1P47,0.37,0.36,0.38,1000000.0,1000000.0,0,0,0,0,0,0,0,0,2,2026-02-05 09:54:04.325892
RTM1C48,2.48,2.47,2.49,1000000.0,1000000.0,0,0,0,0,0,0,0,0,2,2026-02-05 09:54:04.325892
RTM1P48,0.67,0.66,0.68,1000000.0,1000000.0,0,0,0,0,0,0,0,0,2,2026-02-05 09:54:04.325892
RTM1C49,1.85,1.84,1.86,1000000.0,1000000.0,0,0,0,0,0,0,0,0,2,2026-02-05 09:54:04.325892
RTM1P49,1.04,1.03,1.05,1000000.0,1000000.0,0,0,0,0,0,0,0,0,2,2026-02-05 09:54:04.325892
RTM1C50,1.29,1.29,1.31,1000000.0,1000000.0,0,0,0,0,0,0,0,0,2,2026-02-05 09:54:04.325892
RTM1P50,1.49,1.48,1.5,1000000.0,1000000.0,0,0,0,0,0,0,0,0,2,2026-02-05 09:54:04.325892
RTM1C51,1.0,0.99,1.01,1000000.0,1000000.0,0,0,0,0,0,0,0,0,2,2026-02-05 09:54:04.325892
RTM1P51,2.19,2.18,2.2,1000000.0,1000000.0,0,0,0,0,0,0,0,0,2,2026-02-05 09:54:04.325892
RTM1C52,0.59,0.58,0.6,1000000.0,1000000.0,0,0,0,0,0,0,0,0,2,2026-02-05 09:54:04.325892
RTM1P52,2.79,2.78,2.8,1000000.0,1000000.0,0,0,0,0,0,0,0,0,2,2026-02-05 09:54:04.325892
RTM1C53,0.35,0.34,0.36,1000000.0,1000000.0,0,0,0,0,0,0,0,0,2,2026-02-05 09:54:04.325892
RTM1P53,3.55,3.54,3.56,1000000.0,1000000.0,0,0,0,0,0,0,0,0,2,2026-02-05 09:54:04.325892
RTM1C54,0.26,0.25,0.27,1000000.0,1000000.0,0,0,0,0,0,0,0,0,2,2026-02-05 09:54:04.325892
RTM1P54,4.46,4.45,4.47,1000000.0,1000000.0,0,0,0,0,0,0,0,0,2,2026-02-05 09:54:04.325892
RTM,50.01,49.99,50.01,100000000.0,100000000.0,0,0,0,0,0,0,0,0,3,2026-02-05 09:54:05.481029
RTM1C45,5.08,5.07,5.09,1000000.0,1000000.0,0,0,0,0,0,0,0,0,3,2026-02-05 09:54:05.481029
RTM1P45,0.08,0.07,0.09,1000000.0,1000000.0,0,0,0,0,0,0,0,0,3,2026-02-05 09:54:05.481029
RTM1C46,4.17,4.16,4.18,1000000.0,1000000.0,0,0,0,0,0,0,0,0,3,2026-02-05 09:54:05.481029
RTM1P46,0.16,0.15,0.17,1000000.0,1000000.0,0,0,0,0,0,0,0,0,3,2026-02-05 09:54:05.481029
RTM1C47,3.41,3.4,3.42,1000000.0,1000000.0,0,0,0,0,0,0,0,0,3,2026-02-05 09:54:05.481029
RTM1P47,0.41,0.4,0.42,1000000.0,1000000.0,0,0,0,0,0,0,0,0,3,2026-02-05 09:54:05.481029
RTM1C48,2.54,2.53,2.55,1000000.0,1000000.0,0,0,0,0,0,0,0,0,3,2026-02-05 09:54:05.481029
RTM1P48,0.54,0.53,0.55,1000000.0,1000000.0,0,0,0,0,0,0,0,0,3,2026-02-05 09:54:05.481029
RTM1C49,1.96,1.95,1.97,1000000.0,1000000.0,0,0,0,0,0,0,0,0,3,2026-02-05 09:54:05.481029
RTM1P49,0.96,0.95,0.97,1000000.0,1000000.0,0,0,0,0,0,0,0,0,3,2026-02-05 09:54:05.481029
RTM1C50,1.38,1.37,1.39,1000000.0,1000000.0,0,0,0,0,0,0,0,0,3,2026-02-05 09:54:05.481029
RTM1P50,1.38,1.37,1.39,1000000.0,1000000.0,0,0,0,0,0,0,0,0,3,2026-02-05 09:54:05.481029
RTM1C51,1.02,1.01,1.03,1000000.0,1000000.0,0,0,0,0,0,0,0,0,3,2026-02-05 09:54:05.481029
RTM1P51,2.02,2.01,2.03,1000000.0,1000000.0,0,0,0,0,0,0,0,0,3,2026-02-05 09:54:05.481029
RTM1C52,0.62,0.61,0.63,1000000.0,1000000.0,0,0,0,0,0,0,0,0,3,2026-02-05 09:54:05.481029
RTM1P52,2.62,2.61,2.63,1000000.0,1000000.0,0,0,0,0,0,0,0,0,3,2026-02-05 09:54:05.481029
RTM1C53,0.36,0.35,0.37,1000000.0,1000000.0,0,0,0,0,0,0,0,0,3,2026-02-05 09:54:05.481029
RTM1P53,3.36,3.35,3.37,1000000.0,1000000.0,0,0,0,0,0,0,0,0,3,2026-02-05 09:54:05.481029
RTM1C54,0.2,0.19,0.21,1000000.0,1000000.0,0,0,0,0,0,0,0,0,3,2026-02-05 09:54:05.481029
RTM1P54,4.2,4.19,4.21,1000000.0,1000000.0,0,0,0,0,0,0,0,0,3,2026-02-05 09:54:05.481029
RTM,49.92,49.92,49.94,100000000.0,100000000.0,0,0,0,0,0,0,0,0,4,2026-02-05 09:54:06.566664
RTM1C45,5.0,4.99,5.01,1000000.0,1000000.0,0,0,0,0,0,0,0,0,4,2026-02-05 09:54:06.566664
RTM1P45,0.08,0.07,0.09,1000000.0,1000000.0,0,0,0,0,0,0,0,0,4,2026-02-05 09:54:06.566664
RTM1C46,4.09,4.08,4.1,1000000.0,1000000.0,0,0,0,0,0,0,0,0,4,2026-02-05 09:54:06.566664
RTM1P46,0.16,0.15,0.17,1000000.0,1000000.0,0,0,0,0,0,0,0,0,4,2026-02-05 09:54:06.566664
RTM1C47,3.23,3.22,3.24,1000000.0,1000000.0,0,0,0,0,0,0,0,0,4,2026-02-05 09:54:06.566664
RTM1P47,0.3,0.29,0.31,1000000.0,1000000.0,0,0,0,0,0,0,0,0,4,2026-02-05 09:54:06.566664
RTM1C48,2.56,2.55,2.57,1000000.0,1000000.0,0,0,0,0,0,0,0,0,4,2026-02-05 09:54:06.566664
RTM1P48,0.63,0.62,0.64,1000000.0,1000000.0,0,0,0,0,0,0,0,0,4,2026-02-05 09:54:06.566664
RTM1C49,1.93,1.92,1.94,1000000.0,1000000.0,0,0,0,0,0,0,0,0,4,2026-02-05 09:54:06.566664
RTM1P49,1.0,0.99,1.01,1000000.0,1000000.0,0,0,0,0,0,0,0,0,4,2026-02-05 09:54:06.566664
RTM1C50,1.32,1.31,1.33,1000000.0,1000000.0,0,0,0,0,0,0,0,0,4,2026-02-05 09:54:06.566664
RTM1P50,1.4,1.39,1.41,1000000.0,1000000.0,0,0,0,0,0,0,0,0,4,2026-02-05 09:54:06.566664
RTM1C51,0.85,0.84,0.86,1000000.0,1000000.0,0,0,0,0,0,0,0,0,4,2026-02-05 09:54:06.566664
RTM1P51,1.93,1.92,1.94,1000000.0,1000000.0,0,0,0,0,0,0,0,0,4,2026-02-05 09:54:06.566664
RTM1C52,0.69,0.68,0.7,1000000.0,1000000.0,0,0,0,0,0,0,0,0,4,2026-02-05 09:54:06.566664
RTM1P52,2.77,2.75,2.77,1000000.0,1000000.0,0,0,0,0,0,0,0,0,4,2026-02-05 09:54:06.566664
RTM1C53,0.42,0.41,0.43,1000000.0,1000000.0,0,0,0,0,0,0,0,0,4,2026-02-05 09:54:06.566664
RTM1P53,3.5,3.48,3.5,1000000.0,1000000.0,0,0,0,0,0,0,0,0,4,2026-02-05 09:54:06.566664
RTM1C54,0.28,0.27,0.29,1000000.0,1000000.0,0,0,0,0,0,0,0,0,4,2026-02-05 09:54:06.566664
RTM1P54,4.35,4.34,4.36,1000000.0,1000000.0,0,0,0,0,0,0,0,0,4,2026-02-05 09:54:06.566664
RTM,49.88,49.87,49.89,100000000.0,100000000.0,0,0,0,0,0,0,0,0,5,2026-02-05 09:54:07.623985
RTM1C45,5.01,5.0,5.02,1000000.0,1000000.0,0,0,0,0,0,0,0,0,5,2026-02-05 09:54:07.623985
RTM1P45,0.13,0.12,0.14,1000000.0,1000000.0,0,0,0,0,0,0,0,0,5,2026-02-05 09:54:07.623985
RTM1C46,4.04,4.03,4.05,1000000.0,1000000.0,0,0,0,0,0,0,0,0,5,2026-02-05 09:54:07.623985
RTM1P46,0.16,0.15,0.17,1000000.0,1000000.0,0,0,0,0,0,0,0,0,5,2026-02-05 09:54:07.623985
RTM1C47,3.3,3.29,3.31,1000000.0,1000000.0,0,0,0,0,0,0,0,0,5,2026-02-05 09:54:07.623985
RTM1P47,0.43,0.42,0.44,1000000.0,1000000.0,0,0,0,0,0,0,0,0,5,2026-02-05 09:54:07.623985
RTM1C48,2.44,2.43,2.45,1000000.0,1000000.0,0,0,0,0,0,0,0,0,5,2026-02-05 09:54:07.623985
RTM1P48,0.56,0.55,0.57,1000000.0,1000000.0,0,0,0,0,0,0,0,0,5,2026-02-05 09:54:07.623985
RTM1C49,1.88,1.87,1.89,1000000.0,1000000.0,0,0,0,0,0,0,0,0,5,2026-02-05 09:54:07.623985
RTM1P49,1.0,0.99,1.01,1000000.0,1000000.0,0,0,0,0,0,0,0,0,5,2026-02-05 09:54:07.623985
RTM1C50,1.37,1.36,1.38,1000000.0,1000000.0,0,0,0,0,0,0,0,0,5,2026-02-05 09:54:07.623985
RTM1P50,1.49,1.48,1.5,1000000.0,1000000.0,0,0,0,0,0,0,0,0,5,2026-02-05 09:54:07.623985
RTM1C51,0.9,0.89,0.91,1000000.0,1000000.0,0,0,0,0,0,0,0,0,5,2026-02-05 09:54:07.623985
RTM1P51,2.02,2.01,2.03,1000000.0,1000000.0,0,0,0,0,0,0,0,0,5,2026-02-05 09:54:07.623985
RTM1C52,0.61,0.6,0.62,1000000.0,1000000.0,0,0,0,0,0,0,0,0,5,2026-02-05 09:54:07.623985
RTM1P52,2.73,2.72,2.74,1000000.0,1000000.0,0,0,0,0,0,0,0,0,5,2026-02-05 09:54:07.623985
RTM1C53,0.4,0.39,0.41,1000000.0,1000000.0,0,0,0,0,0,0,0,0,5,2026-02-05 09:54:07.623985
RTM1P53,3.52,3.51,3.53,1000000.0,1000000.0,0,0,0,0,0,0,0,0,5,2026-02-05 09:54:07.623985
RTM1C54,0.18,0.17,0.19,1000000.0,1000000.0,0,0,0,0,0,0,0,0,5,2026-02-05 09:54:07.623985
RTM1P54,4.3,4.29,4.31,1000000.0,1000000.0,0,0,0,0,0,0,0,0,5,2026-02-05 09:54:07.623985
RTM,50.19,50.18,50.2,100000000.0,100000000.0,0,0,0,0,0,0,0,0,6,2026-02-05 09:54:08.188118
RTM1C45,5.27,5.26,5.28,1000000.0,1000000.0,0,0,0,0,0,0,0,0,6,2026-02-05 09:54:08.188118
RTM1P45,0.08,0.07,0.09,1000000.0,1000000.0,0,0,0,0,0,0,0,0,6,2026-02-05 09:54:08.188118
RTM1C46,4.37,4.36,4.38,1000000.0,1000000.0,0,0,0,0,0,0,0,0,6,2026-02-05 09:54:08.188118
RTM1P46,0.19,0.18,0.2,1000000.0,1000000.0,0,0,0,0,0,0,0,0,6,2026-02-05 09:54:08.188118
RTM1C47,3.47,3.46,3.48,1000000.0,1000000.0,0,0,0,0,0,0,0,0,6,2026-02-05 09:54:08.188118
RTM1P47,0.29,0.28,0.3,1000000.0,1000000.0,0,0,0,0,0,0,0,0,6,2026-02-05 09:54:08.188118
RTM1C48,2.69,2.68,2.7,1000000.0,1000000.0,0,0,0,0,0,0,0,0,6,2026-02-05 09:54:08.188118
RTM1P48,0.51,0.5,0.52,1000000.0,1000000.0,0,0,0,0,0,0,0,0,6,2026-02-05 09:54:08.188118
RTM1C49,2.06,2.05,2.07,1000000.0,1000000.0,0,0,0,0,0,0,0,0,6,2026-02-05 09:54:08.188118
RTM1P49,0.87,0.86,0.88,1000000.0,1000000.0,0,0,0,0,0,0,0,0,6,2026-02-05 09:54:08.188118
RTM1C50,1.56,1.55,1.57,1000000.0,1000000.0,0,0,0,0,0,0,0,0,6,2026-02-05 09:54:08.188118
RTM1P50,1.37,1.36,1.38,1000000.0,1000000.0,0,0,0,0,0,0,0,0,6,2026-02-05 09:54:08.188118
RTM1C51,0.96,0.95,0.97,1000000.0,1000000.0,0,0,0,0,0,0,0,0,6,2026-02-05 09:54:08.188118
RTM1P51,1.78,1.77,1.79,1000000.0,1000000.0,0,0,0,0,0,0,0,0,6,2026-02-05 09:54:08.188118
RTM1C52,0.65,0.64,0.66,1000000.0,1000000.0,0,0,0,0,0,0,0,0,6,2026-02-05 09:54:08.188118
RTM1P52,2.46,2.45,2.47,1000000.0,1000000.0,0,0,0,0,0,0,0,0,6,2026-02-05 09:54:08.188118
RTM1C53,0.4,0.39,0.41,1000000.0,1000000.0,0,0,0,0,0,0,0,0,6,2026-02-05 09:54:08.188118
RTM1P53,3.22,3.21,3.23,1000000.0,1000000.0,0,0,0,0,0,0,0,0,6,2026-02-05 09:54:08.188118
RTM1C54,0.31,0.3,0.32,1000000.0,1000000.0,0,0,0,0,0,0,0,0,6,2026-02-05 09:54:08.188118
RTM1P54,4.13,4.12,4.14,1000000.0,1000000.0,0,0,0,0,0,0,0,0,6,2026-02-05 09:54:08.188118
RTM,50.28,50.27,50.29,100000000.0,100000000.0,0,0,0,0,0,0,0,0,7,2026-02-05 09:54:09.261621
RTM1C45,5.37,5.36,5.38,1000000.0,1000000.0,0,0,0,0,0,0,0,0,7,2026-02-05 09:54:09.261621
RTM1P45,0.09,0.08,0.1,1000000.0,1000000.0,0,0,0,0,0,0,0,0,7,2026-02-05 09:54:09.261621
RTM1C46,4.4,4.39,4.41,1000000.0,1000000.0,0,0,0,0,0,0,0,0,7,2026-02-05 09:54:09.261621
RTM1P46,0.12,0.11,0.13,1000000.0,1000000.0,0,0,0,0,0,0,0,0,7,2026-02-05 09:54:09.261621
RTM1C47,3.58,3.57,3.59,1000000.0,1000000.0,0,0,0,0,0,0,0,0,7,2026-02-05 09:54:09.261621
RTM1P47,0.3,0.29,0.31,1000000.0,1000000.0,0,0,0,0,0,0,0,0,7,2026-02-05 09:54:09.261621
RTM1C48,2.75,2.74,2.76,1000000.0,1000000.0,0,0,0,0,0,0,0,0,7,2026-02-05 09:54:09.261621
RTM1P48,0.47,0.46,0.48,1000000.0,1000000.0,0,0,0,0,0,0,0,0,7,2026-02-05 09:54:09.261621
RTM1C49,2.08,2.07,2.09,1000000.0,1000000.0,0,0,0,0,0,0,0,0,7,2026-02-05 09:54:09.261621
RTM1P49,0.8,0.79,0.81,1000000.0,1000000.0,0,0,0,0,0,0,0,0,7,2026-02-05 09:54:09.261621
RTM1C50,1.46,1.45,1.47,1000000.0,1000000.0,0,0,0,0,0,0,0,0,7,2026-02-05 09:54:09.261621
RTM1P50,1.18,1.17,1.19,1000000.0,1000000.0,0,0,0,0,0,0,0,0,7,2026-02-05 09:54:09.261621
RTM1C51,1.02,1.01,1.03,1000000.0,1000000.0,0,0,0,0,0,0,0,0,7,2026-02-05 09:54:09.261621
RTM1P51,1.75,1.74,1.76,1000000.0,1000000.0,0,0,0,0,0,0,0,0,7,2026-02-05 09:54:09.261621
RTM1C52,0.75,0.74,0.76,1000000.0,1000000.0,0,0,0,0,0,0,0,0,7,2026-02-05 09:54:09.261621
RTM1P52,2.47,2.46,2.48,1000000.0,1000000.0,0,0,0,0,0,0,0,0,7,2026-02-05 09:54:09.261621
RTM1C53,0.46,0.45,0.47,1000000.0,1000000.0,0,0,0,0,0,0,0,0,7,2026-02-05 09:54:09.261621
RTM1P53,3.18,3.17,3.19,1000000.0,1000000.0,0,0,0,0,0,0,0,0,7,2026-02-05 09:54:09.261621
RTM1C54,0.3,0.29,0.31,1000000.0,1000000.0,0,0,0,0,0,0,0,0,7,2026-02-05 09:54:09.261621
RTM1P54,4.02,4.01,4.03,1000000.0,1000000.0,0,0,0,0,0,0,0,0,7,2026-02-05 09:54:09.261621
RTM,50.22,50.21,50.23,100000000.0,100000000.0,0,0,0,0,0,0,0,0,8,2026-02-05 09:54:10.338585
RTM1C45,5.31,5.3,5.32,1000000.0,1000000.0,0,0,0,0,0,0,0,0,8,2026-02-05 09:54:10.338585
RTM1P45,0.09,0.08,0.1,1000000.0,1000000.0,0,0,0,0,0,0,0,0,8,2026-02-05 09:54:10.338585
RTM1C46,4.4,4.39,4.41,1000000.0,1000000.0,0,0,0,0,0,0,0,0,8,2026-02-05 09:54:10.338585
RTM1P46,0.18,0.17,0.19,1000000.0,1000000.0,0,0,0,0,0,0,0,0,8,2026-02-05 09:54:10.338585
RTM1C47,3.51,3.5,3.52,1000000.0,1000000.0,0,0,0,0,0,0,0,0,8,2026-02-05 09:54:10.338585
RTM1P47,0.28,0.27,0.29,1000000.0,1000000.0,0,0,0,0,0,0,0,0,8,2026-02-05 09:54:10.338585
RTM1C48,2.67,2.66,2.68,1000000.0,1000000.0,0,0,0,0,0,0,0,0,8,2026-02-05 09:54:10.338585
RTM1P48,0.45,0.44,0.46,1000000.0,1000000.0,0,0,0,0,0,0,0,0,8,2026-02-05 09:54:10.338585
RTM1C49,2.05,2.04,2.06,1000000.0,1000000.0,0,0,0,0,0,0,0,0,8,2026-02-05 09:54:10.338585
RTM1P49,0.82,0.81,0.83,1000000.0,1000000.0,0,0,0,0,0,0,0,0,8,2026-02-05 09:54:10.338585
RTM1C50,1.47,1.46,1.48,1000000.0,1000000.0,0,0,0,0,0,0,0,0,8,2026-02-05 09:54:10.338585
RTM1P50,1.25,1.24,1.26,1000000.0,1000000.0,0,0,0,0,0,0,0,0,8,2026-02-05 09:54:10.338585
RTM1C51,0.99,0.98,1.0,1000000.0,1000000.0,0,0,0,0,0,0,0,0,8,2026-02-05 09:54:10.338585
RTM1P51,1.77,1.76,1.78,1000000.0,1000000.0,0,0,0,0,0,0,0,0,8,2026-02-05 09:54:10.338585
RTM1C52,0.6,0.59,0.61,1000000.0,1000000.0,0,0,0,0,0,0,0,0,8,2026-02-05 09:54:10.338585
RTM1P52,2.38,2.37,2.39,1000000.0,1000000.0,0,0,0,0,0,0,0,0,8,2026-02-05 09:54:10.338585
RTM1C53,0.47,0.46,0.48,1000000.0,1000000.0,0,0,0,0,0,0,0,0,8,2026-02-05 09:54:10.338585
RTM1P53,3.25,3.24,3.26,1000000.0,1000000.0,0,0,0,0,0,0,0,0,8,2026-02-05 09:54:10.338585
RTM1C54,0.32,0.31,0.33,1000000.0,1000000.0,0,0,0,0,0,0,0,0,8,2026-02-05 09:54:10.338585
RTM1P54,4.1,4.09,4.11,1000000.0,1000000.0,0,0,0,0,0,0,0,0,8,2026-02-05 09:54:10.338585
RTM,50.32,50.31,50.33,100000000.0,100000000.0,0,0,0,0,0,0,0,0,9,2026-02-05 09:54:11.446868
RTM1C45,5.38,5.37,5.39,1000000.0,1000000.0,0,0,0,0,0,0,0,0,9,2026-02-05 09:54:11.446868
RTM1P45,0.06,0.05,0.07,1000000.0,1000000.0,0,0,0,0,0,0,0,0,9,2026-02-05 09:54:11.446868
RTM1C46,4.47,4.46,4.48,1000000.0,1000000.0,0,0,0,0,0,0,0,0,9,2026-02-05 09:54:11.446868
RTM1P46,0.15,0.14,0.16,1000000.0,1000000.0,0,0,0,0,0,0,0,0,9,2026-02-05 09:54:11.446868
RTM1C47,3.55,3.54,3.56,1000000.0,1000000.0,0,0,0,0,0,0,0,0,9,2026-02-05 09:54:11.446868
RTM1P47,0.23,0.22,0.24,1000000.0,1000000.0,0,0,0,0,0,0,0,0,9,2026-02-05 09:54:11.446868
RTM1C48,2.85,2.84,2.86,1000000.0,1000000.0,0,0,0,0,0,0,0,0,9,2026-02-05 09:54:11.446868
RTM1P48,0.54,0.53,0.55,1000000.0,1000000.0,0,0,0,0,0,0,0,0,9,2026-02-05 09:54:11.446868
RTM1C49,2.03,2.02,2.04,1000000.0,1000000.0,0,0,0,0,0,0,0,0,9,2026-02-05 09:54:11.446868
RTM1P49,0.71,0.7,0.72,1000000.0,1000000.0,0,0,0,0,0,0,0,0,9,2026-02-05 09:54:11.446868
RTM1C50,1.46,1.45,1.47,1000000.0,1000000.0,0,0,0,0,0,0,0,0,9,2026-02-05 09:54:11.446868
RTM1P50,1.15,1.14,1.16,1000000.0,1000000.0,0,0,0,0,0,0,0,0,9,2026-02-05 09:54:11.446868
RTM1C51,1.11,1.1,1.12,1000000.0,1000000.0,0,0,0,0,0,0,0,0,9,2026-02-05 09:54:11.446868
RTM1P51,1.79,1.78,1.8,1000000.0,1000000.0,0,0,0,0,0,0,0,0,9,2026-02-05 09:54:11.446868
RTM1C52,0.71,0.7,0.72,1000000.0,1000000.0,0,0,0,0,0,0,0,0,9,2026-02-05 09:54:11.446868
RTM1P52,2.39,2.38,2.4,1000000.0,1000000.0,0,0,0,0,0,0,0,0,9,2026-02-05 09:54:11.446868
RTM1C53,0.44,0.43,0.45,1000000.0,1000000.0,0,0,0,0,0,0,0,0,9,2026-02-05 09:54:11.446868
RTM1P53,3.12,3.11,3.13,1000000.0,1000000.0,0,0,0,0,0,0,0,0,9,2026-02-05 09:54:11.446868
RTM1C54,0.24,0.23,0.25,1000000.0,1000000.0,0,0,0,0,0,0,0,0,9,2026-02-05 09:54:11.446868
RTM1P54,3.93,3.92,3.94,1000000.0,1000000.0,0,0,0,0,0,0,0,0,9,2026-02-05 09:54:11.446868
RTM,50.2,50.19,50.21,100000000.0,100000000.0,0,0,0,0,0,0,0,0,10,2026-02-05 09:54:12.518596
RTM1C45,5.28,5.27,5.29,1000000.0,1000000.0,0,0,0,0,0,0,0,0,10,2026-02-05 09:54:12.518596
RTM1P45,0.07,0.06,0.08,1000000.0,1000000.0,0,0,0,0,0,0,0,0,10,2026-02-05 09:54:12.518596
RTM1C46,4.32,4.31,4.33,1000000.0,1000000.0,0,0,0,0,0,0,0,0,10,2026-02-05 09:54:12.518596
RTM1P46,0.12,0.11,0.13,1000000.0,1000000.0,0,0,0,0,0,0,0,0,10,2026-02-05 09:54:12.518596
RTM1C47,3.51,3.5,3.52,1000000.0,1000000.0,0,0,0,0,0,0,0,0,10,2026-02-05 09:54:12.518596
RTM1P47,0.31,0.3,0.32,1000000.0,1000000.0,0,0,0,0,0,0,0,0,10,2026-02-05 09:54:12.518596
RTM1C48,2.72,2.71,2.73,1000000.0,1000000.0,0,0,0,0,0,0,0,0,10,2026-02-05 09:54:12.518596
RTM1P48,0.51,0.5,0.52,1000000.0,1000000.0,0,0,0,0,0,0,0,0,10,2026-02-05 09:54:12.518596
RTM1C49,2.07,2.06,2.08,1000000.0,1000000.0,0,0,0,0,0,0,0,0,10,2026-02-05 09:54:12.518596
RTM1P49,0.87,0.86,0.88,1000000.0,1000000.0,0,0,0,0,0,0,0,0,10,2026-02-05 09:54:12.518596
RTM1C50,1.37,1.36,1.38,1000000.0,1000000.0,0,0,0,0,0,0,0,0,10,2026-02-05 09:54:12.518596
RTM1P50,1.17,1.16,1.18,1000000.0,1000000.0,0,0,0,0,0,0,0,0,10,2026-02-05 09:54:12.518596
RTM1C51,1.08,1.07,1.09,1000000.0,1000000.0,0,0,0,0,0,0,0,0,10,2026-02-05 09:54:12.518596
RTM1P51,1.87,1.86,1.88,1000000.0,1000000.0,0,0,0,0,0,0,0,0,10,2026-02-05 09:54:12.518596
RTM1C52,0.61,0.6,0.62,1000000.0,1000000.0,0,0,0,0,0,0,0,0,10,2026-02-05 09:54:12.518596
RTM1P52,2.41,2.4,2.42,1000000.0,1000000.0,0,0,0,0,0,0,0,0,10,2026-02-05 09:54:12.518596
RTM1C53,0.45,0.44,0.46,1000000.0,1000000.0,0,0,0,0,0,0,0,0,10,2026-02-05 09:54:12.518596
RTM1P53,3.25,3.24,3.26,1000000.0,1000000.0,0,0,0,0,0,0,0,0,10,2026-02-05 09:54:12.518596
RTM1C54,0.28,0.27,0.29,1000000.0,1000000.0,0,0,0,0,0,0,0,0,10,2026-02-05 09:54:12.518596
RTM1P54,4.07,4.06,4.08,1000000.0,1000000.0,0,0,0,0,0,0,0,0,10,2026-02-05 09:54:12.518596
RTM,49.87,49.86,49.88,100000000.0,100000000.0,0,0,0,0,0,0,0,0,11,2026-02-05 09:54:13.178616
RTM1C45,4.96,4.95,4.97,1000000.0,1000000.0,0,0,0,0,0,0,0,0,11,2026-02-05 09:54:13.178616
RTM1P45,0.08,0.07,0.09,1000000.0,1000000.0,0,0,0,0,0,0,0,0,11,2026-02-05 09:54:13.178616
RTM1C46,4.07,4.06,4.08,1000000.0,1000000.0,0,0,0,0,0,0,0,0,11,2026-02-05 09:54:13.178616
RTM1P46,0.2,0.19,0.21,1000000.0,1000000.0,0,0,0,0,0,0,0,0,11,2026-02-05 09:54:13.178616
RTM1C47,3.27,3.26,3.28,1000000.0,1000000.0,0,0,0,0,0,0,0,0,11,2026-02-05 09:54:13.178616
RTM1P47,0.39,0.38,0.4,1000000.0,1000000.0,0,0,0,0,0,0,0,0,11,2026-02-05 09:54:13.178616
RTM1C48,2.45,2.44,2.46,1000000.0,1000000.0,0,0,0,0,0,0,0,0,11,2026-02-05 09:54:13.178616
RTM1P48,0.58,0.57,0.59,1000000.0,1000000.0,0,0,0,0,0,0,0,0,11,2026-02-05 09:54:13.178616
RTM1C49,1.73,1.72,1.74,1000000.0,1000000.0,0,0,0,0,0,0,0,0,11,2026-02-05 09:54:13.178616
RTM1P49,0.85,0.84,0.86,1000000.0,1000000.0,0,0,0,0,0,0,0,0,11,2026-02-05 09:54:13.178616
RTM1C50,1.34,1.33,1.35,1000000.0,1000000.0,0,0,0,0,0,0,0,0,11,2026-02-05 09:54:13.178616
RTM1P50,1.47,1.46,1.48,1000000.0,1000000.0,0,0,0,0,0,0,0,0,11,2026-02-05 09:54:13.178616
RTM1C51,0.92,0.91,0.93,1000000.0,1000000.0,0,0,0,0,0,0,0,0,11,2026-02-05 09:54:13.178616
RTM1P51,2.04,2.03,2.05,1000000.0,1000000.0,0,0,0,0,0,0,0,0,11,2026-02-05 09:54:13.178616
RTM1C52,0.52,0.51,0.53,1000000.0,1000000.0,0,0,0,0,0,0,0,0,11,2026-02-05 09:54:13.178616
RTM1P52,2.64,2.63,2.65,1000000.0,1000000.0,0,0,0,0,0,0,0,0,11,2026-02-05 09:54:13.178616
RTM1C53,0.34,0.33,0.35,1000000.0,1000000.0,0,0,0,0,0,0,0,0,11,2026-02-05 09:54:13.178616
RTM1P53,3.47,3.46,3.48,1000000.0,1000000.0,0,0,0,0,0,0,0,0,11,2026-02-05 09:54:13.178616
RTM1C54,0.19,0.18,0.2,1000000.0,1000000.0,0,0,0,0,0,0,0,0,11,2026-02-05 09:54:13.178616
RTM1P54,4.31,4.3,4.32,1000000.0,1000000.0,0,0,0,0,0,0,0,0,11,2026-02-05 09:54:13.178616
RTM,49.97,49.96,49.98,100000000.0,100000000.0,0,0,0,0,0,0,0,0,12,2026-02-05 09:54:14.247621
RTM1C45,5.06,5.05,5.07,1000000.0,1000000.0,0,0,0,0,0,0,0,0,12,2026-02-05 09:54:14.247621
RTM1P45,0.09,0.08,0.1,1000000.0,1000000.0,0,0,0,0,0,0,0,0,12,2026-02-05 09:54:14.247621
RTM1C46,4.16,4.15,4.17,1000000.0,1000000.0,0,0,0,0,0,0,0,0,12,2026-02-05 09:54:14.247621
RTM1P46,0.19,0.18,0.2,1000000.0,1000000.0,0,0,0,0,0,0,0,0,12,2026-02-05 09:54:14.247621
RTM1C47,3.26,3.25,3.27,1000000.0,1000000.0,0,0,0,0,0,0,0,0,12,2026-02-05 09:54:14.247621
RTM1P47,0.29,0.28,0.3,1000000.0,1000000.0,0,0,0,0,0,0,0,0,12,2026-02-05 09:54:14.247621
RTM1C48,2.52,2.51,2.53,1000000.0,1000000.0,0,0,0,0,0,0,0,0,12,2026-02-05 09:54:14.247621
RTM1P48,0.55,0.54,0.56,1000000.0,1000000.0,0,0,0,0,0,0,0,0,12,2026-02-05 09:54:14.247621
RTM1C49,1.88,1.87,1.89,1000000.0,1000000.0,0,0,0,0,0,0,0,0,12,2026-02-05 09:54:14.247621
RTM1P49,0.91,0.9,0.92,1000000.0,1000000.0,0,0,0,0,0,0,0,0,12,2026-02-05 09:54:14.247621
RTM1C50,1.32,1.31,1.33,1000000.0,1000000.0,0,0,0,0,0,0,0,0,12,2026-02-05 09:54:14.247621
RTM1P50,1.35,1.34,1.36,1000000.0,1000000.0,0,0,0,0,0,0,0,0,12,2026-02-05 09:54:14.247621
RTM1C51,0.9,0.89,0.91,1000000.0,1000000.0,0,0,0,0,0,0,0,0,12,2026-02-05 09:54:14.247621
RTM1P51,1.94,1.93,1.95,1000000.0,1000000.0,0,0,0,0,0,0,0,0,12,2026-02-05 09:54:14.247621
RTM1C52,0.59,0.58,0.6,1000000.0,1000000.0,0,0,0,0,0,0,0,0,12,2026-02-05 09:54:14.247621
RTM1P52,2.62,2.61,2.63,1000000.0,1000000.0,0,0,0,0,0,0,0,0,12,2026-02-05 09:54:14.247621
RTM1C53,0.32,0.31,0.33,1000000.0,1000000.0,0,0,0,0,0,0,0,0,12,2026-02-05 09:54:14.247621
RTM1P53,3.35,3.34,3.36,1000000.0,1000000.0,0,0,0,0,0,0,0,0,12,2026-02-05 09:54:14.247621
RTM1C54,0.21,0.2,0.22,1000000.0,1000000.0,0,0,0,0,0,0,0,0,12,2026-02-05 09:54:14.247621
RTM1P54,4.24,4.23,4.25,1000000.0,1000000.0,0,0,0,0,0,0,0,0,12,2026-02-05 09:54:14.247621
RTM,50.01,49.99,50.01,100000000.0,100000000.0,0,0,0,0,0,0,0,0,13,2026-02-05 09:54:15.390601
RTM1C45,5.05,5.04,5.06,1000000.0,1000000.0,0,0,0,0,0,0,0,0,13,2026-02-05 09:54:15.390601
RTM1P45,0.05,0.04,0.06,1000000.0,1000000.0,0,0,0,0,0,0,0,0,13,2026-02-05 09:54:15.390601
RTM1C46,4.14,4.13,4.15,1000000.0,1000000.0,0,0,0,0,0,0,0,0,13,2026-02-05 09:54:15.390601
RTM1P46,0.14,0.13,0.15,1000000.0,1000000.0,0,0,0,0,0,0,0,0,13,2026-02-05 09:54:15.390601
RTM1C47,3.33,3.32,3.34,1000000.0,1000000.0,0,0,0,0,0,0,0,0,13,2026-02-05 09:54:15.390601
RTM1P47,0.33,0.32,0.34,1000000.0,1000000.0,0,0,0,0,0,0,0,0,13,2026-02-05 09:54:15.390601
RTM1C48,2.54,2.53,2.55,1000000.0,1000000.0,0,0,0,0,0,0,0,0,13,2026-02-05 09:54:15.390601
RTM1P48,0.54,0.53,0.55,1000000.0,1000000.0,0,0,0,0,0,0,0,0,13,2026-02-05 09:54:15.390601
RTM1C49,1.83,1.82,1.84,1000000.0,1000000.0,0,0,0,0,0,0,0,0,13,2026-02-05 09:54:15.390601
RTM1P49,0.83,0.82,0.84,1000000.0,1000000.0,0,0,0,0,0,0,0,0,13,2026-02-05 09:54:15.390601
RTM1C50,1.26,1.25,1.27,1000000.0,1000000.0,0,0,0,0,0,0,0,0,13,2026-02-05 09:54:15.390601
RTM1P50,1.26,1.25,1.27,1000000.0,1000000.0,0,0,0,0,0,0,0,0,13,2026-02-05 09:54:15.390601
RTM1C51,0.87,0.86,0.88,1000000.0,1000000.0,0,0,0,0,0,0,0,0,13,2026-02-05 09:54:15.390601
RTM1P51,1.87,1.86,1.88,1000000.0,1000000.0,0,0,0,0,0,0,0,0,13,2026-02-05 09:54:15.390601
RTM1C52,0.51,0.5,0.52,1000000.0,1000000.0,0,0,0,0,0,0,0,0,13,2026-02-05 09:54:15.390601
RTM1P52,2.52,2.51,2.53,1000000.0,1000000.0,0,0,0,0,0,0,0,0,13,2026-02-05 09:54:15.390601
RTM1C53,0.41,0.4,0.42,1000000.0,1000000.0,0,0,0,0,0,0,0,0,13,2026-02-05 09:54:15.390601
RTM1P53,3.41,3.4,3.42,1000000.0,1000000.0,0,0,0,0,0,0,0,0,13,2026-02-05 09:54:15.390601
RTM1C54,0.21,0.2,0.22,1000000.0,1000000.0,0,0,0,0,0,0,0,0,13,2026-02-05 09:54:15.390601
RTM1P54,4.22,4.21,4.23,1000000.0,1000000.0,0,0,0,0,0,0,0,0,13,2026-02-05 09:54:15.390601
RTM,49.98,49.96,49.98,100000000.0,100000000.0,0,0,0,0,0,0,0,0,14,2026-02-05 09:54:16.549731
RTM1C45,5.03,5.02,5.04,1000000.0,1000000.0,0,0,0,0,0,0,0,0,14,2026-02-05 09:54:16.549731
RTM1P45,0.07,0.06,0.08,1000000.0,1000000.0,0,0,0,0,0,0,0,0,14,2026-02-05 09:54:16.549731
RTM1C46,4.16,4.15,4.17,1000000.0,1000000.0,0,0,0,0,0,0,0,0,14,2026-02-05 09:54:16.549731
RTM1P46,0.19,0.18,0.2,1000000.0,1000000.0,0,0,0,0,0,0,0,0,14,2026-02-05 09:54:16.549731
RTM1C47,3.25,3.24,3.26,1000000.0,1000000.0,0,0,0,0,0,0,0,0,14,2026-02-05 09:54:16.549731
RTM1P47,0.28,0.27,0.29,1000000.0,1000000.0,0,0,0,0,0,0,0,0,14,2026-02-05 09:54:16.549731
RTM1C48,2.49,2.48,2.5,1000000.0,1000000.0,0,0,0,0,0,0,0,0,14,2026-02-05 09:54:16.549731
RTM1P48,0.52,0.51,0.53,1000000.0,1000000.0,0,0,0,0,0,0,0,0,14,2026-02-05 09:54:16.549731
RTM1C49,1.78,1.77,1.79,1000000.0,1000000.0,0,0,0,0,0,0,0,0,14,2026-02-05 09:54:16.549731
RTM1P49,0.81,0.8,0.82,1000000.0,1000000.0,0,0,0,0,0,0,0,0,14,2026-02-05 09:54:16.549731
RTM1C50,1.31,1.3,1.32,1000000.0,1000000.0,0,0,0,0,0,0,0,0,14,2026-02-05 09:54:16.549731
RTM1P50,1.35,1.34,1.36,1000000.0,1000000.0,0,0,0,0,0,0,0,0,14,2026-02-05 09:54:16.549731
RTM1C51,0.83,0.82,0.84,1000000.0,1000000.0,0,0,0,0,0,0,0,0,14,2026-02-05 09:54:16.549731
RTM1P51,1.87,1.86,1.88,1000000.0,1000000.0,0,0,0,0,0,0,0,0,14,2026-02-05 09:54:16.549731
RTM1C52,0.57,0.56,0.58,1000000.0,1000000.0,0,0,0,0,0,0,0,0,14,2026-02-05 09:54:16.549731
RTM1P52,2.61,2.6,2.62,1000000.0,1000000.0,0,0,0,0,0,0,0,0,14,2026-02-05 09:54:16.549731
RTM1C53,0.34,0.33,0.35,1000000.0,1000000.0,0,0,0,0,0,0,0,0,14,2026-02-05 09:54:16.549731
RTM1P53,3.38,3.37,3.39,1000000.0,1000000.0,0,0,0,0,0,0,0,0,14,2026-02-05 09:54:16.549731
RTM1C54,0.2,0.19,0.21,1000000.0,1000000.0,0,0,0,0,0,0,0,0,14,2026-02-05 09:54:16.549731
RTM1P54,4.24,4.23,4.25,1000000.0,1000000.0,0,0,0,0,0,0,0,0,14,2026-02-05 09:54:16.549731
RTM,49.98,49.97,49.99,100000000.0,100000000.0,0,0,0,0,0,0,0,0,15,2026-02-05 09:54:17.630411
RTM1C45,5.05,5.04,5.06,1000000.0,1000000.0,0,0,0,0,0,0,0,0,15,2026-02-05 09:54:17.630411
RTM1P45,0.07,0.06,0.08,1000000.0,1000000.0,0,0,0,0,0,0,0,0,15,2026-02-05 09:54:17.630411
RTM1C46,4.12,4.11,4.13,1000000.0,1000000.0,0,0,0,0,0,0,0,0,15,2026-02-05 09:54:17.630411
RTM1P46,0.14,0.13,0.15,1000000.0,1000000.0,0,0,0,0,0,0,0,0,15,2026-02-05 09:54:17.630411
RTM1C47,3.23,3.22,3.24,1000000.0,1000000.0,0,0,0,0,0,0,0,0,15,2026-02-05 09:54:17.630411
RTM1P47,0.25,0.24,0.26,1000000.0,1000000.0,0,0,0,0,0,0,0,0,15,2026-02-05 09:54:17.630411
RTM1C48,2.51,2.5,2.52,1000000.0,1000000.0,0,0,0,0,0,0,0,0,15,2026-02-05 09:54:17.630411
RTM1P48,0.53,0.52,0.54,1000000.0,1000000.0,0,0,0,0,0,0,0,0,15,2026-02-05 09:54:17.630411
RTM1C49,1.83,1.82,1.84,1000000.0,1000000.0,0,0,0,0,0,0,0,0,15,2026-02-05 09:54:17.630411
RTM1P49,0.85,0.84,0.86,1000000.0,1000000.0,0,0,0,0,0,0,0,0,15,2026-02-05 09:54:17.630411
RTM1C50,1.31,1.3,1.32,1000000.0,1000000.0,0,0,0,0,0,0,0,0,15,2026-02-05 09:54:17.630411
RTM1P50,1.33,1.32,1.34,1000000.0,1000000.0,0,0,0,0,0,0,0,0,15,2026-02-05 09:54:17.630411
RTM1C51,0.94,0.93,0.95,1000000.0,1000000.0,0,0,0,0,0,0,0,0,15,2026-02-05 09:54:17.630411
RTM1P51,1.96,1.95,1.97,1000000.0,1000000.0,0,0,0,0,0,0,0,0,15,2026-02-05 09:54:17.630411
RTM1C52,0.51,0.5,0.52,1000000.0,1000000.0,0,0,0,0,0,0,0,0,15,2026-02-05 09:54:17.630411
RTM1P52,2.53,2.52,2.54,1000000.0,1000000.0,0,0,0,0,0,0,0,0,15,2026-02-05 09:54:17.630411
RTM1C53,0.37,0.36,0.38,1000000.0,1000000.0,0,0,0,0,0,0,0,0,15,2026-02-05 09:54:17.630411
RTM1P53,3.39,3.38,3.4,1000000.0,1000000.0,0,0,0,0,0,0,0,0,15,2026-02-05 09:54:17.630411
RTM1C54,0.24,0.23,0.25,1000000.0,1000000.0,0,0,0,0,0,0,0,0,15,2026-02-05 09:54:17.630411
RTM1P54,4.26,4.25,4.27,1000000.0,1000000.0,0,0,0,0,0,0,0,0,15,2026-02-05 09:54:17.630411
RTM,49.94,49.93,49.95,100000000.0,100000000.0,0,0,0,0,0,0,0,0,16,2026-02-05 09:54:18.714867
RTM1C45,5.02,5.01,5.03,1000000.0,1000000.0,0,0,0,0,0,0,0,0,16,2026-02-05 09:54:18.714867
RTM1P45,0.09,0.08,0.1,1000000.0,1000000.0,0,0,0,0,0,0,0,0,16,2026-02-05 09:54:18.714867
RTM1C46,4.1,4.09,4.11,1000000.0,1000000.0,0,0,0,0,0,0,0,0,16,2026-02-05 09:54:18.714867
RTM1P46,0.16,0.15,0.17,1000000.0,1000000.0,0,0,0,0,0,0,0,0,16,2026-02-05 09:54:18.714867
RTM1C47,3.25,3.24,3.26,1000000.0,1000000.0,0,0,0,0,0,0,0,0,16,2026-02-05 09:54:18.714867
RTM1P47,0.31,0.3,0.32,1000000.0,1000000.0,0,0,0,0,0,0,0,0,16,2026-02-05 09:54:18.714867
RTM1C48,2.42,2.41,2.43,1000000.0,1000000.0,0,0,0,0,0,0,0,0,16,2026-02-05 09:54:18.714867
RTM1P48,0.48,0.47,0.49,1000000.0,1000000.0,0,0,0,0,0,0,0,0,16,2026-02-05 09:54:18.714867
RTM1C49,1.82,1.81,1.83,1000000.0,1000000.0,0,0,0,0,0,0,0,0,16,2026-02-05 09:54:18.714867
RTM1P49,0.88,0.87,0.89,1000000.0,1000000.0,0,0,0,0,0,0,0,0,16,2026-02-05 09:54:18.714867
RTM1C50,1.34,1.33,1.35,1000000.0,1000000.0,0,0,0,0,0,0,0,0,16,2026-02-05 09:54:18.714867
RTM1P50,1.41,1.4,1.42,1000000.0,1000000.0,0,0,0,0,0,0,0,0,16,2026-02-05 09:54:18.714867
RTM1C51,0.84,0.83,0.85,1000000.0,1000000.0,0,0,0,0,0,0,0,0,16,2026-02-05 09:54:18.714867
RTM1P51,1.9,1.89,1.91,1000000.0,1000000.0,0,0,0,0,0,0,0,0,16,2026-02-05 09:54:18.714867
RTM1C52,0.48,0.47,0.49,1000000.0,1000000.0,0,0,0,0,0,0,0,0,16,2026-02-05 09:54:18.714867
RTM1P52,2.54,2.53,2.55,1000000.0,1000000.0,0,0,0,0,0,0,0,0,16,2026-02-05 09:54:18.714867
RTM1C53,0.3,0.29,0.31,1000000.0,1000000.0,0,0,0,0,0,0,0,0,16,2026-02-05 09:54:18.714867
RTM1P53,3.36,3.35,3.37,1000000.0,1000000.0,0,0,0,0,0,0,0,0,16,2026-02-05 09:54:18.714867
RTM1C54,0.2,0.19,0.21,1000000.0,1000000.0,0,0,0,0,0,0,0,0,16,2026-02-05 09:54:18.714867
RTM1P54,4.27,4.26,4.28,1000000.0,1000000.0,0,0,0,0,0,0,0,0,16,2026-02-05 09:54:18.714867
RTM,49.89,49.88,49.9,100000000.0,100000000.0,0,0,0,0,0,0,0,0,17,2026-02-05 09:54:19.289135
RTM1C45,4.95,4.94,4.96,1000000.0,1000000.0,0,0,0,0,0,0,0,0,17,2026-02-05 09:54:19.289135
RTM1P45,0.06,0.05,0.07,1000000.0,1000000.0,0,0,0,0,0,0,0,0,17,2026-02-05 09:54:19.289135
RTM1C46,4.03,4.02,4.04,1000000.0,1000000.0,0,0,0,0,0,0,0,0,17,2026-02-05 09:54:19.289135
RTM1P46,0.14,0.13,0.15,1000000.0,1000000.0,0,0,0,0,0,0,0,0,17,2026-02-05 09:54:19.289135
RTM1C47,3.18,3.17,3.19,1000000.0,1000000.0,0,0,0,0,0,0,0,0,17,2026-02-05 09:54:19.289135
RTM1P47,0.29,0.28,0.3,1000000.0,1000000.0,0,0,0,0,0,0,0,0,17,2026-02-05 09:54:19.289135
RTM1C48,2.45,2.44,2.46,1000000.0,1000000.0,0,0,0,0,0,0,0,0,17,2026-02-05 09:54:19.289135
RTM1P48,0.56,0.55,0.57,1000000.0,1000000.0,0,0,0,0,0,0,0,0,17,2026-02-05 09:54:19.289135
RTM1C49,1.81,1.8,1.82,1000000.0,1000000.0,0,0,0,0,0,0,0,0,17,2026-02-05 09:54:19.289135
RTM1P49,0.91,0.9,0.92,1000000.0,1000000.0,0,0,0,0,0,0,0,0,17,2026-02-05 09:54:19.289135
RTM1C50,1.17,1.16,1.18,1000000.0,1000000.0,0,0,0,0,0,0,0,0,17,2026-02-05 09:54:19.289135
RTM1P50,1.28,1.27,1.29,1000000.0,1000000.0,0,0,0,0,0,0,0,0,17,2026-02-05 09:54:19.289135
RTM1C51,0.79,0.78,0.8,1000000.0,1000000.0,0,0,0,0,0,0,0,0,17,2026-02-05 09:54:19.289135
RTM1P51,1.9,1.89,1.91,1000000.0,1000000.0,0,0,0,0,0,0,0,0,17,2026-02-05 09:54:19.289135
RTM1C52,0.47,0.46,0.48,1000000.0,1000000.0,0,0,0,0,0,0,0,0,17,2026-02-05 09:54:19.289135
RTM1P52,2.58,2.57,2.59,1000000.0,1000000.0,0,0,0,0,0,0,0,0,17,2026-02-05 09:54:19.289135
RTM1C53,0.27,0.26,0.28,1000000.0,1000000.0,0,0,0,0,0,0,0,0,17,2026-02-05 09:54:19.289135
RTM1P53,3.38,3.37,3.39,1000000.0,1000000.0,0,0,0,0,0,0,0,0,17,2026-02-05 09:54:19.289135
RTM1C54,0.21,0.2,0.22,1000000.0,1000000.0,0,0,0,0,0,0,0,0,17,2026-02-05 09:54:19.289135
RTM1P54,4.32,4.31,4.33,1000000.0,1000000.0,0,0,0,0,0,0,0,0,17,2026-02-05 09:54:19.289135
RTM,49.89,49.88,49.9,100000000.0,100000000.0,0,0,0,0,0,0,0,0,18,2026-02-05 09:54:20.392668
RTM1C45,4.94,4.93,4.95,1000000.0,1000000.0,0,0,0,0,0,0,0,0,18,2026-02-05 09:54:20.392668
RTM1P45,0.05,0.04,0.06,1000000.0,1000000.0,0,0,0,0,0,0,0,0,18,2026-02-05 09:54:20.392668
RTM1C46,4.01,4.0,4.02,1000000.0,1000000.0,0,0,0,0,0,0,0,0,18,2026-02-05 09:54:20.392668
RTM1P46,0.12,0.11,0.13,1000000.0,1000000.0,0,0,0,0,0,0,0,0,18,2026-02-05 09:54:20.392668
RTM1C47,3.2,3.19,3.21,1000000.0,1000000.0,0,0,0,0,0,0,0,0,18,2026-02-05 09:54:20.392668
RTM1P47,0.31,0.3,0.32,1000000.0,1000000.0,0,0,0,0,0,0,0,0,18,2026-02-05 09:54:20.392668
RTM1C48,2.43,2.42,2.44,1000000.0,1000000.0,0,0,0,0,0,0,0,0,18,2026-02-05 09:54:20.392668
RTM1P48,0.54,0.53,0.55,1000000.0,1000000.0,0,0,0,0,0,0,0,0,18,2026-02-05 09:54:20.392668
RTM1C49,1.72,1.71,1.73,1000000.0,1000000.0,0,0,0,0,0,0,0,0,18,2026-02-05 09:54:20.392668
RTM1P49,0.83,0.82,0.84,1000000.0,1000000.0,0,0,0,0,0,0,0,0,18,2026-02-05 09:54:20.392668
RTM1C50,1.26,1.25,1.27,1000000.0,1000000.0,0,0,0,0,0,0,0,0,18,2026-02-05 09:54:20.392668
RTM1P50,1.37,1.36,1.38,1000000.0,1000000.0,0,0,0,0,0,0,0,0,18,2026-02-05 09:54:20.392668
RTM1C51,0.85,0.84,0.86,1000000.0,1000000.0,0,0,0,0,0,0,0,0,18,2026-02-05 09:54:20.392668
RTM1P51,1.96,1.95,1.97,1000000.0,1000000.0,0,0,0,0,0,0,0,0,18,2026-02-05 09:54:20.392668
RTM1C52,0.45,0.44,0.46,1000000.0,1000000.0,0,0,0,0,0,0,0,0,18,2026-02-05 09:54:20.392668
RTM1P52,2.56,2.55,2.57,1000000.0,1000000.0,0,0,0,0,0,0,0,0,18,2026-02-05 09:54:20.392668
RTM1C53,0.33,0.32,0.34,1000000.0,1000000.0,0,0,0,0,0,0,0,0,18,2026-02-05 09:54:20.392668
RTM1P53,3.44,3.43,3.45,1000000.0,1000000.0,0,0,0,0,0,0,0,0,18,2026-02-05 09:54:20.392668
RTM1C54,0.14,0.13,0.15,1000000.0,1000000.0,0,0,0,0,0,0,0,0,18,2026-02-05 09:54:20.392668
RTM1P54,4.25,4.24,4.26,1000000.0,1000000.0,0,0,0,0,0,0,0,0,18,2026-02-05 09:54:20.392668
RTM,49.94,49.93,49.95,100000000.0,100000000.0,0,0,0,0,0,0,0,0,19,2026-02-05 09:54:21.573508
RTM1C45,5.01,5.0,5.02,1000000.0,1000000.0,0,0,0,0,0,0,0,0,19,2026-02-05 09:54:21.573508
RTM1P45,0.07,0.06,0.08,1000000.0,1000000.0,0,0,0,0,0,0,0,0,19,2026-02-05 09:54:21.573508
RTM1C46,4.08,4.07,4.09,1000000.0,1000000.0,0,0,0,0,0,0,0,0,19,2026-02-05 09:54:21.573508
RTM1P46,0.14,0.13,0.15,1000000.0,1000000.0,0,0,0,0,0,0,0,0,19,2026-02-05 09:54:21.573508
RTM1C47,3.23,3.22,3.24,1000000.0,1000000.0,0,0,0,0,0,0,0,0,19,2026-02-05 09:54:21.573508
RTM1P47,0.29,0.28,0.3,1000000.0,1000000.0,0,0,0,0,0,0,0,0,19,2026-02-05 09:54:21.573508
RTM1C48,2.45,2.44,2.46,1000000.0,1000000.0,0,0,0,0,0,0,0,0,19,2026-02-05 09:54:21.573508
RTM1P48,0.5,0.49,0.51,1000000.0,1000000.0,0,0,0,0,0,0,0,0,19,2026-02-05 09:54:21.573508
RTM1C49,1.79,1.78,1.8,1000000.0,1000000.0,0,0,0,0,0,0,0,0,19,2026-02-05 09:54:21.573508
RTM1P49,0.85,0.84,0.86,1000000.0,1000000.0,0,0,0,0,0,0,0,0,19,2026-02-05 09:54:21.573508
RTM1C50,1.18,1.17,1.19,1000000.0,1000000.0,0,0,0,0,0,0,0,0,19,2026-02-05 09:54:21.573508
RTM1P50,1.24,1.23,1.25,1000000.0,1000000.0,0,0,0,0,0,0,0,0,19,2026-02-05 09:54:21.573508
RTM1C51,0.76,0.75,0.77,1000000.0,1000000.0,0,0,0,0,0,0,0,0,19,2026-02-05 09:54:21.573508
RTM1P51,1.82,1.81,1.83,1000000.0,1000000.0,0,0,0,0,0,0,0,0,19,2026-02-05 09:54:21.573508
RTM1C52,0.48,0.47,0.49,1000000.0,1000000.0,0,0,0,0,0,0,0,0,19,2026-02-05 09:54:21.573508
RTM1P52,2.54,2.53,2.55,1000000.0,1000000.0,0,0,0,0,0,0,0,0,19,2026-02-05 09:54:21.573508
RTM1C53,0.33,0.32,0.34,1000000.0,1000000.0,0,0,0,0,0,0,0,0,19,2026-02-05 09:54:21.573508
RTM1P53,3.39,3.38,3.4,1000000.0,1000000.0,0,0,0,0,0,0,0,0,19,2026-02-05 09:54:21.573508
RTM1C54,0.15,0.14,0.16,1000000.0,1000000.0,0,0,0,0,0,0,0,0,19,2026-02-05 09:54:21.573508
RTM1P54,4.21,4.2,4.22,1000000.0,1000000.0,0,0,0,0,0,0,0,0,19,2026-02-05 09:54:21.573508
RTM,50.22,50.21,50.23,100000000.0,100000000.0,0,0,0,0,0,0,0,0,20,2026-02-05 09:54:22.279091
RTM1C45,5.28,5.27,5.29,1000000.0,1000000.0,0,0,0,0,0,0,0,0,20,2026-02-05 09:54:22.279091
RTM1P45,0.07,0.06,0.08,1000000.0,1000000.0,0,0,0,0,0,0,0,0,20,2026-02-05 09:54:22.279091
RTM1C46,4.33,4.32,4.34,1000000.0,1000000.0,0,0,0,0,0,0,0,0,20,2026-02-05 09:54:22.279091
RTM1P46,0.11,0.1,0.12,1000000.0,1000000.0,0,0,0,0,0,0,0,0,20,2026-02-05 09:54:22.279091
RTM1C47,3.44,3.43,3.45,1000000.0,1000000.0,0,0,0,0,0,0,0,0,20,2026-02-05 09:54:22.279091
RTM1P47,0.22,0.21,0.23,1000000.0,1000000.0,0,0,0,0,0,0,0,0,20,2026-02-05 09:54:22.279091
RTM1C48,2.62,2.61,2.63,1000000.0,1000000.0,0,0,0,0,0,0,0,0,20,2026-02-05 09:54:22.279091
RTM1P48,0.41,0.4,0.42,1000000.0,1000000.0,0,0,0,0,0,0,0,0,20,2026-02-05 09:54:22.279091
RTM1C49,1.94,1.93,1.95,1000000.0,1000000.0,0,0,0,0,0,0,0,0,20,2026-02-05 09:54:22.279091
RTM1P49,0.72,0.71,0.73,1000000.0,1000000.0,0,0,0,0,0,0,0,0,20,2026-02-05 09:54:22.279091
RTM1C50,1.34,1.33,1.35,1000000.0,1000000.0,0,0,0,0,0,0,0,0,20,2026-02-05 09:54:22.279091
RTM1P50,1.12,1.11,1.13,1000000.0,1000000.0,0,0,0,0,0,0,0,0,20,2026-02-05 09:54:22.279091
RTM1C51,0.87,0.86,0.88,1000000.0,1000000.0,0,0,0,0,0,0,0,0,20,2026-02-05 09:54:22.279091
RTM1P51,1.66,1.65,1.67,1000000.0,1000000.0,0,0,0,0,0,0,0,0,20,2026-02-05 09:54:22.279091
RTM1C52,0.56,0.55,0.57,1000000.0,1000000.0,0,0,0,0,0,0,0,0,20,2026-02-05 09:54:22.279091
RTM1P52,2.35,2.34,2.36,1000000.0,1000000.0,0,0,0,0,0,0,0,0,20,2026-02-05 09:54:22.279091
RTM1C53,0.33,0.32,0.34,1000000.0,1000000.0,0,0,0,0,0,0,0,0,20,2026-02-05 09:54:22.279091
RTM1P53,3.11,3.1,3.12,1000000.0,1000000.0,0,0,0,0,0,0,0,0,20,2026-02-05 09:54:22.279091
RTM1C54,0.19,0.18,0.2,1000000.0,1000000.0,0,0,0,0,0,0,0,0,20,2026-02-05 09:54:22.279091
RTM1P54,3.97,3.96,3.98,1000000.0,1000000.0,0,0,0,0,0,0,0,0,20,2026-02-05 09:54:22.279091
RTM,50.05,50.04,50.06,100000000.0,100000000.0,0,0,0,0,0,0,0,0,21,2026-02-05 09:54:23.335287
RTM1C45,5.11,5.1,5.12,1000000.0,1000000.0,0,0,0,0,0,0,0,0,21,2026-02-05 09:54:23.335287
RTM1P45,0.06,0.05,0.07,1000000.0,1000000.0,0,0,0,0,0,0,0,0,21,2026-02-05 09:54:23.335287
RTM1C46,4.2,4.19,4.21,1000000.0,1000000.0,0,0,0,0,0,0,0,0,21,2026-02-05 09:54:23.335287
RTM1P46,0.15,0.14,0.16,1000000.0,1000000.0,0,0,0,0,0,0,0,0,21,2026-02-05 09:54:23.335287
RTM1C47,3.3,3.29,3.31,1000000.0,1000000.0,0,0,0,0,0,0,0,0,21,2026-02-05 09:54:23.335287
RTM1P47,0.24,0.23,0.25,1000000.0,1000000.0,0,0,0,0,0,0,0,0,21,2026-02-05 09:54:23.335287
RTM1C48,2.51,2.5,2.52,1000000.0,1000000.0,0,0,0,0,0,0,0,0,21,2026-02-05 09:54:23.335287
RTM1P48,0.45,0.44,0.46,1000000.0,1000000.0,0,0,0,0,0,0,0,0,21,2026-02-05 09:54:23.335287
RTM1C49,1.78,1.77,1.79,1000000.0,1000000.0,0,0,0,0,0,0,0,0,21,2026-02-05 09:54:23.335287
RTM1P49,0.73,0.72,0.74,1000000.0,1000000.0,0,0,0,0,0,0,0,0,21,2026-02-05 09:54:23.335287
RTM1C50,1.28,1.27,1.29,1000000.0,1000000.0,0,0,0,0,0,0,0,0,21,2026-02-05 09:54:23.335287
RTM1P50,1.23,1.22,1.24,1000000.0,1000000.0,0,0,0,0,0,0,0,0,21,2026-02-05 09:54:23.335287
RTM1C51,0.89,0.88,0.9,1000000.0,1000000.0,0,0,0,0,0,0,0,0,21,2026-02-05 09:54:23.335287
RTM1P51,1.84,1.83,1.85,1000000.0,1000000.0,0,0,0,0,0,0,0,0,21,2026-02-05 09:54:23.335287
RTM1C52,0.5,0.49,0.51,1000000.0,1000000.0,0,0,0,0,0,0,0,0,21,2026-02-05 09:54:23.335287
RTM1P52,2.45,2.44,2.46,1000000.0,1000000.0,0,0,0,0,0,0,0,0,21,2026-02-05 09:54:23.335287
RTM1C53,0.3,0.29,0.31,1000000.0,1000000.0,0,0,0,0,0,0,0,0,21,2026-02-05 09:54:23.335287
RTM1P53,3.25,3.24,3.26,1000000.0,1000000.0,0,0,0,0,0,0,0,0,21,2026-02-05 09:54:23.335287
RTM1C54,0.19,0.18,0.2,1000000.0,1000000.0,0,0,0,0,0,0,0,0,21,2026-02-05 09:54:23.335287
RTM1P54,4.14,4.13,4.15,1000000.0,1000000.0,0,0,0,0,0,0,0,0,21,2026-02-05 09:54:23.335287
RTM,49.96,49.95,49.97,100000000.0,100000000.0,0,0,0,0,0,0,0,0,22,2026-02-05 09:54:24.401986
RTM1C45,5.0,4.99,5.01,1000000.0,1000000.0,0,0,0,0,0,0,0,0,22,2026-02-05 09:54:24.401986
RTM1P45,0.05,0.04,0.06,1000000.0,1000000.0,0,0,0,0,0,0,0,0,22,2026-02-05 09:54:24.401986
RTM1C46,4.09,4.08,4.1,1000000.0,1000000.0,0,0,0,0,0,0,0,0,22,2026-02-05 09:54:24.401986
RTM1P46,0.13,0.12,0.14,1000000.0,1000000.0,0,0,0,0,0,0,0,0,22,2026-02-05 09:54:24.401986
RTM1C47,3.23,3.22,3.24,1000000.0,1000000.0,0,0,0,0,0,0,0,0,22,2026-02-05 09:54:24.401986
RTM1P47,0.27,0.26,0.28,1000000.0,1000000.0,0,0,0,0,0,0,0,0,22,2026-02-05 09:54:24.401986
RTM1C48,2.39,2.38,2.4,1000000.0,1000000.0,0,0,0,0,0,0,0,0,22,2026-02-05 09:54:24.401986
RTM1P48,0.43,0.42,0.44,1000000.0,1000000.0,0,0,0,0,0,0,0,0,22,2026-02-05 09:54:24.401986
RTM1C49,1.81,1.8,1.82,1000000.0,1000000.0,0,0,0,0,0,0,0,0,22,2026-02-05 09:54:24.401986
RTM1P49,0.85,0.84,0.86,1000000.0,1000000.0,0,0,0,0,0,0,0,0,22,2026-02-05 09:54:24.401986
RTM1C50,1.2,1.19,1.21,1000000.0,1000000.0,0,0,0,0,0,0,0,0,22,2026-02-05 09:54:24.401986
RTM1P50,1.24,1.23,1.25,1000000.0,1000000.0,0,0,0,0,0,0,0,0,22,2026-02-05 09:54:24.401986
RTM1C51,0.79,0.78,0.8,1000000.0,1000000.0,0,0,0,0,0,0,0,0,22,2026-02-05 09:54:24.401986
RTM1P51,1.83,1.82,1.84,1000000.0,1000000.0,0,0,0,0,0,0,0,0,22,2026-02-05 09:54:24.401986
RTM1C52,0.48,0.47,0.49,1000000.0,1000000.0,0,0,0,0,0,0,0,0,22,2026-02-05 09:54:24.401986
RTM1P52,2.52,2.51,2.53,1000000.0,1000000.0,0,0,0,0,0,0,0,0,22,2026-02-05 09:54:24.401986
RTM1C53,0.27,0.26,0.28,1000000.0,1000000.0,0,0,0,0,0,0,0,0,22,2026-02-05 09:54:24.401986
RTM1P53,3.31,3.3,3.32,1000000.0,1000000.0,0,0,0,0,0,0,0,0,22,2026-02-05 09:54:24.401986
RTM1C54,0.18,0.17,0.19,1000000.0,1000000.0,0,0,0,0,0,0,0,0,22,2026-02-05 09:54:24.401986
RTM1P54,4.23,4.22,4.24,1000000.0,1000000.0,0,0,0,0,0,0,0,0,22,2026-02-05 09:54:24.401986
RTM,49.76,49.75,49.77,100000000.0,100000000.0,0,0,0,0,0,0,0,0,23,2026-02-05 09:54:25.455700
RTM1C45,4.81,4.8,4.82,1000000.0,1000000.0,0,0,0,0,0,0,0,0,23,2026-02-05 09:54:25.455700
RTM1P45,0.05,0.04,0.06,1000000.0,1000000.0,0,0,0,0,0,0,0,0,23,2026-02-05 09:54:25.455700
RTM1C46,3.95,3.94,3.96,1000000.0,1000000.0,0,0,0,0,0,0,0,0,23,2026-02-05 09:54:25.455700
RTM1P46,0.19,0.18,0.2,1000000.0,1000000.0,0,0,0,0,0,0,0,0,23,2026-02-05 09:54:25.455700
RTM1C47,3.05,3.04,3.06,1000000.0,1000000.0,0,0,0,0,0,0,0,0,23,2026-02-05 09:54:25.455700
RTM1P47,0.3,0.29,0.31,1000000.0,1000000.0,0,0,0,0,0,0,0,0,23,2026-02-05 09:54:25.455700
RTM1C48,2.28,2.27,2.29,1000000.0,1000000.0,0,0,0,0,0,0,0,0,23,2026-02-05 09:54:25.455700
RTM1P48,0.52,0.51,0.53,1000000.0,1000000.0,0,0,0,0,0,0,0,0,23,2026-02-05 09:54:25.455700
RTM1C49,1.69,1.68,1.7,1000000.0,1000000.0,0,0,0,0,0,0,0,0,23,2026-02-05 09:54:25.455700
RTM1P49,0.94,0.93,0.95,1000000.0,1000000.0,0,0,0,0,0,0,0,0,23,2026-02-05 09:54:25.455700
RTM1C50,1.06,1.05,1.07,1000000.0,1000000.0,0,0,0,0,0,0,0,0,23,2026-02-05 09:54:25.455700
RTM1P50,1.31,1.3,1.32,1000000.0,1000000.0,0,0,0,0,0,0,0,0,23,2026-02-05 09:54:25.455700
RTM1C51,0.78,0.77,0.79,1000000.0,1000000.0,0,0,0,0,0,0,0,0,23,2026-02-05 09:54:25.455700
RTM1P51,2.03,2.02,2.04,1000000.0,1000000.0,0,0,0,0,0,0,0,0,23,2026-02-05 09:54:25.455700
RTM1C52,0.47,0.46,0.48,1000000.0,1000000.0,0,0,0,0,0,0,0,0,23,2026-02-05 09:54:25.455700
RTM1P52,2.72,2.71,2.73,1000000.0,1000000.0,0,0,0,0,0,0,0,0,23,2026-02-05 09:54:25.455700
RTM1C53,0.27,0.26,0.28,1000000.0,1000000.0,0,0,0,0,0,0,0,0,23,2026-02-05 09:54:25.455700
RTM1P53,3.51,3.5,3.52,1000000.0,1000000.0,0,0,0,0,0,0,0,0,23,2026-02-05 09:54:25.455700
RTM1C54,0.12,0.11,0.13,1000000.0,1000000.0,0,0,0,0,0,0,0,0,23,2026-02-05 09:54:25.455700
RTM1P54,4.37,4.36,4.38,1000000.0,1000000.0,0,0,0,0,0,0,0,0,23,2026-02-05 09:54:25.455700
RTM,49.85,49.84,49.86,100000000.0,100000000.0,0,0,0,0,0,0,0,0,24,2026-02-05 09:54:26.518469
RTM1C45,4.91,4.9,4.92,1000000.0,1000000.0,0,0,0,0,0,0,0,0,24,2026-02-05 09:54:26.518469
RTM1P45,0.06,0.05,0.07,1000000.0,1000000.0,0,0,0,0,0,0,0,0,24,2026-02-05 09:54:26.518469
RTM1C46,4.0,3.99,4.01,1000000.0,1000000.0,0,0,0,0,0,0,0,0,24,2026-02-05 09:54:26.518469
RTM1P46,0.15,0.14,0.16,1000000.0,1000000.0,0,0,0,0,0,0,0,0,24,2026-02-05 09:54:26.518469
RTM1C47,3.13,3.12,3.14,1000000.0,1000000.0,0,0,0,0,0,0,0,0,24,2026-02-05 09:54:26.518469
RTM1P47,0.28,0.27,0.29,1000000.0,1000000.0,0,0,0,0,0,0,0,0,24,2026-02-05 09:54:26.518469
RTM1C48,2.4,2.39,2.41,1000000.0,1000000.0,0,0,0,0,0,0,0,0,24,2026-02-05 09:54:26.518469
RTM1P48,0.55,0.54,0.56,1000000.0,1000000.0,0,0,0,0,0,0,0,0,24,2026-02-05 09:54:26.518469
RTM1C49,1.71,1.7,1.72,1000000.0,1000000.0,0,0,0,0,0,0,0,0,24,2026-02-05 09:54:26.518469
RTM1P49,0.86,0.85,0.87,1000000.0,1000000.0,0,0,0,0,0,0,0,0,24,2026-02-05 09:54:26.518469
RTM1C50,1.15,1.14,1.16,1000000.0,1000000.0,0,0,0,0,0,0,0,0,24,2026-02-05 09:54:26.518469
RTM1P50,1.3,1.29,1.31,1000000.0,1000000.0,0,0,0,0,0,0,0,0,24,2026-02-05 09:54:26.518469
RTM1C51,0.74,0.73,0.75,1000000.0,1000000.0,0,0,0,0,0,0,0,0,24,2026-02-05 09:54:26.518469
RTM1P51,1.89,1.88,1.9,1000000.0,1000000.0,0,0,0,0,0,0,0,0,24,2026-02-05 09:54:26.518469
RTM1C52,0.45,0.44,0.46,1000000.0,1000000.0,0,0,0,0,0,0,0,0,24,2026-02-05 09:54:26.518469
RTM1P52,2.6,2.59,2.61,1000000.0,1000000.0,0,0,0,0,0,0,0,0,24,2026-02-05 09:54:26.518469
RTM1C53,0.37,0.36,0.38,1000000.0,1000000.0,0,0,0,0,0,0,0,0,24,2026-02-05 09:54:26.518469
RTM1P53,3.52,3.51,3.53,1000000.0,1000000.0,0,0,0,0,0,0,0,0,24,2026-02-05 09:54:26.518469
RTM1C54,0.22,0.21,0.23,1000000.0,1000000.0,0,0,0,0,0,0,0,0,24,2026-02-05 09:54:26.518469
RTM1P54,4.37,4.36,4.38,1000000.0,1000000.0,0,0,0,0,0,0,0,0,24,2026-02-05 09:54:26.518469
RTM,49.93,49.92,49.94,100000000.0,100000000.0,0,0,0,0,0,0,0,0,25,2026-02-05 09:54:27.629669
RTM1C45,4.98,4.97,4.99,1000000.0,1000000.0,0,0,0,0,0,0,0,0,25,2026-02-05 09:54:27.629669
RTM1P45,0.05,0.04,0.06,1000000.0,1000000.0,0,0,0,0,0,0,0,0,25,2026-02-05 09:54:27.629669
RTM1C46,4.07,4.06,4.08,1000000.0,1000000.0,0,0,0,0,0,0,0,0,25,2026-02-05 09:54:27.629669
RTM1P46,0.14,0.13,0.15,1000000.0,1000000.0,0,0,0,0,0,0,0,0,25,2026-02-05 09:54:27.629669
RTM1C47,3.18,3.17,3.19,1000000.0,1000000.0,0,0,0,0,0,0,0,0,25,2026-02-05 09:54:27.629669
RTM1P47,0.26,0.25,0.27,1000000.0,1000000.0,0,0,0,0,0,0,0,0,25,2026-02-05 09:54:27.629669
RTM1C48,2.53,2.52,2.54,1000000.0,1000000.0,0,0,0,0,0,0,0,0,25,2026-02-05 09:54:27.629669
RTM1P48,0.6,0.59,0.61,1000000.0,1000000.0,0,0,0,0,0,0,0,0,25,2026-02-05 09:54:27.629669
RTM1C49,1.69,1.68,1.7,1000000.0,1000000.0,0,0,0,0,0,0,0,0,25,2026-02-05 09:54:27.629669
RTM1P49,0.76,0.75,0.77,1000000.0,1000000.0,0,0,0,0,0,0,0,0,25,2026-02-05 09:54:27.629669
RTM1C50,1.18,1.17,1.19,1000000.0,1000000.0,0,0,0,0,0,0,0,0,25,2026-02-05 09:54:27.629669
RTM1P50,1.25,1.24,1.26,1000000.0,1000000.0,0,0,0,0,0,0,0,0,25,2026-02-05 09:54:27.629669
RTM1C51,0.79,0.78,0.8,1000000.0,1000000.0,0,0,0,0,0,0,0,0,25,2026-02-05 09:54:27.629669
RTM1P51,1.86,1.85,1.87,1000000.0,1000000.0,0,0,0,0,0,0,0,0,25,2026-02-05 09:54:27.629669
RTM1C52,0.48,0.47,0.49,1000000.0,1000000.0,0,0,0,0,0,0,0,0,25,2026-02-05 09:54:27.629669
RTM1P52,2.55,2.54,2.56,1000000.0,1000000.0,0,0,0,0,0,0,0,0,25,2026-02-05 09:54:27.629669
RTM1C53,0.36,0.35,0.37,1000000.0,1000000.0,0,0,0,0,0,0,0,0,25,2026-02-05 09:54:27.629669
RTM1P53,3.43,3.42,3.44,1000000.0,1000000.0,0,0,0,0,0,0,0,0,25,2026-02-05 09:54:27.629669
RTM1C54,0.18,0.17,0.19,1000000.0,1000000.0,0,0,0,0,0,0,0,0,25,2026-02-05 09:54:27.629669
RTM1P54,4.25,4.24,4.26,1000000.0,1000000.0,0,0,0,0,0,0,0,0,25,2026-02-05 09:54:27.629669
RTM,49.77,49.76,49.78,100000000.0,100000000.0,0,0,0,0,0,0,0,0,26,2026-02-05 09:54:28.705437
RTM1C45,4.83,4.82,4.84,1000000.0,1000000.0,0,0,0,0,0,0,0,0,26,2026-02-05 09:54:28.705437
RTM1P45,0.05,0.04,0.06,1000000.0,1000000.0,0,0,0,0,0,0,0,0,26,2026-02-05 09:54:28.705437
RTM1C46,3.9,3.89,3.91,1000000.0,1000000.0,0,0,0,0,0,0,0,0,26,2026-02-05 09:54:28.705437
RTM1P46,0.13,0.12,0.14,1000000.0,1000000.0,0,0,0,0,0,0,0,0,26,2026-02-05 09:54:28.705437
RTM1C47,3.03,3.02,3.04,1000000.0,1000000.0,0,0,0,0,0,0,0,0,26,2026-02-05 09:54:28.705437
RTM1P47,0.26,0.25,0.27,1000000.0,1000000.0,0,0,0,0,0,0,0,0,26,2026-02-05 09:54:28.705437
RTM1C48,2.37,2.36,2.38,1000000.0,1000000.0,0,0,0,0,0,0,0,0,26,2026-02-05 09:54:28.705437
RTM1P48,0.6,0.59,0.61,1000000.0,1000000.0,0,0,0,0,0,0,0,0,26,2026-02-05 09:54:28.705437
RTM1C49,1.59,1.58,1.6,1000000.0,1000000.0,0,0,0,0,0,0,0,0,26,2026-02-05 09:54:28.705437
RTM1P49,0.81,0.8,0.82,1000000.0,1000000.0,0,0,0,0,0,0,0,0,26,2026-02-05 09:54:28.705437
RTM1C50,1.08,1.07,1.09,1000000.0,1000000.0,0,0,0,0,0,0,0,0,26,2026-02-05 09:54:28.705437
RTM1P50,1.31,1.3,1.32,1000000.0,1000000.0,0,0,0,0,0,0,0,0,26,2026-02-05 09:54:28.705437
RTM1C51,0.68,0.67,0.69,1000000.0,1000000.0,0,0,0,0,0,0,0,0,26,2026-02-05 09:54:28.705437
RTM1P51,1.9,1.89,1.91,1000000.0,1000000.0,0,0,0,0,0,0,0,0,26,2026-02-05 09:54:28.705437
RTM1C52,0.4,0.39,0.41,1000000.0,1000000.0,0,0,0,0,0,0,0,0,26,2026-02-05 09:54:28.705437
RTM1P52,2.62,2.61,2.63,1000000.0,1000000.0,0,0,0,0,0,0,0,0,26,2026-02-05 09:54:28.705437
RTM1C53,0.33,0.32,0.34,1000000.0,1000000.0,0,0,0,0,0,0,0,0,26,2026-02-05 09:54:28.705437
RTM1P53,3.55,3.54,3.56,1000000.0,1000000.0,0,0,0,0,0,0,0,0,26,2026-02-05 09:54:28.705437
RTM1C54,0.21,0.2,0.22,1000000.0,1000000.0,0,0,0,0,0,0,0,0,26,2026-02-05 09:54:28.705437
RTM1P54,4.43,4.42,4.44,1000000.0,1000000.0,0,0,0,0,0,0,0,0,26,2026-02-05 09:54:28.705437
RTM,49.47,49.47,49.49,100000000.0,100000000.0,0,0,0,0,0,0,0,0,27,2026-02-05 09:54:29.787178
RTM1C45,4.55,4.54,4.56,1000000.0,1000000.0,0,0,0,0,0,0,0,0,27,2026-02-05 09:54:29.787178
RTM1P45,0.07,0.06,0.08,1000000.0,1000000.0,0,0,0,0,0,0,0,0,27,2026-02-05 09:54:29.787178
RTM1C46,3.64,3.63,3.65,1000000.0,1000000.0,0,0,0,0,0,0,0,0,27,2026-02-05 09:54:29.787178
RTM1P46,0.16,0.15,0.17,1000000.0,1000000.0,0,0,0,0,0,0,0,0,27,2026-02-05 09:54:29.787178
RTM1C47,2.84,2.83,2.85,1000000.0,1000000.0,0,0,0,0,0,0,0,0,27,2026-02-05 09:54:29.787178
RTM1P47,0.36,0.35,0.37,1000000.0,1000000.0,0,0,0,0,0,0,0,0,27,2026-02-05 09:54:29.787178
RTM1C48,2.15,2.14,2.16,1000000.0,1000000.0,0,0,0,0,0,0,0,0,27,2026-02-05 09:54:29.787178
RTM1P48,0.67,0.66,0.68,1000000.0,1000000.0,0,0,0,0,0,0,0,0,27,2026-02-05 09:54:29.787178
RTM1C49,1.49,1.48,1.5,1000000.0,1000000.0,0,0,0,0,0,0,0,0,27,2026-02-05 09:54:29.787178
RTM1P49,1.01,1.0,1.02,1000000.0,1000000.0,0,0,0,0,0,0,0,0,27,2026-02-05 09:54:29.787178
RTM1C50,1.02,1.01,1.03,1000000.0,1000000.0,0,0,0,0,0,0,0,0,27,2026-02-05 09:54:29.787178
RTM1P50,1.54,1.53,1.55,1000000.0,1000000.0,0,0,0,0,0,0,0,0,27,2026-02-05 09:54:29.787178
RTM1C51,0.64,0.63,0.65,1000000.0,1000000.0,0,0,0,0,0,0,0,0,27,2026-02-05 09:54:29.787178
RTM1P51,2.16,2.15,2.17,1000000.0,1000000.0,0,0,0,0,0,0,0,0,27,2026-02-05 09:54:29.787178
RTM1C52,0.39,0.38,0.4,1000000.0,1000000.0,0,0,0,0,0,0,0,0,27,2026-02-05 09:54:29.787178
RTM1P52,2.91,2.9,2.92,1000000.0,1000000.0,0,0,0,0,0,0,0,0,27,2026-02-05 09:54:29.787178
RTM1C53,0.22,0.21,0.23,1000000.0,1000000.0,0,0,0,0,0,0,0,0,27,2026-02-05 09:54:29.787178
RTM1P53,3.74,3.73,3.75,1000000.0,1000000.0,0,0,0,0,0,0,0,0,27,2026-02-05 09:54:29.787178
RTM1C54,0.15,0.14,0.16,1000000.0,1000000.0,0,0,0,0,0,0,0,0,27,2026-02-05 09:54:29.787178
RTM1P54,4.67,4.66,4.68,1000000.0,1000000.0,0,0,0,0,0,0,0,0,27,2026-02-05 09:54:29.787178
RTM,49.43,49.42,49.44,100000000.0,100000000.0,0,0,0,0,0,0,0,0,28,2026-02-05 09:54:30.352518
RTM1C45,4.52,4.51,4.53,1000000.0,1000000.0,0,0,0,0,0,0,0,0,28,2026-02-05 09:54:30.352518
RTM1P45,0.09,0.08,0.1,1000000.0,1000000.0,0,0,0,0,0,0,0,0,28,2026-02-05 09:54:30.352518
RTM1C46,3.6,3.59,3.61,1000000.0,1000000.0,0,0,0,0,0,0,0,0,28,2026-02-05 09:54:30.352518
RTM1P46,0.17,0.16,0.18,1000000.0,1000000.0,0,0,0,0,0,0,0,0,28,2026-02-05 09:54:30.352518
RTM1C47,2.79,2.78,2.8,1000000.0,1000000.0,0,0,0,0,0,0,0,0,28,2026-02-05 09:54:30.352518
RTM1P47,0.36,0.35,0.37,1000000.0,1000000.0,0,0,0,0,0,0,0,0,28,2026-02-05 09:54:30.352518
RTM1C48,2.12,2.11,2.13,1000000.0,1000000.0,0,0,0,0,0,0,0,0,28,2026-02-05 09:54:30.352518
RTM1P48,0.68,0.67,0.69,1000000.0,1000000.0,0,0,0,0,0,0,0,0,28,2026-02-05 09:54:30.352518
RTM1C49,1.4,1.39,1.41,1000000.0,1000000.0,0,0,0,0,0,0,0,0,28,2026-02-05 09:54:30.352518
RTM1P49,0.97,0.96,0.98,1000000.0,1000000.0,0,0,0,0,0,0,0,0,28,2026-02-05 09:54:30.352518
RTM1C50,0.9,0.89,0.91,1000000.0,1000000.0,0,0,0,0,0,0,0,0,28,2026-02-05 09:54:30.352518
RTM1P50,1.47,1.46,1.48,1000000.0,1000000.0,0,0,0,0,0,0,0,0,28,2026-02-05 09:54:30.352518
RTM1C51,0.68,0.67,0.69,1000000.0,1000000.0,0,0,0,0,0,0,0,0,28,2026-02-05 09:54:30.352518
RTM1P51,2.25,2.24,2.26,1000000.0,1000000.0,0,0,0,0,0,0,0,0,28,2026-02-05 09:54:30.352518
RTM1C52,0.32,0.31,0.33,1000000.0,1000000.0,0,0,0,0,0,0,0,0,28,2026-02-05 09:54:30.352518
RTM1P52,2.89,2.88,2.9,1000000.0,1000000.0,0,0,0,0,0,0,0,0,28,2026-02-05 09:54:30.352518
RTM1C53,0.21,0.2,0.22,1000000.0,1000000.0,0,0,0,0,0,0,0,0,28,2026-02-05 09:54:30.352518
RTM1P53,3.78,3.77,3.79,1000000.0,1000000.0,0,0,0,0,0,0,0,0,28,2026-02-05 09:54:30.352518
RTM1C54,0.12,0.11,0.13,1000000.0,1000000.0,0,0,0,0,0,0,0,0,28,2026-02-05 09:54:30.352518
RTM1P54,4.68,4.67,4.69,1000000.0,1000000.0,0,0,0,0,0,0,0,0,28,2026-02-05 09:54:30.352518
RTM,49.48,49.47,49.49,100000000.0,100000000.0,0,0,0,0,0,0,0,0,29,2026-02-05 09:54:31.430071
RTM1C45,4.55,4.54,4.56,1000000.0,1000000.0,0,0,0,0,0,0,0,0,29,2026-02-05 09:54:31.430071
RTM1P45,0.07,0.06,0.08,1000000.0,1000000.0,0,0,0,0,0,0,0,0,29,2026-02-05 09:54:31.430071
RTM1C46,3.63,3.62,3.64,1000000.0,1000000.0,0,0,0,0,0,0,0,0,29,2026-02-05 09:54:31.430071
RTM1P46,0.15,0.14,0.16,1000000.0,1000000.0,0,0,0,0,0,0,0,0,29,2026-02-05 09:54:31.430071
RTM1C47,2.82,2.81,2.83,1000000.0,1000000.0,0,0,0,0,0,0,0,0,29,2026-02-05 09:54:31.430071
RTM1P47,0.34,0.33,0.35,1000000.0,1000000.0,0,0,0,0,0,0,0,0,29,2026-02-05 09:54:31.430071
RTM1C48,2.06,2.05,2.07,1000000.0,1000000.0,0,0,0,0,0,0,0,0,29,2026-02-05 09:54:31.430071
RTM1P48,0.59,0.58,0.6,1000000.0,1000000.0,0,0,0,0,0,0,0,0,29,2026-02-05 09:54:31.430071
RTM1C49,1.39,1.38,1.4,1000000.0,1000000.0,0,0,0,0,0,0,0,0,29,2026-02-05 09:54:31.430071
RTM1P49,0.91,0.9,0.92,1000000.0,1000000.0,0,0,0,0,0,0,0,0,29,2026-02-05 09:54:31.430071
RTM1C50,0.94,0.93,0.95,1000000.0,1000000.0,0,0,0,0,0,0,0,0,29,2026-02-05 09:54:31.430071
RTM1P50,1.46,1.45,1.47,1000000.0,1000000.0,0,0,0,0,0,0,0,0,29,2026-02-05 09:54:31.430071
RTM1C51,0.65,0.64,0.66,1000000.0,1000000.0,0,0,0,0,0,0,0,0,29,2026-02-05 09:54:31.430071
RTM1P51,2.18,2.17,2.19,1000000.0,1000000.0,0,0,0,0,0,0,0,0,29,2026-02-05 09:54:31.430071
RTM1C52,0.33,0.32,0.34,1000000.0,1000000.0,0,0,0,0,0,0,0,0,29,2026-02-05 09:54:31.430071
RTM1P52,2.85,2.84,2.86,1000000.0,1000000.0,0,0,0,0,0,0,0,0,29,2026-02-05 09:54:31.430071
RTM1C53,0.19,0.18,0.2,1000000.0,1000000.0,0,0,0,0,0,0,0,0,29,2026-02-05 09:54:31.430071
RTM1P53,3.71,3.7,3.72,1000000.0,1000000.0,0,0,0,0,0,0,0,0,29,2026-02-05 09:54:31.430071
RTM1C54,0.11,0.1,0.12,1000000.0,1000000.0,0,0,0,0,0,0,0,0,29,2026-02-05 09:54:31.430071
RTM1P54,4.63,4.62,4.64,1000000.0,1000000.0,0,0,0,0,0,0,0,0,29,2026-02-05 09:54:31.430071
RTM,49.59,49.58,49.6,100000000.0,100000000.0,0,0,0,0,0,0,0,0,30,2026-02-05 09:54:32.493281
RTM1C45,4.66,4.65,4.67,1000000.0,1000000.0,0,0,0,0,0,0,0,0,30,2026-02-05 09:54:32.493281
RTM1P45,0.07,0.06,0.08,1000000.0,1000000.0,0,0,0,0,0,0,0,0,30,2026-02-05 09:54:32.493281
RTM1C46,3.76,3.75,3.77,1000000.0,1000000.0,0,0,0,0,0,0,0,0,30,2026-02-05 09:54:32.493281
RTM1P46,0.16,0.15,0.17,1000000.0,1000000.0,0,0,0,0,0,0,0,0,30,2026-02-05 09:54:32.493281
RTM1C47,2.89,2.88,2.9,1000000.0,1000000.0,0,0,0,0,0,0,0,0,30,2026-02-05 09:54:32.493281
RTM1P47,0.3,0.29,0.31,1000000.0,1000000.0,0,0,0,0,0,0,0,0,30,2026-02-05 09:54:32.493281
RTM1C48,2.12,2.11,2.13,1000000.0,1000000.0,0,0,0,0,0,0,0,0,30,2026-02-05 09:54:32.493281
RTM1P48,0.53,0.52,0.54,1000000.0,1000000.0,0,0,0,0,0,0,0,0,30,2026-02-05 09:54:32.493281
RTM1C49,1.59,1.58,1.6,1000000.0,1000000.0,0,0,0,0,0,0,0,0,30,2026-02-05 09:54:32.493281
RTM1P49,0.99,0.98,1.0,1000000.0,1000000.0,0,0,0,0,0,0,0,0,30,2026-02-05 09:54:32.493281
RTM1C50,0.95,0.94,0.96,1000000.0,1000000.0,0,0,0,0,0,0,0,0,30,2026-02-05 09:54:32.493281
RTM1P50,1.36,1.35,1.37,1000000.0,1000000.0,0,0,0,0,0,0,0,0,30,2026-02-05 09:54:32.493281
RTM1C51,0.69,0.68,0.7,1000000.0,1000000.0,0,0,0,0,0,0,0,0,30,2026-02-05 09:54:32.493281
RTM1P51,2.1,2.09,2.11,1000000.0,1000000.0,0,0,0,0,0,0,0,0,30,2026-02-05 09:54:32.493281
RTM1C52,0.35,0.34,0.36,1000000.0,1000000.0,0,0,0,0,0,0,0,0,30,2026-02-05 09:54:32.493281
RTM1P52,2.76,2.75,2.77,1000000.0,1000000.0,0,0,0,0,0,0,0,0,30,2026-02-05 09:54:32.493281
RTM1C53,0.25,0.24,0.26,1000000.0,1000000.0,0,0,0,0,0,0,0,0,30,2026-02-05 09:54:32.493281
RTM1P53,3.65,3.64,3.66,1000000.0,1000000.0,0,0,0,0,0,0,0,0,30,2026-02-05 09:54:32.493281
RTM1C54,0.12,0.11,0.13,1000000.0,1000000.0,0,0,0,0,0,0,0,0,30,2026-02-05 09:54:32.493281
RTM1P54,4.52,4.51,4.53,1000000.0,1000000.0,0,0,0,0,0,0,0,0,30,2026-02-05 09:54:32.493281
RTM,49.55,49.54,49.56,100000000.0,100000000.0,0,0,0,0,0,0,0,0,31,2026-02-05 09:54:33.584330
RTM1C45,4.6,4.59,4.61,1000000.0,1000000.0,0,0,0,0,0,0,0,0,31,2026-02-05 09:54:33.584330
RTM1P45,0.05,0.04,0.06,1000000.0,1000000.0,0,0,0,0,0,0,0,0,31,2026-02-05 09:54:33.584330
RTM1C46,3.68,3.67,3.69,1000000.0,1000000.0,0,0,0,0,0,0,0,0,31,2026-02-05 09:54:33.584330
RTM1P46,0.13,0.12,0.14,1000000.0,1000000.0,0,0,0,0,0,0,0,0,31,2026-02-05 09:54:33.584330
RTM1C47,2.84,2.83,2.85,1000000.0,1000000.0,0,0,0,0,0,0,0,0,31,2026-02-05 09:54:33.584330
RTM1P47,0.29,0.28,0.3,1000000.0,1000000.0,0,0,0,0,0,0,0,0,31,2026-02-05 09:54:33.584330
RTM1C48,2.09,2.08,2.1,1000000.0,1000000.0,0,0,0,0,0,0,0,0,31,2026-02-05 09:54:33.584330
RTM1P48,0.54,0.53,0.55,1000000.0,1000000.0,0,0,0,0,0,0,0,0,31,2026-02-05 09:54:33.584330
RTM1C49,1.55,1.54,1.56,1000000.0,1000000.0,0,0,0,0,0,0,0,0,31,2026-02-05 09:54:33.584330
RTM1P49,1.0,0.99,1.01,1000000.0,1000000.0,0,0,0,0,0,0,0,0,31,2026-02-05 09:54:33.584330
RTM1C50,1.0,0.99,1.01,1000000.0,1000000.0,0,0,0,0,0,0,0,0,31,2026-02-05 09:54:33.584330
RTM1P50,1.46,1.45,1.47,1000000.0,1000000.0,0,0,0,0,0,0,0,0,31,2026-02-05 09:54:33.584330
RTM1C51,0.67,0.66,0.68,1000000.0,1000000.0,0,0,0,0,0,0,0,0,31,2026-02-05 09:54:33.584330
RTM1P51,2.12,2.11,2.13,1000000.0,1000000.0,0,0,0,0,0,0,0,0,31,2026-02-05 09:54:33.584330
RTM1C52,0.34,0.33,0.35,1000000.0,1000000.0,0,0,0,0,0,0,0,0,31,2026-02-05 09:54:33.584330
RTM1P52,2.79,2.78,2.8,1000000.0,1000000.0,0,0,0,0,0,0,0,0,31,2026-02-05 09:54:33.584330
RTM1C53,0.19,0.18,0.2,1000000.0,1000000.0,0,0,0,0,0,0,0,0,31,2026-02-05 09:54:33.584330
RTM1P53,3.64,3.63,3.65,1000000.0,1000000.0,0,0,0,0,0,0,0,0,31,2026-02-05 09:54:33.584330
RTM1C54,0.12,0.11,0.13,1000000.0,1000000.0,0,0,0,0,0,0,0,0,31,2026-02-05 09:54:33.584330
RTM1P54,4.57,4.56,4.58,1000000.0,1000000.0,0,0,0,0,0,0,0,0,31,2026-02-05 09:54:33.584330
RTM,49.49,49.48,49.5,100000000.0,100000000.0,0,0,0,0,0,0,0,0,32,2026-02-05 09:54:34.721195
RTM1C45,4.54,4.53,4.55,1000000.0,1000000.0,0,0,0,0,0,0,0,0,32,2026-02-05 09:54:34.721195
RTM1P45,0.06,0.05,0.07,1000000.0,1000000.0,0,0,0,0,0,0,0,0,32,2026-02-05 09:54:34.721195
RTM1C46,3.64,3.63,3.65,1000000.0,1000000.0,0,0,0,0,0,0,0,0,32,2026-02-05 09:54:34.721195
RTM1P46,0.15,0.14,0.16,1000000.0,1000000.0,0,0,0,0,0,0,0,0,32,2026-02-05 09:54:34.721195
RTM1C47,2.78,2.77,2.79,1000000.0,1000000.0,0,0,0,0,0,0,0,0,32,2026-02-05 09:54:34.721195
RTM1P47,0.3,0.29,0.31,1000000.0,1000000.0,0,0,0,0,0,0,0,0,32,2026-02-05 09:54:34.721195
RTM1C48,2.02,2.01,2.03,1000000.0,1000000.0,0,0,0,0,0,0,0,0,32,2026-02-05 09:54:34.721195
RTM1P48,0.53,0.52,0.54,1000000.0,1000000.0,0,0,0,0,0,0,0,0,32,2026-02-05 09:54:34.721195
RTM1C49,1.45,1.44,1.46,1000000.0,1000000.0,0,0,0,0,0,0,0,0,32,2026-02-05 09:54:34.721195
RTM1P49,0.96,0.95,0.97,1000000.0,1000000.0,0,0,0,0,0,0,0,0,32,2026-02-05 09:54:34.721195
RTM1C50,0.98,0.97,0.99,1000000.0,1000000.0,0,0,0,0,0,0,0,0,32,2026-02-05 09:54:34.721195
RTM1P50,1.49,1.48,1.5,1000000.0,1000000.0,0,0,0,0,0,0,0,0,32,2026-02-05 09:54:34.721195
RTM1C51,0.6,0.59,0.61,1000000.0,1000000.0,0,0,0,0,0,0,0,0,32,2026-02-05 09:54:34.721195
RTM1P51,2.11,2.1,2.12,1000000.0,1000000.0,0,0,0,0,0,0,0,0,32,2026-02-05 09:54:34.721195
RTM1C52,0.33,0.32,0.34,1000000.0,1000000.0,0,0,0,0,0,0,0,0,32,2026-02-05 09:54:34.721195
RTM1P52,2.84,2.83,2.85,1000000.0,1000000.0,0,0,0,0,0,0,0,0,32,2026-02-05 09:54:34.721195
RTM1C53,0.17,0.16,0.18,1000000.0,1000000.0,0,0,0,0,0,0,0,0,32,2026-02-05 09:54:34.721195
RTM1P53,3.68,3.67,3.69,1000000.0,1000000.0,0,0,0,0,0,0,0,0,32,2026-02-05 09:54:34.721195
RTM1C54,0.09,0.08,0.1,1000000.0,1000000.0,0,0,0,0,0,0,0,0,32,2026-02-05 09:54:34.721195
RTM1P54,4.6,4.59,4.61,1000000.0,1000000.0,0,0,0,0,0,0,0,0,32,2026-02-05 09:54:34.721195
RTM,49.59,49.57,49.59,100000000.0,100000000.0,0,0,0,0,0,0,0,0,33,2026-02-05 09:54:35.803027
RTM1C45,4.64,4.63,4.65,1000000.0,1000000.0,0,0,0,0,0,0,0,0,33,2026-02-05 09:54:35.803027
RTM1P45,0.05,0.04,0.06,1000000.0,1000000.0,0,0,0,0,0,0,0,0,33,2026-02-05 09:54:35.803027
RTM1C46,3.71,3.7,3.72,1000000.0,1000000.0,0,0,0,0,0,0,0,0,33,2026-02-05 09:54:35.803027
RTM1P46,0.12,0.11,0.13,1000000.0,1000000.0,0,0,0,0,0,0,0,0,33,2026-02-05 09:54:35.803027
RTM1C47,2.88,2.87,2.89,1000000.0,1000000.0,0,0,0,0,0,0,0,0,33,2026-02-05 09:54:35.803027
RTM1P47,0.29,0.28,0.3,1000000.0,1000000.0,0,0,0,0,0,0,0,0,33,2026-02-05 09:54:35.803027
RTM1C48,2.15,2.14,2.16,1000000.0,1000000.0,0,0,0,0,0,0,0,0,33,2026-02-05 09:54:35.803027
RTM1P48,0.56,0.55,0.57,1000000.0,1000000.0,0,0,0,0,0,0,0,0,33,2026-02-05 09:54:35.803027
RTM1C49,1.52,1.51,1.53,1000000.0,1000000.0,0,0,0,0,0,0,0,0,33,2026-02-05 09:54:35.803027
RTM1P49,0.93,0.92,0.94,1000000.0,1000000.0,0,0,0,0,0,0,0,0,33,2026-02-05 09:54:35.803027
RTM1C50,0.97,0.96,0.98,1000000.0,1000000.0,0,0,0,0,0,0,0,0,33,2026-02-05 09:54:35.803027
RTM1P50,1.39,1.38,1.4,1000000.0,1000000.0,0,0,0,0,0,0,0,0,33,2026-02-05 09:54:35.803027
RTM1C51,0.62,0.61,0.63,1000000.0,1000000.0,0,0,0,0,0,0,0,0,33,2026-02-05 09:54:35.803027
RTM1P51,2.04,2.03,2.05,1000000.0,1000000.0,0,0,0,0,0,0,0,0,33,2026-02-05 09:54:35.803027
RTM1C52,0.32,0.31,0.33,1000000.0,1000000.0,0,0,0,0,0,0,0,0,33,2026-02-05 09:54:35.803027
RTM1P52,2.74,2.73,2.75,1000000.0,1000000.0,0,0,0,0,0,0,0,0,33,2026-02-05 09:54:35.803027
RTM1C53,0.2,0.19,0.21,1000000.0,1000000.0,0,0,0,0,0,0,0,0,33,2026-02-05 09:54:35.803027
RTM1P53,3.61,3.6,3.62,1000000.0,1000000.0,0,0,0,0,0,0,0,0,33,2026-02-05 09:54:35.803027
RTM1C54,0.11,0.1,0.12,1000000.0,1000000.0,0,0,0,0,0,0,0,0,33,2026-02-05 09:54:35.803027
RTM1P54,4.53,4.52,4.54,1000000.0,1000000.0,0,0,0,0,0,0,0,0,33,2026-02-05 09:54:35.803027
RTM,49.73,49.72,49.74,100000000.0,100000000.0,0,0,0,0,0,0,0,0,34,2026-02-05 09:54:36.386336
RTM1C45,4.78,4.77,4.79,1000000.0,1000000.0,0,0,0,0,0,0,0,0,34,2026-02-05 09:54:36.386336
RTM1P45,0.04,0.03,0.05,1000000.0,1000000.0,0,0,0,0,0,0,0,0,34,2026-02-05 09:54:36.386336
RTM1C46,3.86,3.85,3.87,1000000.0,1000000.0,0,0,0,0,0,0,0,0,34,2026-02-05 09:54:36.386336
RTM1P46,0.12,0.11,0.13,1000000.0,1000000.0,0,0,0,0,0,0,0,0,34,2026-02-05 09:54:36.386336
RTM1C47,2.99,2.98,3.0,1000000.0,1000000.0,0,0,0,0,0,0,0,0,34,2026-02-05 09:54:36.386336
RTM1P47,0.25,0.24,0.26,1000000.0,1000000.0,0,0,0,0,0,0,0,0,34,2026-02-05 09:54:36.386336
RTM1C48,2.22,2.21,2.23,1000000.0,1000000.0,0,0,0,0,0,0,0,0,34,2026-02-05 09:54:36.386336
RTM1P48,0.49,0.48,0.5,1000000.0,1000000.0,0,0,0,0,0,0,0,0,34,2026-02-05 09:54:36.386336
RTM1C49,1.54,1.53,1.55,1000000.0,1000000.0,0,0,0,0,0,0,0,0,34,2026-02-05 09:54:36.386336
RTM1P49,0.81,0.8,0.82,1000000.0,1000000.0,0,0,0,0,0,0,0,0,34,2026-02-05 09:54:36.386336
RTM1C50,1.03,1.02,1.04,1000000.0,1000000.0,0,0,0,0,0,0,0,0,34,2026-02-05 09:54:36.386336
RTM1P50,1.3,1.29,1.31,1000000.0,1000000.0,0,0,0,0,0,0,0,0,34,2026-02-05 09:54:36.386336
RTM1C51,0.64,0.63,0.65,1000000.0,1000000.0,0,0,0,0,0,0,0,0,34,2026-02-05 09:54:36.386336
RTM1P51,1.9,1.89,1.91,1000000.0,1000000.0,0,0,0,0,0,0,0,0,34,2026-02-05 09:54:36.386336
RTM1C52,0.36,0.35,0.37,1000000.0,1000000.0,0,0,0,0,0,0,0,0,34,2026-02-05 09:54:36.386336
RTM1P52,2.63,2.62,2.64,1000000.0,1000000.0,0,0,0,0,0,0,0,0,34,2026-02-05 09:54:36.386336
RTM1C53,0.19,0.18,0.2,1000000.0,1000000.0,0,0,0,0,0,0,0,0,34,2026-02-05 09:54:36.386336
RTM1P53,3.46,3.45,3.47,1000000.0,1000000.0,0,0,0,0,0,0,0,0,34,2026-02-05 09:54:36.386336
RTM1C54,0.1,0.09,0.11,1000000.0,1000000.0,0,0,0,0,0,0,0,0,34,2026-02-05 09:54:36.386336
RTM1P54,4.37,4.36,4.38,1000000.0,1000000.0,0,0,0,0,0,0,0,0,34,2026-02-05 09:54:36.386336
RTM,49.45,49.44,49.46,100000000.0,100000000.0,0,0,0,0,0,0,0,0,35,2026-02-05 09:54:37.496732
RTM1C45,4.5,4.49,4.51,1000000.0,1000000.0,0,0,0,0,0,0,0,0,35,2026-02-05 09:54:37.496732
RTM1P45,0.05,0.04,0.06,1000000.0,1000000.0,0,0,0,0,0,0,0,0,35,2026-02-05 09:54:37.496732
RTM1C46,3.6,3.59,3.61,1000000.0,1000000.0,0,0,0,0,0,0,0,0,35,2026-02-05 09:54:37.496732
RTM1P46,0.15,0.14,0.16,1000000.0,1000000.0,0,0,0,0,0,0,0,0,35,2026-02-05 09:54:37.496732
RTM1C47,2.76,2.75,2.77,1000000.0,1000000.0,0,0,0,0,0,0,0,0,35,2026-02-05 09:54:37.496732
RTM1P47,0.31,0.3,0.32,1000000.0,1000000.0,0,0,0,0,0,0,0,0,35,2026-02-05 09:54:37.496732
RTM1C48,1.96,1.95,1.97,1000000.0,1000000.0,0,0,0,0,0,0,0,0,35,2026-02-05 09:54:37.496732
RTM1P48,0.51,0.5,0.52,1000000.0,1000000.0,0,0,0,0,0,0,0,0,35,2026-02-05 09:54:37.496732
RTM1C49,1.43,1.42,1.44,1000000.0,1000000.0,0,0,0,0,0,0,0,0,35,2026-02-05 09:54:37.496732
RTM1P49,0.98,0.97,0.99,1000000.0,1000000.0,0,0,0,0,0,0,0,0,35,2026-02-05 09:54:37.496732
RTM1C50,0.87,0.86,0.88,1000000.0,1000000.0,0,0,0,0,0,0,0,0,35,2026-02-05 09:54:37.496732
RTM1P50,1.42,1.41,1.43,1000000.0,1000000.0,0,0,0,0,0,0,0,0,35,2026-02-05 09:54:37.496732
RTM1C51,0.54,0.53,0.55,1000000.0,1000000.0,0,0,0,0,0,0,0,0,35,2026-02-05 09:54:37.496732
RTM1P51,2.09,2.08,2.1,1000000.0,1000000.0,0,0,0,0,0,0,0,0,35,2026-02-05 09:54:37.496732
RTM1C52,0.34,0.33,0.35,1000000.0,1000000.0,0,0,0,0,0,0,0,0,35,2026-02-05 09:54:37.496732
RTM1P52,2.89,2.88,2.9,1000000.0,1000000.0,0,0,0,0,0,0,0,0,35,2026-02-05 09:54:37.496732
RTM1C53,0.16,0.15,0.17,1000000.0,1000000.0,0,0,0,0,0,0,0,0,35,2026-02-05 09:54:37.496732
RTM1P53,3.71,3.7,3.72,1000000.0,1000000.0,0,0,0,0,0,0,0,0,35,2026-02-05 09:54:37.496732
RTM1C54,0.09,0.08,0.1,1000000.0,1000000.0,0,0,0,0,0,0,0,0,35,2026-02-05 09:54:37.496732
RTM1P54,4.64,4.63,4.65,1000000.0,1000000.0,0,0,0,0,0,0,0,0,35,2026-02-05 09:54:37.496732
RTM,49.5,49.49,49.51,100000000.0,100000000.0,0,0,0,0,0,0,0,0,36,2026-02-05 09:54:38.606044,3.0,1.0,35.0,,News 1,The analysts have informed you that the realized volatility of RTM next week will be between 30% and 35%
RTM1C45,4.55,4.54,4.56,1000000.0,1000000.0,0,0,0,0,0,0,0,0,36,2026-02-05 09:54:38.606044,,,,,,
RTM1P45,0.05,0.04,0.06,1000000.0,1000000.0,0,0,0,0,0,0,0,0,36,2026-02-05 09:54:38.606044,,,,,,
RTM1C46,3.64,3.63,3.65,1000000.0,1000000.0,0,0,0,0,0,0,0,0,36,2026-02-05 09:54:38.606044,,,,,,
RTM1P46,0.14,0.13,0.15,1000000.0,1000000.0,0,0,0,0,0,0,0,0,36,2026-02-05 09:54:38.606044,,,,,,
RTM1C47,2.76,2.75,2.77,1000000.0,1000000.0,0,0,0,0,0,0,0,0,36,2026-02-05 09:54:38.606044,,,,,,
RTM1P47,0.25,0.24,0.26,1000000.0,1000000.0,0,0,0,0,0,0,0,0,36,2026-02-05 09:54:38.606044,,,,,,
RTM1C48,2.03,2.02,2.04,1000000.0,1000000.0,0,0,0,0,0,0,0,0,36,2026-02-05 09:54:38.606044,,,,,,
RTM1P48,0.53,0.52,0.54,1000000.0,1000000.0,0,0,0,0,0,0,0,0,36,2026-02-05 09:54:38.606044,,,,,,
RTM1C49,1.4,1.39,1.41,1000000.0,1000000.0,0,0,0,0,0,0,0,0,36,2026-02-05 09:54:38.606044,,,,,,
RTM1P49,0.9,0.89,0.91,1000000.0,1000000.0,0,0,0,0,0,0,0,0,36,2026-02-05 09:54:38.606044,,,,,,
RTM1C50,0.92,0.91,0.93,1000000.0,1000000.0,0,0,0,0,0,0,0,0,36,2026-02-05 09:54:38.606044,,,,,,
RTM1P50,1.42,1.41,1.43,1000000.0,1000000.0,0,0,0,0,0,0,0,0,36,2026-02-05 09:54:38.606044,,,,,,
RTM1C51,0.57,0.56,0.58,1000000.0,1000000.0,0,0,0,0,0,0,0,0,36,2026-02-05 09:54:38.606044,,,,,,
RTM1P51,2.06,2.05,2.07,1000000.0,1000000.0,0,0,0,0,0,0,0,0,36,2026-02-05 09:54:38.606044,,,,,,
RTM1C52,0.3,0.29,0.31,1000000.0,1000000.0,0,0,0,0,0,0,0,0,36,2026-02-05 09:54:38.606044,,,,,,
RTM1P52,2.8,2.79,2.81,1000000.0,1000000.0,0,0,0,0,0,0,0,0,36,2026-02-05 09:54:38.606044,,,,,,
RTM1C53,0.15,0.14,0.16,1000000.0,1000000.0,0,0,0,0,0,0,0,0,36,2026-02-05 09:54:38.606044,,,,,,
RTM1P53,3.65,3.64,3.66,1000000.0,1000000.0,0,0,0,0,0,0,0,0,36,2026-02-05 09:54:38.606044,,,,,,
RTM1C54,0.08,0.07,0.09,1000000.0,1000000.0,0,0,0,0,0,0,0,0,36,2026-02-05 09:54:38.606044,,,,,,
RTM1P54,4.58,4.57,4.59,1000000.0,1000000.0,0,0,0,0,0,0,0,0,36,2026-02-05 09:54:38.606044,,,,,,
RTM,49.65,49.64,49.66,100000000.0,100000000.0,0,0,0,0,0,0,0,0,37,2026-02-05 09:54:39.773106
RTM1C45,4.69,4.68,4.7,1000000.0,1000000.0,0,0,0,0,0,0,0,0,37,2026-02-05 09:54:39.773106
RTM1P45,0.04,0.03,0.05,1000000.0,1000000.0,0,0,0,0,0,0,0,0,37,2026-02-05 09:54:39.773106
RTM1C46,3.76,3.75,3.77,1000000.0,1000000.0,0,0,0,0,0,0,0,0,37,2026-02-05 09:54:39.773106
RTM1P46,0.11,0.1,0.12,1000000.0,1000000.0,0,0,0,0,0,0,0,0,37,2026-02-05 09:54:39.773106
RTM1C47,2.91,2.9,2.92,1000000.0,1000000.0,0,0,0,0,0,0,0,0,37,2026-02-05 09:54:39.773106
RTM1P47,0.26,0.25,0.27,1000000.0,1000000.0,0,0,0,0,0,0,0,0,37,2026-02-05 09:54:39.773106
RTM1C48,2.1,2.09,2.11,1000000.0,1000000.0,0,0,0,0,0,0,0,0,37,2026-02-05 09:54:39.773106
RTM1P48,0.45,0.44,0.46,1000000.0,1000000.0,0,0,0,0,0,0,0,0,37,2026-02-05 09:54:39.773106
RTM1C49,1.49,1.48,1.5,1000000.0,1000000.0,0,0,0,0,0,0,0,0,37,2026-02-05 09:54:39.773106
RTM1P49,0.84,0.83,0.85,1000000.0,1000000.0,0,0,0,0,0,0,0,0,37,2026-02-05 09:54:39.773106
RTM1C50,1.0,0.99,1.01,1000000.0,1000000.0,0,0,0,0,0,0,0,0,37,2026-02-05 09:54:39.773106
RTM1P50,1.34,1.33,1.35,1000000.0,1000000.0,0,0,0,0,0,0,0,0,37,2026-02-05 09:54:39.773106
RTM1C51,0.6,0.59,0.61,1000000.0,1000000.0,0,0,0,0,0,0,0,0,37,2026-02-05 09:54:39.773106
RTM1P51,1.94,1.93,1.95,1000000.0,1000000.0,0,0,0,0,0,0,0,0,37,2026-02-05 09:54:39.773106
RTM1C52,0.33,0.32,0.34,1000000.0,1000000.0,0,0,0,0,0,0,0,0,37,2026-02-05 09:54:39.773106
RTM1P52,2.68,2.67,2.69,1000000.0,1000000.0,0,0,0,0,0,0,0,0,37,2026-02-05 09:54:39.773106
RTM1C53,0.17,0.16,0.18,1000000.0,1000000.0,0,0,0,0,0,0,0,0,37,2026-02-05 09:54:39.773106
RTM1P53,3.52,3.51,3.53,1000000.0,1000000.0,0,0,0,0,0,0,0,0,37,2026-02-05 09:54:39.773106
RTM1C54,0.09,0.08,0.1,1000000.0,1000000.0,0,0,0,0,0,0,0,0,37,2026-02-05 09:54:39.773106
RTM1P54,4.44,4.43,4.45,1000000.0,1000000.0,0,0,0,0,0,0,0,0,37,2026-02-05 09:54:39.773106
RTM,49.75,49.74,49.76,100000000.0,100000000.0,0,0,0,0,0,0,0,0,38,2026-02-05 09:54:40.834499
RTM1C45,4.79,4.78,4.8,1000000.0,1000000.0,0,0,0,0,0,0,0,0,38,2026-02-05 09:54:40.834499
RTM1P45,0.04,0.03,0.05,1000000.0,1000000.0,0,0,0,0,0,0,0,0,38,2026-02-05 09:54:40.834499
RTM1C46,3.86,3.85,3.87,1000000.0,1000000.0,0,0,0,0,0,0,0,0,38,2026-02-05 09:54:40.834499
RTM1P46,0.11,0.1,0.12,1000000.0,1000000.0,0,0,0,0,0,0,0,0,38,2026-02-05 09:54:40.834499
RTM1C47,2.97,2.96,2.98,1000000.0,1000000.0,0,0,0,0,0,0,0,0,38,2026-02-05 09:54:40.834499
RTM1P47,0.22,0.21,0.23,1000000.0,1000000.0,0,0,0,0,0,0,0,0,38,2026-02-05 09:54:40.834499
RTM1C48,2.18,2.17,2.19,1000000.0,1000000.0,0,0,0,0,0,0,0,0,38,2026-02-05 09:54:40.834499
RTM1P48,0.43,0.42,0.44,1000000.0,1000000.0,0,0,0,0,0,0,0,0,38,2026-02-05 09:54:40.834499
RTM1C49,1.51,1.5,1.52,1000000.0,1000000.0,0,0,0,0,0,0,0,0,38,2026-02-05 09:54:40.834499
RTM1P49,0.76,0.75,0.77,1000000.0,1000000.0,0,0,0,0,0,0,0,0,38,2026-02-05 09:54:40.834499
RTM1C50,0.98,0.97,0.99,1000000.0,1000000.0,0,0,0,0,0,0,0,0,38,2026-02-05 09:54:40.834499
RTM1P50,1.23,1.22,1.24,1000000.0,1000000.0,0,0,0,0,0,0,0,0,38,2026-02-05 09:54:40.834499
RTM1C51,0.62,0.61,0.63,1000000.0,1000000.0,0,0,0,0,0,0,0,0,38,2026-02-05 09:54:40.834499
RTM1P51,1.87,1.86,1.88,1000000.0,1000000.0,0,0,0,0,0,0,0,0,38,2026-02-05 09:54:40.834499
RTM1C52,0.34,0.33,0.35,1000000.0,1000000.0,0,0,0,0,0,0,0,0,38,2026-02-05 09:54:40.834499
RTM1P52,2.59,2.58,2.6,1000000.0,1000000.0,0,0,0,0,0,0,0,0,38,2026-02-05 09:54:40.834499
RTM1C53,0.2,0.19,0.21,1000000.0,1000000.0,0,0,0,0,0,0,0,0,38,2026-02-05 09:54:40.834499
RTM1P53,3.45,3.44,3.46,1000000.0,1000000.0,0,0,0,0,0,0,0,0,38,2026-02-05 09:54:40.834499
RTM1C54,0.09,0.08,0.1,1000000.0,1000000.0,0,0,0,0,0,0,0,0,38,2026-02-05 09:54:40.834499
RTM1P54,4.34,4.33,4.35,1000000.0,1000000.0,0,0,0,0,0,0,0,0,38,2026-02-05 09:54:40.834499
RTM,49.89,49.88,49.9,100000000.0,100000000.0,0,0,0,0,0,0,0,0,39,2026-02-05 09:54:41.391465
RTM1C45,4.93,4.92,4.94,1000000.0,1000000.0,0,0,0,0,0,0,0,0,39,2026-02-05 09:54:41.391465
RTM1P45,0.03,0.02,0.04,1000000.0,1000000.0,0,0,0,0,0,0,0,0,39,2026-02-05 09:54:41.391465
RTM1C46,3.98,3.97,3.99,1000000.0,1000000.0,0,0,0,0,0,0,0,0,39,2026-02-05 09:54:41.391465
RTM1P46,0.09,0.08,0.1,1000000.0,1000000.0,0,0,0,0,0,0,0,0,39,2026-02-05 09:54:41.391465
RTM1C47,3.08,3.07,3.09,1000000.0,1000000.0,0,0,0,0,0,0,0,0,39,2026-02-05 09:54:41.391465
RTM1P47,0.19,0.18,0.2,1000000.0,1000000.0,0,0,0,0,0,0,0,0,39,2026-02-05 09:54:41.391465
RTM1C48,2.27,2.26,2.28,1000000.0,1000000.0,0,0,0,0,0,0,0,0,39,2026-02-05 09:54:41.391465
RTM1P48,0.38,0.37,0.39,1000000.0,1000000.0,0,0,0,0,0,0,0,0,39,2026-02-05 09:54:41.391465
RTM1C49,1.59,1.58,1.6,1000000.0,1000000.0,0,0,0,0,0,0,0,0,39,2026-02-05 09:54:41.391465
RTM1P49,0.7,0.69,0.71,1000000.0,1000000.0,0,0,0,0,0,0,0,0,39,2026-02-05 09:54:41.391465
RTM1C50,1.04,1.03,1.05,1000000.0,1000000.0,0,0,0,0,0,0,0,0,39,2026-02-05 09:54:41.391465
RTM1P50,1.15,1.14,1.16,1000000.0,1000000.0,0,0,0,0,0,0,0,0,39,2026-02-05 09:54:41.391465
RTM1C51,0.65,0.64,0.66,1000000.0,1000000.0,0,0,0,0,0,0,0,0,39,2026-02-05 09:54:41.391465
RTM1P51,1.76,1.75,1.77,1000000.0,1000000.0,0,0,0,0,0,0,0,0,39,2026-02-05 09:54:41.391465
RTM1C52,0.36,0.35,0.37,1000000.0,1000000.0,0,0,0,0,0,0,0,0,39,2026-02-05 09:54:41.391465
RTM1P52,2.47,2.46,2.48,1000000.0,1000000.0,0,0,0,0,0,0,0,0,39,2026-02-05 09:54:41.391465
RTM1C53,0.2,0.19,0.21,1000000.0,1000000.0,0,0,0,0,0,0,0,0,39,2026-02-05 09:54:41.391465
RTM1P53,3.31,3.3,3.32,1000000.0,1000000.0,0,0,0,0,0,0,0,0,39,2026-02-05 09:54:41.391465
RTM1C54,0.1,0.09,0.11,1000000.0,1000000.0,0,0,0,0,0,0,0,0,39,2026-02-05 09:54:41.391465
RTM1P54,4.21,4.2,4.22,1000000.0,1000000.0,0,0,0,0,0,0,0,0,39,2026-02-05 09:54:41.391465
RTM,50.03,50.02,50.04,100000000.0,100000000.0,0,0,0,0,0,0,0,0,40,2026-02-05 09:54:42.454998
RTM1C45,5.05,5.04,5.06,1000000.0,1000000.0,0,0,0,0,0,0,0,0,40,2026-02-05 09:54:42.454998
RTM1P45,0.03,0.02,0.04,1000000.0,1000000.0,0,0,0,0,0,0,0,0,40,2026-02-05 09:54:42.454998
RTM1C46,4.12,4.11,4.13,1000000.0,1000000.0,0,0,0,0,0,0,0,0,40,2026-02-05 09:54:42.454998
RTM1P46,0.09,0.08,0.1,1000000.0,1000000.0,0,0,0,0,0,0,0,0,40,2026-02-05 09:54:42.454998
RTM1C47,3.22,3.21,3.23,1000000.0,1000000.0,0,0,0,0,0,0,0,0,40,2026-02-05 09:54:42.454998
RTM1P47,0.19,0.18,0.2,1000000.0,1000000.0,0,0,0,0,0,0,0,0,40,2026-02-05 09:54:42.454998
RTM1C48,2.4,2.39,2.41,1000000.0,1000000.0,0,0,0,0,0,0,0,0,40,2026-02-05 09:54:42.454998
RTM1P48,0.38,0.37,0.39,1000000.0,1000000.0,0,0,0,0,0,0,0,0,40,2026-02-05 09:54:42.454998
RTM1C49,1.67,1.66,1.68,1000000.0,1000000.0,0,0,0,0,0,0,0,0,40,2026-02-05 09:54:42.454998
RTM1P49,0.64,0.63,0.65,1000000.0,1000000.0,0,0,0,0,0,0,0,0,40,2026-02-05 09:54:42.454998
RTM1C50,1.14,1.13,1.15,1000000.0,1000000.0,0,0,0,0,0,0,0,0,40,2026-02-05 09:54:42.454998
RTM1P50,1.11,1.1,1.12,1000000.0,1000000.0,0,0,0,0,0,0,0,0,40,2026-02-05 09:54:42.454998
RTM1C51,0.71,0.7,0.72,1000000.0,1000000.0,0,0,0,0,0,0,0,0,40,2026-02-05 09:54:42.454998
RTM1P51,1.69,1.68,1.7,1000000.0,1000000.0,0,0,0,0,0,0,0,0,40,2026-02-05 09:54:42.454998
RTM1C52,0.41,0.4,0.42,1000000.0,1000000.0,0,0,0,0,0,0,0,0,40,2026-02-05 09:54:42.454998
RTM1P52,2.38,2.37,2.39,1000000.0,1000000.0,0,0,0,0,0,0,0,0,40,2026-02-05 09:54:42.454998
RTM1C53,0.25,0.24,0.26,1000000.0,1000000.0,0,0,0,0,0,0,0,0,40,2026-02-05 09:54:42.454998
RTM1P53,3.22,3.21,3.23,1000000.0,1000000.0,0,0,0,0,0,0,0,0,40,2026-02-05 09:54:42.454998
RTM1C54,0.11,0.1,0.12,1000000.0,1000000.0,0,0,0,0,0,0,0,0,40,2026-02-05 09:54:42.454998
RTM1P54,4.08,4.07,4.09,1000000.0,1000000.0,0,0,0,0,0,0,0,0,40,2026-02-05 09:54:42.454998
RTM,50.31,50.3,50.32,100000000.0,100000000.0,0,0,0,0,0,0,0,0,41,2026-02-05 09:54:43.524581
RTM1C45,5.33,5.32,5.34,1000000.0,1000000.0,0,0,0,0,0,0,0,0,41,2026-02-05 09:54:43.524581
RTM1P45,0.02,0.01,0.03,1000000.0,1000000.0,0,0,0,0,0,0,0,0,41,2026-02-05 09:54:43.524581
RTM1C46,4.37,4.36,4.38,1000000.0,1000000.0,0,0,0,0,0,0,0,0,41,2026-02-05 09:54:43.524581
RTM1P46,0.06,0.05,0.07,1000000.0,1000000.0,0,0,0,0,0,0,0,0,41,2026-02-05 09:54:43.524581
RTM1C47,3.46,3.45,3.47,1000000.0,1000000.0,0,0,0,0,0,0,0,0,41,2026-02-05 09:54:43.524581
RTM1P47,0.15,0.14,0.16,1000000.0,1000000.0,0,0,0,0,0,0,0,0,41,2026-02-05 09:54:43.524581
RTM1C48,2.6,2.59,2.61,1000000.0,1000000.0,0,0,0,0,0,0,0,0,41,2026-02-05 09:54:43.524581
RTM1P48,0.29,0.28,0.3,1000000.0,1000000.0,0,0,0,0,0,0,0,0,41,2026-02-05 09:54:43.524581
RTM1C49,1.89,1.88,1.9,1000000.0,1000000.0,0,0,0,0,0,0,0,0,41,2026-02-05 09:54:43.524581
RTM1P49,0.58,0.57,0.59,1000000.0,1000000.0,0,0,0,0,0,0,0,0,41,2026-02-05 09:54:43.524581
RTM1C50,1.3,1.29,1.31,1000000.0,1000000.0,0,0,0,0,0,0,0,0,41,2026-02-05 09:54:43.524581
RTM1P50,0.99,0.98,1.0,1000000.0,1000000.0,0,0,0,0,0,0,0,0,41,2026-02-05 09:54:43.524581
RTM1C51,0.82,0.81,0.83,1000000.0,1000000.0,0,0,0,0,0,0,0,0,41,2026-02-05 09:54:43.524581
RTM1P51,1.51,1.5,1.52,1000000.0,1000000.0,0,0,0,0,0,0,0,0,41,2026-02-05 09:54:43.524581
RTM1C52,0.5,0.49,0.51,1000000.0,1000000.0,0,0,0,0,0,0,0,0,41,2026-02-05 09:54:43.524581
RTM1P52,2.19,2.18,2.2,1000000.0,1000000.0,0,0,0,0,0,0,0,0,41,2026-02-05 09:54:43.524581
RTM1C53,0.25,0.24,0.26,1000000.0,1000000.0,0,0,0,0,0,0,0,0,41,2026-02-05 09:54:43.524581
RTM1P53,2.94,2.93,2.95,1000000.0,1000000.0,0,0,0,0,0,0,0,0,41,2026-02-05 09:54:43.524581
RTM1C54,0.15,0.14,0.16,1000000.0,1000000.0,0,0,0,0,0,0,0,0,41,2026-02-05 09:54:43.524581
RTM1P54,3.84,3.83,3.85,1000000.0,1000000.0,0,0,0,0,0,0,0,0,41,2026-02-05 09:54:43.524581
RTM,50.15,50.15,50.17,100000000.0,100000000.0,0,0,0,0,0,0,0,0,42,2026-02-05 09:54:44.623497
RTM1C45,5.18,5.17,5.19,1000000.0,1000000.0,0,0,0,0,0,0,0,0,42,2026-02-05 09:54:44.623497
RTM1P45,0.02,0.01,0.03,1000000.0,1000000.0,0,0,0,0,0,0,0,0,42,2026-02-05 09:54:44.623497
RTM1C46,4.22,4.21,4.23,1000000.0,1000000.0,0,0,0,0,0,0,0,0,42,2026-02-05 09:54:44.623497
RTM1P46,0.07,0.06,0.08,1000000.0,1000000.0,0,0,0,0,0,0,0,0,42,2026-02-05 09:54:44.623497
RTM1C47,3.31,3.3,3.32,1000000.0,1000000.0,0,0,0,0,0,0,0,0,42,2026-02-05 09:54:44.623497
RTM1P47,0.15,0.14,0.16,1000000.0,1000000.0,0,0,0,0,0,0,0,0,42,2026-02-05 09:54:44.623497
RTM1C48,2.47,2.46,2.48,1000000.0,1000000.0,0,0,0,0,0,0,0,0,42,2026-02-05 09:54:44.623497
RTM1P48,0.31,0.3,0.32,1000000.0,1000000.0,0,0,0,0,0,0,0,0,42,2026-02-05 09:54:44.623497
RTM1C49,1.79,1.78,1.8,1000000.0,1000000.0,0,0,0,0,0,0,0,0,42,2026-02-05 09:54:44.623497
RTM1P49,0.63,0.62,0.64,1000000.0,1000000.0,0,0,0,0,0,0,0,0,42,2026-02-05 09:54:44.623497
RTM1C50,1.17,1.16,1.18,1000000.0,1000000.0,0,0,0,0,0,0,0,0,42,2026-02-05 09:54:44.623497
RTM1P50,1.01,1.0,1.02,1000000.0,1000000.0,0,0,0,0,0,0,0,0,42,2026-02-05 09:54:44.623497
RTM1C51,0.72,0.71,0.73,1000000.0,1000000.0,0,0,0,0,0,0,0,0,42,2026-02-05 09:54:44.623497
RTM1P51,1.57,1.56,1.58,1000000.0,1000000.0,0,0,0,0,0,0,0,0,42,2026-02-05 09:54:44.623497
RTM1C52,0.44,0.43,0.45,1000000.0,1000000.0,0,0,0,0,0,0,0,0,42,2026-02-05 09:54:44.623497
RTM1P52,2.28,2.27,2.29,1000000.0,1000000.0,0,0,0,0,0,0,0,0,42,2026-02-05 09:54:44.623497
RTM1C53,0.25,0.24,0.26,1000000.0,1000000.0,0,0,0,0,0,0,0,0,42,2026-02-05 09:54:44.623497
RTM1P53,3.09,3.08,3.1,1000000.0,1000000.0,0,0,0,0,0,0,0,0,42,2026-02-05 09:54:44.623497
RTM1C54,0.12,0.11,0.13,1000000.0,1000000.0,0,0,0,0,0,0,0,0,42,2026-02-05 09:54:44.623497
RTM1P54,3.96,3.95,3.97,1000000.0,1000000.0,0,0,0,0,0,0,0,0,42,2026-02-05 09:54:44.623497
RTM,50.2,50.2,50.22,100000000.0,100000000.0,0,0,0,0,0,0,0,0,43,2026-02-05 09:54:45.756503
RTM1C45,5.24,5.23,5.25,1000000.0,1000000.0,0,0,0,0,0,0,0,0,43,2026-02-05 09:54:45.756503
RTM1P45,0.02,0.01,0.03,1000000.0,1000000.0,0,0,0,0,0,0,0,0,43,2026-02-05 09:54:45.756503
RTM1C46,4.28,4.27,4.29,1000000.0,1000000.0,0,0,0,0,0,0,0,0,43,2026-02-05 09:54:45.756503
RTM1P46,0.06,0.05,0.07,1000000.0,1000000.0,0,0,0,0,0,0,0,0,43,2026-02-05 09:54:45.756503
RTM1C47,3.35,3.34,3.36,1000000.0,1000000.0,0,0,0,0,0,0,0,0,43,2026-02-05 09:54:45.756503
RTM1P47,0.14,0.13,0.15,1000000.0,1000000.0,0,0,0,0,0,0,0,0,43,2026-02-05 09:54:45.756503
RTM1C48,2.52,2.51,2.53,1000000.0,1000000.0,0,0,0,0,0,0,0,0,43,2026-02-05 09:54:45.756503
RTM1P48,0.31,0.3,0.32,1000000.0,1000000.0,0,0,0,0,0,0,0,0,43,2026-02-05 09:54:45.756503
RTM1C49,1.78,1.77,1.79,1000000.0,1000000.0,0,0,0,0,0,0,0,0,43,2026-02-05 09:54:45.756503
RTM1P49,0.57,0.56,0.58,1000000.0,1000000.0,0,0,0,0,0,0,0,0,43,2026-02-05 09:54:45.756503
RTM1C50,1.23,1.22,1.24,1000000.0,1000000.0,0,0,0,0,0,0,0,0,43,2026-02-05 09:54:45.756503
RTM1P50,1.02,1.01,1.03,1000000.0,1000000.0,0,0,0,0,0,0,0,0,43,2026-02-05 09:54:45.756503
RTM1C51,0.76,0.75,0.77,1000000.0,1000000.0,0,0,0,0,0,0,0,0,43,2026-02-05 09:54:45.756503
RTM1P51,1.55,1.54,1.56,1000000.0,1000000.0,0,0,0,0,0,0,0,0,43,2026-02-05 09:54:45.756503
RTM1C52,0.42,0.41,0.43,1000000.0,1000000.0,0,0,0,0,0,0,0,0,43,2026-02-05 09:54:45.756503
RTM1P52,2.21,2.2,2.22,1000000.0,1000000.0,0,0,0,0,0,0,0,0,43,2026-02-05 09:54:45.756503
RTM1C53,0.26,0.25,0.27,1000000.0,1000000.0,0,0,0,0,0,0,0,0,43,2026-02-05 09:54:45.756503
RTM1P53,3.04,3.03,3.05,1000000.0,1000000.0,0,0,0,0,0,0,0,0,43,2026-02-05 09:54:45.756503
RTM1C54,0.13,0.12,0.14,1000000.0,1000000.0,0,0,0,0,0,0,0,0,43,2026-02-05 09:54:45.756503
RTM1P54,3.92,3.91,3.93,1000000.0,1000000.0,0,0,0,0,0,0,0,0,43,2026-02-05 09:54:45.756503
RTM,50.35,50.34,50.36,100000000.0,100000000.0,0,0,0,0,0,0,0,0,44,2026-02-05 09:54:46.836970
RTM1C45,5.37,5.36,5.38,1000000.0,1000000.0,0,0,0,0,0,0,0,0,44,2026-02-05 09:54:46.836970
RTM1P45,0.02,0.01,0.03,1000000.0,1000000.0,0,0,0,0,0,0,0,0,44,2026-02-05 09:54:46.836970
RTM1C46,4.42,4.41,4.43,1000000.0,1000000.0,0,0,0,0,0,0,0,0,44,2026-02-05 09:54:46.836970
RTM1P46,0.06,0.05,0.07,1000000.0,1000000.0,0,0,0,0,0,0,0,0,44,2026-02-05 09:54:46.836970
RTM1C47,3.49,3.48,3.5,1000000.0,1000000.0,0,0,0,0,0,0,0,0,44,2026-02-05 09:54:46.836970
RTM1P47,0.14,0.13,0.15,1000000.0,1000000.0,0,0,0,0,0,0,0,0,44,2026-02-05 09:54:46.836970
RTM1C48,2.64,2.63,2.65,1000000.0,1000000.0,0,0,0,0,0,0,0,0,44,2026-02-05 09:54:46.836970
RTM1P48,0.29,0.28,0.3,1000000.0,1000000.0,0,0,0,0,0,0,0,0,44,2026-02-05 09:54:46.836970
RTM1C49,1.89,1.88,1.9,1000000.0,1000000.0,0,0,0,0,0,0,0,0,44,2026-02-05 09:54:46.836970
RTM1P49,0.53,0.52,0.54,1000000.0,1000000.0,0,0,0,0,0,0,0,0,44,2026-02-05 09:54:46.836970
RTM1C50,1.26,1.25,1.27,1000000.0,1000000.0,0,0,0,0,0,0,0,0,44,2026-02-05 09:54:46.836970
RTM1P50,0.91,0.9,0.92,1000000.0,1000000.0,0,0,0,0,0,0,0,0,44,2026-02-05 09:54:46.836970
RTM1C51,0.83,0.82,0.84,1000000.0,1000000.0,0,0,0,0,0,0,0,0,44,2026-02-05 09:54:46.836970
RTM1P51,1.48,1.47,1.49,1000000.0,1000000.0,0,0,0,0,0,0,0,0,44,2026-02-05 09:54:46.836970
RTM1C52,0.47,0.46,0.48,1000000.0,1000000.0,0,0,0,0,0,0,0,0,44,2026-02-05 09:54:46.836970
RTM1P52,2.11,2.1,2.12,1000000.0,1000000.0,0,0,0,0,0,0,0,0,44,2026-02-05 09:54:46.836970
RTM1C53,0.27,0.26,0.28,1000000.0,1000000.0,0,0,0,0,0,0,0,0,44,2026-02-05 09:54:46.836970
RTM1P53,2.92,2.91,2.93,1000000.0,1000000.0,0,0,0,0,0,0,0,0,44,2026-02-05 09:54:46.836970
RTM1C54,0.13,0.12,0.14,1000000.0,1000000.0,0,0,0,0,0,0,0,0,44,2026-02-05 09:54:46.836970
RTM1P54,3.78,3.77,3.79,1000000.0,1000000.0,0,0,0,0,0,0,0,0,44,2026-02-05 09:54:46.836970
RTM,50.42,50.42,50.44,100000000.0,100000000.0,0,0,0,0,0,0,0,0,45,2026-02-05 09:54:47.910826
RTM1C45,5.44,5.44,5.46,1000000.0,1000000.0,0,0,0,0,0,0,0,0,45,2026-02-05 09:54:47.910826
RTM1P45,0.02,0.01,0.03,1000000.0,1000000.0,0,0,0,0,0,0,0,0,45,2026-02-05 09:54:47.910826
RTM1C46,4.48,4.47,4.49,1000000.0,1000000.0,0,0,0,0,0,0,0,0,45,2026-02-05 09:54:47.910826
RTM1P46,0.05,0.04,0.06,1000000.0,1000000.0,0,0,0,0,0,0,0,0,45,2026-02-05 09:54:47.910826
RTM1C47,3.56,3.55,3.57,1000000.0,1000000.0,0,0,0,0,0,0,0,0,45,2026-02-05 09:54:47.910826
RTM1P47,0.12,0.11,0.13,1000000.0,1000000.0,0,0,0,0,0,0,0,0,45,2026-02-05 09:54:47.910826
RTM1C48,2.68,2.67,2.69,1000000.0,1000000.0,0,0,0,0,0,0,0,0,45,2026-02-05 09:54:47.910826
RTM1P48,0.25,0.24,0.26,1000000.0,1000000.0,0,0,0,0,0,0,0,0,45,2026-02-05 09:54:47.910826
RTM1C49,1.94,1.93,1.95,1000000.0,1000000.0,0,0,0,0,0,0,0,0,45,2026-02-05 09:54:47.910826
RTM1P49,0.51,0.5,0.52,1000000.0,1000000.0,0,0,0,0,0,0,0,0,45,2026-02-05 09:54:47.910826
RTM1C50,1.3,1.28,1.3,1000000.0,1000000.0,0,0,0,0,0,0,0,0,45,2026-02-05 09:54:47.910826
RTM1P50,0.86,0.85,0.87,1000000.0,1000000.0,0,0,0,0,0,0,0,0,45,2026-02-05 09:54:47.910826
RTM1C51,0.86,0.85,0.87,1000000.0,1000000.0,0,0,0,0,0,0,0,0,45,2026-02-05 09:54:47.910826
RTM1P51,1.42,1.41,1.43,1000000.0,1000000.0,0,0,0,0,0,0,0,0,45,2026-02-05 09:54:47.910826
RTM1C52,0.51,0.5,0.52,1000000.0,1000000.0,0,0,0,0,0,0,0,0,45,2026-02-05 09:54:47.910826
RTM1P52,2.08,2.07,2.09,1000000.0,1000000.0,0,0,0,0,0,0,0,0,45,2026-02-05 09:54:47.910826
RTM1C53,0.28,0.27,0.29,1000000.0,1000000.0,0,0,0,0,0,0,0,0,45,2026-02-05 09:54:47.910826
RTM1P53,2.85,2.84,2.86,1000000.0,1000000.0,0,0,0,0,0,0,0,0,45,2026-02-05 09:54:47.910826
RTM1C54,0.15,0.14,0.16,1000000.0,1000000.0,0,0,0,0,0,0,0,0,45,2026-02-05 09:54:47.910826
RTM1P54,3.71,3.7,3.72,1000000.0,1000000.0,0,0,0,0,0,0,0,0,45,2026-02-05 09:54:47.910826
RTM,50.29,50.28,50.3,100000000.0,100000000.0,0,0,0,0,0,0,0,0,46,2026-02-05 09:54:48.488070
RTM1C45,5.31,5.3,5.32,1000000.0,1000000.0,0,0,0,0,0,0,0,0,46,2026-02-05 09:54:48.488070
RTM1P45,0.02,0.01,0.03,1000000.0,1000000.0,0,0,0,0,0,0,0,0,46,2026-02-05 09:54:48.488070
RTM1C46,4.35,4.34,4.36,1000000.0,1000000.0,0,0,0,0,0,0,0,0,46,2026-02-05 09:54:48.488070
RTM1P46,0.05,0.04,0.06,1000000.0,1000000.0,0,0,0,0,0,0,0,0,46,2026-02-05 09:54:48.488070
RTM1C47,3.42,3.41,3.43,1000000.0,1000000.0,0,0,0,0,0,0,0,0,46,2026-02-05 09:54:48.488070
RTM1P47,0.13,0.12,0.14,1000000.0,1000000.0,0,0,0,0,0,0,0,0,46,2026-02-05 09:54:48.488070
RTM1C48,2.59,2.58,2.6,1000000.0,1000000.0,0,0,0,0,0,0,0,0,46,2026-02-05 09:54:48.488070
RTM1P48,0.29,0.28,0.3,1000000.0,1000000.0,0,0,0,0,0,0,0,0,46,2026-02-05 09:54:48.488070
RTM1C49,1.85,1.84,1.86,1000000.0,1000000.0,0,0,0,0,0,0,0,0,46,2026-02-05 09:54:48.488070
RTM1P49,0.56,0.55,0.57,1000000.0,1000000.0,0,0,0,0,0,0,0,0,46,2026-02-05 09:54:48.488070
RTM1C50,1.22,1.21,1.23,1000000.0,1000000.0,0,0,0,0,0,0,0,0,46,2026-02-05 09:54:48.488070
RTM1P50,0.92,0.91,0.93,1000000.0,1000000.0,0,0,0,0,0,0,0,0,46,2026-02-05 09:54:48.488070
RTM1C51,0.77,0.76,0.78,1000000.0,1000000.0,0,0,0,0,0,0,0,0,46,2026-02-05 09:54:48.488070
RTM1P51,1.47,1.46,1.48,1000000.0,1000000.0,0,0,0,0,0,0,0,0,46,2026-02-05 09:54:48.488070
RTM1C52,0.46,0.45,0.47,1000000.0,1000000.0,0,0,0,0,0,0,0,0,46,2026-02-05 09:54:48.488070
RTM1P52,2.17,2.16,2.18,1000000.0,1000000.0,0,0,0,0,0,0,0,0,46,2026-02-05 09:54:48.488070
RTM1C53,0.24,0.23,0.25,1000000.0,1000000.0,0,0,0,0,0,0,0,0,46,2026-02-05 09:54:48.488070
RTM1P53,2.94,2.93,2.95,1000000.0,1000000.0,0,0,0,0,0,0,0,0,46,2026-02-05 09:54:48.488070
RTM1C54,0.12,0.11,0.13,1000000.0,1000000.0,0,0,0,0,0,0,0,0,46,2026-02-05 09:54:48.488070
RTM1P54,3.83,3.82,3.84,1000000.0,1000000.0,0,0,0,0,0,0,0,0,46,2026-02-05 09:54:48.488070
RTM,50.49,50.48,50.5,100000000.0,100000000.0,0,0,0,0,0,0,0,0,47,2026-02-05 09:54:49.549270
RTM1C45,5.5,5.49,5.51,1000000.0,1000000.0,0,0,0,0,0,0,0,0,47,2026-02-05 09:54:49.549270
RTM1P45,0.02,0.01,0.03,1000000.0,1000000.0,0,0,0,0,0,0,0,0,47,2026-02-05 09:54:49.549270
RTM1C46,4.54,4.53,4.55,1000000.0,1000000.0,0,0,0,0,0,0,0,0,47,2026-02-05 09:54:49.549270
RTM1P46,0.05,0.04,0.06,1000000.0,1000000.0,0,0,0,0,0,0,0,0,47,2026-02-05 09:54:49.549270
RTM1C47,3.59,3.58,3.6,1000000.0,1000000.0,0,0,0,0,0,0,0,0,47,2026-02-05 09:54:49.549270
RTM1P47,0.11,0.1,0.12,1000000.0,1000000.0,0,0,0,0,0,0,0,0,47,2026-02-05 09:54:49.549270
RTM1C48,2.74,2.73,2.75,1000000.0,1000000.0,0,0,0,0,0,0,0,0,47,2026-02-05 09:54:49.549270
RTM1P48,0.25,0.24,0.26,1000000.0,1000000.0,0,0,0,0,0,0,0,0,47,2026-02-05 09:54:49.549270
RTM1C49,1.96,1.95,1.97,1000000.0,1000000.0,0,0,0,0,0,0,0,0,47,2026-02-05 09:54:49.549270
RTM1P49,0.47,0.46,0.48,1000000.0,1000000.0,0,0,0,0,0,0,0,0,47,2026-02-05 09:54:49.549270
RTM1C50,1.33,1.32,1.34,1000000.0,1000000.0,0,0,0,0,0,0,0,0,47,2026-02-05 09:54:49.549270
RTM1P50,0.84,0.83,0.85,1000000.0,1000000.0,0,0,0,0,0,0,0,0,47,2026-02-05 09:54:49.549270
RTM1C51,0.84,0.83,0.85,1000000.0,1000000.0,0,0,0,0,0,0,0,0,47,2026-02-05 09:54:49.549270
RTM1P51,1.36,1.35,1.37,1000000.0,1000000.0,0,0,0,0,0,0,0,0,47,2026-02-05 09:54:49.549270
RTM1C52,0.5,0.49,0.51,1000000.0,1000000.0,0,0,0,0,0,0,0,0,47,2026-02-05 09:54:49.549270
RTM1P52,2.01,2.0,2.02,1000000.0,1000000.0,0,0,0,0,0,0,0,0,47,2026-02-05 09:54:49.549270
RTM1C53,0.27,0.26,0.28,1000000.0,1000000.0,0,0,0,0,0,0,0,0,47,2026-02-05 09:54:49.549270
RTM1P53,2.79,2.78,2.8,1000000.0,1000000.0,0,0,0,0,0,0,0,0,47,2026-02-05 09:54:49.549270
RTM1C54,0.13,0.12,0.14,1000000.0,1000000.0,0,0,0,0,0,0,0,0,47,2026-02-05 09:54:49.549270
RTM1P54,3.64,3.63,3.65,1000000.0,1000000.0,0,0,0,0,0,0,0,0,47,2026-02-05 09:54:49.549270
RTM,50.56,50.55,50.57,100000000.0,100000000.0,0,0,0,0,0,0,0,0,48,2026-02-05 09:54:50.625163
RTM1C45,5.57,5.56,5.58,1000000.0,1000000.0,0,0,0,0,0,0,0,0,48,2026-02-05 09:54:50.625163
RTM1P45,0.02,0.01,0.03,1000000.0,1000000.0,0,0,0,0,0,0,0,0,48,2026-02-05 09:54:50.625163
RTM1C46,4.6,4.59,4.61,1000000.0,1000000.0,0,0,0,0,0,0,0,0,48,2026-02-05 09:54:50.625163
RTM1P46,0.04,0.03,0.05,1000000.0,1000000.0,0,0,0,0,0,0,0,0,48,2026-02-05 09:54:50.625163
RTM1C47,3.67,3.66,3.68,1000000.0,1000000.0,0,0,0,0,0,0,0,0,48,2026-02-05 09:54:50.625163
RTM1P47,0.11,0.1,0.12,1000000.0,1000000.0,0,0,0,0,0,0,0,0,48,2026-02-05 09:54:50.625163
RTM1C48,2.78,2.77,2.79,1000000.0,1000000.0,0,0,0,0,0,0,0,0,48,2026-02-05 09:54:50.625163
RTM1P48,0.22,0.21,0.23,1000000.0,1000000.0,0,0,0,0,0,0,0,0,48,2026-02-05 09:54:50.625163
RTM1C49,2.02,2.01,2.03,1000000.0,1000000.0,0,0,0,0,0,0,0,0,48,2026-02-05 09:54:50.625163
RTM1P49,0.47,0.46,0.48,1000000.0,1000000.0,0,0,0,0,0,0,0,0,48,2026-02-05 09:54:50.625163
RTM1C50,1.38,1.37,1.39,1000000.0,1000000.0,0,0,0,0,0,0,0,0,48,2026-02-05 09:54:50.625163
RTM1P50,0.82,0.81,0.83,1000000.0,1000000.0,0,0,0,0,0,0,0,0,48,2026-02-05 09:54:50.625163
RTM1C51,0.88,0.87,0.89,1000000.0,1000000.0,0,0,0,0,0,0,0,0,48,2026-02-05 09:54:50.625163
RTM1P51,1.32,1.31,1.33,1000000.0,1000000.0,0,0,0,0,0,0,0,0,48,2026-02-05 09:54:50.625163
RTM1C52,0.52,0.51,0.53,1000000.0,1000000.0,0,0,0,0,0,0,0,0,48,2026-02-05 09:54:50.625163
RTM1P52,1.96,1.95,1.97,1000000.0,1000000.0,0,0,0,0,0,0,0,0,48,2026-02-05 09:54:50.625163
RTM1C53,0.28,0.27,0.29,1000000.0,1000000.0,0,0,0,0,0,0,0,0,48,2026-02-05 09:54:50.625163
RTM1P53,2.72,2.71,2.73,1000000.0,1000000.0,0,0,0,0,0,0,0,0,48,2026-02-05 09:54:50.625163
RTM1C54,0.15,0.14,0.16,1000000.0,1000000.0,0,0,0,0,0,0,0,0,48,2026-02-05 09:54:50.625163
RTM1P54,3.59,3.58,3.6,1000000.0,1000000.0,0,0,0,0,0,0,0,0,48,2026-02-05 09:54:50.625163
RTM,50.54,50.53,50.55,100000000.0,100000000.0,0,0,0,0,0,0,0,0,49,2026-02-05 09:54:51.818585
RTM1C45,5.56,5.55,5.57,1000000.0,1000000.0,0,0,0,0,0,0,0,0,49,2026-02-05 09:54:51.818585
RTM1P45,0.02,0.01,0.03,1000000.0,1000000.0,0,0,0,0,0,0,0,0,49,2026-02-05 09:54:51.818585
RTM1C46,4.58,4.57,4.59,1000000.0,1000000.0,0,0,0,0,0,0,0,0,49,2026-02-05 09:54:51.818585
RTM1P46,0.04,0.03,0.05,1000000.0,1000000.0,0,0,0,0,0,0,0,0,49,2026-02-05 09:54:51.818585
RTM1C47,3.65,3.64,3.66,1000000.0,1000000.0,0,0,0,0,0,0,0,0,49,2026-02-05 09:54:51.818585
RTM1P47,0.1,0.09,0.11,1000000.0,1000000.0,0,0,0,0,0,0,0,0,49,2026-02-05 09:54:51.818585
RTM1C48,2.77,2.76,2.78,1000000.0,1000000.0,0,0,0,0,0,0,0,0,49,2026-02-05 09:54:51.818585
RTM1P48,0.23,0.22,0.24,1000000.0,1000000.0,0,0,0,0,0,0,0,0,49,2026-02-05 09:54:51.818585
RTM1C49,2.0,1.99,2.01,1000000.0,1000000.0,0,0,0,0,0,0,0,0,49,2026-02-05 09:54:51.818585
RTM1P49,0.45,0.44,0.46,1000000.0,1000000.0,0,0,0,0,0,0,0,0,49,2026-02-05 09:54:51.818585
RTM1C50,1.34,1.33,1.35,1000000.0,1000000.0,0,0,0,0,0,0,0,0,49,2026-02-05 09:54:51.818585
RTM1P50,0.8,0.79,0.81,1000000.0,1000000.0,0,0,0,0,0,0,0,0,49,2026-02-05 09:54:51.818585
RTM1C51,0.87,0.86,0.88,1000000.0,1000000.0,0,0,0,0,0,0,0,0,49,2026-02-05 09:54:51.818585
RTM1P51,1.33,1.32,1.34,1000000.0,1000000.0,0,0,0,0,0,0,0,0,49,2026-02-05 09:54:51.818585
RTM1C52,0.5,0.49,0.51,1000000.0,1000000.0,0,0,0,0,0,0,0,0,49,2026-02-05 09:54:51.818585
RTM1P52,1.96,1.95,1.97,1000000.0,1000000.0,0,0,0,0,0,0,0,0,49,2026-02-05 09:54:51.818585
RTM1C53,0.27,0.26,0.28,1000000.0,1000000.0,0,0,0,0,0,0,0,0,49,2026-02-05 09:54:51.818585
RTM1P53,2.73,2.72,2.74,1000000.0,1000000.0,0,0,0,0,0,0,0,0,49,2026-02-05 09:54:51.818585
RTM1C54,0.14,0.13,0.15,1000000.0,1000000.0,0,0,0,0,0,0,0,0,49,2026-02-05 09:54:51.818585
RTM1P54,3.6,3.59,3.61,1000000.0,1000000.0,0,0,0,0,0,0,0,0,49,2026-02-05 09:54:51.818585
RTM,50.51,50.5,50.52,100000000.0,100000000.0,0,0,0,0,0,0,0,0,50,2026-02-05 09:54:52.431901
RTM1C45,5.52,5.51,5.53,1000000.0,1000000.0,0,0,0,0,0,0,0,0,50,2026-02-05 09:54:52.431901
RTM1P45,0.02,0.01,0.03,1000000.0,1000000.0,0,0,0,0,0,0,0,0,50,2026-02-05 09:54:52.431901
RTM1C46,4.55,4.54,4.56,1000000.0,1000000.0,0,0,0,0,0,0,0,0,50,2026-02-05 09:54:52.431901
RTM1P46,0.04,0.03,0.05,1000000.0,1000000.0,0,0,0,0,0,0,0,0,50,2026-02-05 09:54:52.431901
RTM1C47,3.62,3.61,3.63,1000000.0,1000000.0,0,0,0,0,0,0,0,0,50,2026-02-05 09:54:52.431901
RTM1P47,0.1,0.09,0.11,1000000.0,1000000.0,0,0,0,0,0,0,0,0,50,2026-02-05 09:54:52.431901
RTM1C48,2.74,2.73,2.75,1000000.0,1000000.0,0,0,0,0,0,0,0,0,50,2026-02-05 09:54:52.431901
RTM1P48,0.23,0.22,0.24,1000000.0,1000000.0,0,0,0,0,0,0,0,0,50,2026-02-05 09:54:52.431901
RTM1C49,1.96,1.95,1.97,1000000.0,1000000.0,0,0,0,0,0,0,0,0,50,2026-02-05 09:54:52.431901
RTM1P49,0.45,0.44,0.46,1000000.0,1000000.0,0,0,0,0,0,0,0,0,50,2026-02-05 09:54:52.431901
RTM1C50,1.31,1.3,1.32,1000000.0,1000000.0,0,0,0,0,0,0,0,0,50,2026-02-05 09:54:52.431901
RTM1P50,0.8,0.79,0.81,1000000.0,1000000.0,0,0,0,0,0,0,0,0,50,2026-02-05 09:54:52.431901
RTM1C51,0.82,0.81,0.83,1000000.0,1000000.0,0,0,0,0,0,0,0,0,50,2026-02-05 09:54:52.431901
RTM1P51,1.31,1.3,1.32,1000000.0,1000000.0,0,0,0,0,0,0,0,0,50,2026-02-05 09:54:52.431901
RTM1C52,0.48,0.47,0.49,1000000.0,1000000.0,0,0,0,0,0,0,0,0,50,2026-02-05 09:54:52.431901
RTM1P52,1.97,1.96,1.98,1000000.0,1000000.0,0,0,0,0,0,0,0,0,50,2026-02-05 09:54:52.431901
RTM1C53,0.27,0.26,0.28,1000000.0,1000000.0,0,0,0,0,0,0,0,0,50,2026-02-05 09:54:52.431901
RTM1P53,2.76,2.75,2.77,1000000.0,1000000.0,0,0,0,0,0,0,0,0,50,2026-02-05 09:54:52.431901
RTM1C54,0.14,0.13,0.15,1000000.0,1000000.0,0,0,0,0,0,0,0,0,50,2026-02-05 09:54:52.431901
RTM1P54,3.62,3.61,3.63,1000000.0,1000000.0,0,0,0,0,0,0,0,0,50,2026-02-05 09:54:52.431901
RTM,50.96,50.95,50.97,100000000.0,100000000.0,0,0,0,0,0,0,0,0,51,2026-02-05 09:54:53.575799
RTM1C45,5.97,5.96,5.98,1000000.0,1000000.0,0,0,0,0,0,0,0,0,51,2026-02-05 09:54:53.575799
RTM1P45,0.02,0.01,0.03,1000000.0,1000000.0,0,0,0,0,0,0,0,0,51,2026-02-05 09:54:53.575799
RTM1C46,4.98,4.97,4.99,1000000.0,1000000.0,0,0,0,0,0,0,0,0,51,2026-02-05 09:54:53.575799
RTM1P46,0.02,0.01,0.03,1000000.0,1000000.0,0,0,0,0,0,0,0,0,51,2026-02-05 09:54:53.575799
RTM1C47,4.02,4.01,4.03,1000000.0,1000000.0,0,0,0,0,0,0,0,0,51,2026-02-05 09:54:53.575799
RTM1P47,0.06,0.05,0.07,1000000.0,1000000.0,0,0,0,0,0,0,0,0,51,2026-02-05 09:54:53.575799
RTM1C48,3.12,3.11,3.13,1000000.0,1000000.0,0,0,0,0,0,0,0,0,51,2026-02-05 09:54:53.575799
RTM1P48,0.16,0.15,0.17,1000000.0,1000000.0,0,0,0,0,0,0,0,0,51,2026-02-05 09:54:53.575799
RTM1C49,2.3,2.29,2.31,1000000.0,1000000.0,0,0,0,0,0,0,0,0,51,2026-02-05 09:54:53.575799
RTM1P49,0.35,0.34,0.36,1000000.0,1000000.0,0,0,0,0,0,0,0,0,51,2026-02-05 09:54:53.575799
RTM1C50,1.6,1.59,1.61,1000000.0,1000000.0,0,0,0,0,0,0,0,0,51,2026-02-05 09:54:53.575799
RTM1P50,0.64,0.63,0.65,1000000.0,1000000.0,0,0,0,0,0,0,0,0,51,2026-02-05 09:54:53.575799
RTM1C51,1.03,1.02,1.04,1000000.0,1000000.0,0,0,0,0,0,0,0,0,51,2026-02-05 09:54:53.575799
RTM1P51,1.08,1.07,1.09,1000000.0,1000000.0,0,0,0,0,0,0,0,0,51,2026-02-05 09:54:53.575799
RTM1C52,0.63,0.62,0.64,1000000.0,1000000.0,0,0,0,0,0,0,0,0,51,2026-02-05 09:54:53.575799
RTM1P52,1.67,1.66,1.68,1000000.0,1000000.0,0,0,0,0,0,0,0,0,51,2026-02-05 09:54:53.575799
RTM1C53,0.36,0.35,0.37,1000000.0,1000000.0,0,0,0,0,0,0,0,0,51,2026-02-05 09:54:53.575799
RTM1P53,2.4,2.39,2.41,1000000.0,1000000.0,0,0,0,0,0,0,0,0,51,2026-02-05 09:54:53.575799
RTM1C54,0.19,0.18,0.2,1000000.0,1000000.0,0,0,0,0,0,0,0,0,51,2026-02-05 09:54:53.575799
RTM1P54,3.23,3.22,3.24,1000000.0,1000000.0,0,0,0,0,0,0,0,0,51,2026-02-05 09:54:53.575799
RTM,50.84,50.83,50.85,100000000.0,100000000.0,0,0,0,0,0,0,0,0,52,2026-02-05 09:54:54.677021
RTM1C45,5.84,5.83,5.85,1000000.0,1000000.0,0,0,0,0,0,0,0,0,52,2026-02-05 09:54:54.677021
RTM1P45,0.02,0.01,0.03,1000000.0,1000000.0,0,0,0,0,0,0,0,0,52,2026-02-05 09:54:54.677021
RTM1C46,4.86,4.85,4.87,1000000.0,1000000.0,0,0,0,0,0,0,0,0,52,2026-02-05 09:54:54.677021
RTM1P46,0.02,0.01,0.03,1000000.0,1000000.0,0,0,0,0,0,0,0,0,52,2026-02-05 09:54:54.677021
RTM1C47,3.91,3.9,3.92,1000000.0,1000000.0,0,0,0,0,0,0,0,0,52,2026-02-05 09:54:54.677021
RTM1P47,0.07,0.06,0.08,1000000.0,1000000.0,0,0,0,0,0,0,0,0,52,2026-02-05 09:54:54.677021
RTM1C48,3.0,2.99,3.01,1000000.0,1000000.0,0,0,0,0,0,0,0,0,52,2026-02-05 09:54:54.677021
RTM1P48,0.16,0.15,0.17,1000000.0,1000000.0,0,0,0,0,0,0,0,0,52,2026-02-05 09:54:54.677021
RTM1C49,2.19,2.18,2.2,1000000.0,1000000.0,0,0,0,0,0,0,0,0,52,2026-02-05 09:54:54.677021
RTM1P49,0.35,0.34,0.36,1000000.0,1000000.0,0,0,0,0,0,0,0,0,52,2026-02-05 09:54:54.677021
RTM1C50,1.51,1.5,1.52,1000000.0,1000000.0,0,0,0,0,0,0,0,0,52,2026-02-05 09:54:54.677021
RTM1P50,0.68,0.67,0.69,1000000.0,1000000.0,0,0,0,0,0,0,0,0,52,2026-02-05 09:54:54.677021
RTM1C51,0.97,0.96,0.98,1000000.0,1000000.0,0,0,0,0,0,0,0,0,52,2026-02-05 09:54:54.677021
RTM1P51,1.14,1.13,1.15,1000000.0,1000000.0,0,0,0,0,0,0,0,0,52,2026-02-05 09:54:54.677021
RTM1C52,0.57,0.56,0.58,1000000.0,1000000.0,0,0,0,0,0,0,0,0,52,2026-02-05 09:54:54.677021
RTM1P52,1.73,1.72,1.74,1000000.0,1000000.0,0,0,0,0,0,0,0,0,52,2026-02-05 09:54:54.677021
RTM1C53,0.31,0.3,0.32,1000000.0,1000000.0,0,0,0,0,0,0,0,0,52,2026-02-05 09:54:54.677021
RTM1P53,2.48,2.47,2.49,1000000.0,1000000.0,0,0,0,0,0,0,0,0,52,2026-02-05 09:54:54.677021
RTM1C54,0.16,0.15,0.17,1000000.0,1000000.0,0,0,0,0,0,0,0,0,52,2026-02-05 09:54:54.677021
RTM1P54,3.33,3.32,3.34,1000000.0,1000000.0,0,0,0,0,0,0,0,0,52,2026-02-05 09:54:54.677021
RTM,50.86,50.84,50.86,100000000.0,100000000.0,0,0,0,0,0,0,0,0,53,2026-02-05 09:54:55.785513
RTM1C45,5.85,5.84,5.86,1000000.0,1000000.0,0,0,0,0,0,0,0,0,53,2026-02-05 09:54:55.785513
RTM1P45,0.02,0.01,0.03,1000000.0,1000000.0,0,0,0,0,0,0,0,0,53,2026-02-05 09:54:55.785513
RTM1C46,4.87,4.86,4.88,1000000.0,1000000.0,0,0,0,0,0,0,0,0,53,2026-02-05 09:54:55.785513
RTM1P46,0.03,0.02,0.04,1000000.0,1000000.0,0,0,0,0,0,0,0,0,53,2026-02-05 09:54:55.785513
RTM1C47,3.91,3.9,3.92,1000000.0,1000000.0,0,0,0,0,0,0,0,0,53,2026-02-05 09:54:55.785513
RTM1P47,0.07,0.06,0.08,1000000.0,1000000.0,0,0,0,0,0,0,0,0,53,2026-02-05 09:54:55.785513
RTM1C48,3.01,3.0,3.02,1000000.0,1000000.0,0,0,0,0,0,0,0,0,53,2026-02-05 09:54:55.785513
RTM1P48,0.16,0.15,0.17,1000000.0,1000000.0,0,0,0,0,0,0,0,0,53,2026-02-05 09:54:55.785513
RTM1C49,2.2,2.19,2.21,1000000.0,1000000.0,0,0,0,0,0,0,0,0,53,2026-02-05 09:54:55.785513
RTM1P49,0.36,0.35,0.37,1000000.0,1000000.0,0,0,0,0,0,0,0,0,53,2026-02-05 09:54:55.785513
RTM1C50,1.5,1.49,1.51,1000000.0,1000000.0,0,0,0,0,0,0,0,0,53,2026-02-05 09:54:55.785513
RTM1P50,0.65,0.64,0.66,1000000.0,1000000.0,0,0,0,0,0,0,0,0,53,2026-02-05 09:54:55.785513
RTM1C51,0.97,0.96,0.98,1000000.0,1000000.0,0,0,0,0,0,0,0,0,53,2026-02-05 09:54:55.785513
RTM1P51,1.12,1.11,1.13,1000000.0,1000000.0,0,0,0,0,0,0,0,0,53,2026-02-05 09:54:55.785513
RTM1C52,0.58,0.57,0.59,1000000.0,1000000.0,0,0,0,0,0,0,0,0,53,2026-02-05 09:54:55.785513
RTM1P52,1.73,1.72,1.74,1000000.0,1000000.0,0,0,0,0,0,0,0,0,53,2026-02-05 09:54:55.785513
RTM1C53,0.32,0.31,0.33,1000000.0,1000000.0,0,0,0,0,0,0,0,0,53,2026-02-05 09:54:55.785513
RTM1P53,2.47,2.46,2.48,1000000.0,1000000.0,0,0,0,0,0,0,0,0,53,2026-02-05 09:54:55.785513
RTM1C54,0.16,0.15,0.17,1000000.0,1000000.0,0,0,0,0,0,0,0,0,53,2026-02-05 09:54:55.785513
RTM1P54,3.32,3.31,3.33,1000000.0,1000000.0,0,0,0,0,0,0,0,0,53,2026-02-05 09:54:55.785513
RTM,50.9,50.88,50.9,100000000.0,100000000.0,0,0,0,0,0,0,0,0,54,2026-02-05 09:54:56.862650
RTM1C45,5.89,5.88,5.9,1000000.0,1000000.0,0,0,0,0,0,0,0,0,54,2026-02-05 09:54:56.862650
RTM1P45,0.02,0.01,0.03,1000000.0,1000000.0,0,0,0,0,0,0,0,0,54,2026-02-05 09:54:56.862650
