ticker,last_price,bid_price,ask_price,BUY_ANON,SELL_ANON,BUY_UEBR-3,SELL_UEBR-3,tick,timestamp,news_news_id,news_period,news_tick,news_ticker,news_headline,news_body
RTM,50.15,50.14,50.16,100000000.0,100000000.0,0,0,2,2026-02-04 12:58:07.615485,2.0,1.0,1.0,Week 1,Delta limit and penalty,The delta limit for this sub-heat is 8000 and the penalty percentage is 4%
RTM1C45,5.23,5.22,5.24,1000000.0,1000000.0,0,0,2,2026-02-04 12:58:07.615485,1.0,1.0,1.0,Week 1,Risk free rate and current annualized volatility of RTM,The current risk free rate is 0%. RTM is an ETF that mimics one of the major indices in the simulated world and its current annualized realized volatility is 31%. This simulation consists of 20 trading days that are each 15 ticks in length.
RTM1P45,0.08,0.07,0.09,1000000.0,1000000.0,0,0,2,2026-02-04 12:58:07.615485,,,,,,
RTM1C46,4.23,4.22,4.24,1000000.0,1000000.0,0,0,2,2026-02-04 12:58:07.615485,,,,,,
RTM1P46,0.07,0.06,0.08,1000000.0,1000000.0,0,0,2,2026-02-04 12:58:07.615485,,,,,,
RTM1C47,3.32,3.31,3.33,1000000.0,1000000.0,0,0,2,2026-02-04 12:58:07.615485,,,,,,
RTM1P47,0.16,0.15,0.17,1000000.0,1000000.0,0,0,2,2026-02-04 12:58:07.615485,,,,,,
RTM1C48,2.54,2.53,2.55,1000000.0,1000000.0,0,0,2,2026-02-04 12:58:07.615485,,,,,,
RTM1P48,0.39,0.38,0.4,1000000.0,1000000.0,0,0,2,2026-02-04 12:58:07.615485,,,,,,
RTM1C49,1.85,1.84,1.86,1000000.0,1000000.0,0,0,2,2026-02-04 12:58:07.615485,,,,,,
RTM1P49,0.7,0.69,0.71,1000000.0,1000000.0,0,0,2,2026-02-04 12:58:07.615485,,,,,,
RTM1C50,1.4,1.39,1.41,1000000.0,1000000.0,0,0,2,2026-02-04 12:58:07.615485,,,,,,
RTM1P50,1.24,1.23,1.25,1000000.0,1000000.0,0,0,2,2026-02-04 12:58:07.615485,,,,,,
RTM1C51,0.9,0.89,0.91,1000000.0,1000000.0,0,0,2,2026-02-04 12:58:07.615485,,,,,,
RTM1P51,1.75,1.74,1.76,1000000.0,1000000.0,0,0,2,2026-02-04 12:58:07.615485,,,,,,
RTM1C52,0.65,0.64,0.66,1000000.0,1000000.0,0,0,2,2026-02-04 12:58:07.615485,,,,,,
RTM1P52,2.49,2.48,2.5,1000000.0,1000000.0,0,0,2,2026-02-04 12:58:07.615485,,,,,,
RTM1C53,0.24,0.23,0.25,1000000.0,1000000.0,0,0,2,2026-02-04 12:58:07.615485,,,,,,
RTM1P53,3.09,3.08,3.1,1000000.0,1000000.0,0,0,2,2026-02-04 12:58:07.615485,,,,,,
RTM1C54,0.18,0.17,0.19,1000000.0,1000000.0,0,0,2,2026-02-04 12:58:07.615485,,,,,,
RTM1P54,4.03,4.02,4.04,1000000.0,1000000.0,0,0,2,2026-02-04 12:58:07.615485,,,,,,
RTM,50.18,50.17,50.19,100000000.0,100000000.0,0,0,3,2026-02-04 12:58:08.719770
RTM1C45,5.25,5.24,5.26,1000000.0,1000000.0,0,0,3,2026-02-04 12:58:08.719770
RTM1P45,0.07,0.06,0.08,1000000.0,1000000.0,0,0,3,2026-02-04 12:58:08.719770
RTM1C46,4.28,4.27,4.29,1000000.0,1000000.0,0,0,3,2026-02-04 12:58:08.719770
RTM1P46,0.1,0.09,0.11,1000000.0,1000000.0,0,0,3,2026-02-04 12:58:08.719770
RTM1C47,3.46,3.45,3.47,1000000.0,1000000.0,0,0,3,2026-02-04 12:58:08.719770
RTM1P47,0.27,0.26,0.28,1000000.0,1000000.0,0,0,3,2026-02-04 12:58:08.719770
RTM1C48,2.74,2.73,2.75,1000000.0,1000000.0,0,0,3,2026-02-04 12:58:08.719770
RTM1P48,0.56,0.55,0.57,1000000.0,1000000.0,0,0,3,2026-02-04 12:58:08.719770
RTM1C49,2.0,1.99,2.01,1000000.0,1000000.0,0,0,3,2026-02-04 12:58:08.719770
RTM1P49,0.82,0.81,0.83,1000000.0,1000000.0,0,0,3,2026-02-04 12:58:08.719770
RTM1C50,1.48,1.46,1.48,1000000.0,1000000.0,0,0,3,2026-02-04 12:58:08.719770
RTM1P50,1.29,1.28,1.3,1000000.0,1000000.0,0,0,3,2026-02-04 12:58:08.719770
RTM1C51,0.97,0.96,0.98,1000000.0,1000000.0,0,0,3,2026-02-04 12:58:08.719770
RTM1P51,1.79,1.78,1.8,1000000.0,1000000.0,0,0,3,2026-02-04 12:58:08.719770
RTM1C52,0.52,0.51,0.53,1000000.0,1000000.0,0,0,3,2026-02-04 12:58:08.719770
RTM1P52,2.33,2.32,2.34,1000000.0,1000000.0,0,0,3,2026-02-04 12:58:08.719770
RTM1C53,0.42,0.41,0.43,1000000.0,1000000.0,0,0,3,2026-02-04 12:58:08.719770
RTM1P53,3.24,3.23,3.25,1000000.0,1000000.0,0,0,3,2026-02-04 12:58:08.719770
RTM1C54,0.21,0.2,0.22,1000000.0,1000000.0,0,0,3,2026-02-04 12:58:08.719770
RTM1P54,4.02,4.01,4.03,1000000.0,1000000.0,0,0,3,2026-02-04 12:58:08.719770
RTM,50.16,50.15,50.17,100000000.0,100000000.0,0,0,4,2026-02-04 12:58:09.808369
RTM1C45,5.21,5.19,5.21,1000000.0,1000000.0,0,0,4,2026-02-04 12:58:09.808369
RTM1P45,0.04,0.03,0.05,1000000.0,1000000.0,0,0,4,2026-02-04 12:58:09.808369
RTM1C46,4.34,4.33,4.35,1000000.0,1000000.0,0,0,4,2026-02-04 12:58:09.808369
RTM1P46,0.18,0.17,0.19,1000000.0,1000000.0,0,0,4,2026-02-04 12:58:09.808369
RTM1C47,3.46,3.45,3.47,1000000.0,1000000.0,0,0,4,2026-02-04 12:58:09.808369
RTM1P47,0.3,0.29,0.31,1000000.0,1000000.0,0,0,4,2026-02-04 12:58:09.808369
RTM1C48,2.68,2.67,2.69,1000000.0,1000000.0,0,0,4,2026-02-04 12:58:09.808369
RTM1P48,0.53,0.52,0.54,1000000.0,1000000.0,0,0,4,2026-02-04 12:58:09.808369
RTM1C49,1.91,1.9,1.92,1000000.0,1000000.0,0,0,4,2026-02-04 12:58:09.808369
RTM1P49,0.76,0.75,0.77,1000000.0,1000000.0,0,0,4,2026-02-04 12:58:09.808369
RTM1C50,1.5,1.5,1.52,1000000.0,1000000.0,0,0,4,2026-02-04 12:58:09.808369
RTM1P50,1.35,1.34,1.36,1000000.0,1000000.0,0,0,4,2026-02-04 12:58:09.808369
RTM1C51,0.85,0.84,0.86,1000000.0,1000000.0,0,0,4,2026-02-04 12:58:09.808369
RTM1P51,1.7,1.69,1.71,1000000.0,1000000.0,0,0,4,2026-02-04 12:58:09.808369
RTM1C52,0.66,0.65,0.67,1000000.0,1000000.0,0,0,4,2026-02-04 12:58:09.808369
RTM1P52,2.5,2.49,2.51,1000000.0,1000000.0,0,0,4,2026-02-04 12:58:09.808369
RTM1C53,0.36,0.35,0.37,1000000.0,1000000.0,0,0,4,2026-02-04 12:58:09.808369
RTM1P53,3.2,3.19,3.21,1000000.0,1000000.0,0,0,4,2026-02-04 12:58:09.808369
RTM1C54,0.27,0.26,0.28,1000000.0,1000000.0,0,0,4,2026-02-04 12:58:09.808369
RTM1P54,4.12,4.11,4.13,1000000.0,1000000.0,0,0,4,2026-02-04 12:58:09.808369
RTM,50.1,50.08,50.1,100000000.0,100000000.0,0,0,5,2026-02-04 12:58:10.903648
RTM1C45,5.19,5.18,5.2,1000000.0,1000000.0,0,0,5,2026-02-04 12:58:10.903648
RTM1P45,0.1,0.09,0.11,1000000.0,1000000.0,0,0,5,2026-02-04 12:58:10.903648
RTM1C46,4.27,4.26,4.28,1000000.0,1000000.0,0,0,5,2026-02-04 12:58:10.903648
RTM1P46,0.18,0.17,0.19,1000000.0,1000000.0,0,0,5,2026-02-04 12:58:10.903648
RTM1C47,3.35,3.34,3.36,1000000.0,1000000.0,0,0,5,2026-02-04 12:58:10.903648
RTM1P47,0.27,0.26,0.28,1000000.0,1000000.0,0,0,5,2026-02-04 12:58:10.903648
RTM1C48,2.67,2.66,2.68,1000000.0,1000000.0,0,0,5,2026-02-04 12:58:10.903648
RTM1P48,0.59,0.58,0.6,1000000.0,1000000.0,0,0,5,2026-02-04 12:58:10.903648
RTM1C49,1.89,1.88,1.9,1000000.0,1000000.0,0,0,5,2026-02-04 12:58:10.903648
RTM1P49,0.81,0.8,0.82,1000000.0,1000000.0,0,0,5,2026-02-04 12:58:10.903648
RTM1C50,1.36,1.35,1.37,1000000.0,1000000.0,0,0,5,2026-02-04 12:58:10.903648
RTM1P50,1.28,1.27,1.29,1000000.0,1000000.0,0,0,5,2026-02-04 12:58:10.903648
RTM1C51,0.88,0.87,0.89,1000000.0,1000000.0,0,0,5,2026-02-04 12:58:10.903648
RTM1P51,1.79,1.78,1.8,1000000.0,1000000.0,0,0,5,2026-02-04 12:58:10.903648
RTM1C52,0.67,0.66,0.68,1000000.0,1000000.0,0,0,5,2026-02-04 12:58:10.903648
RTM1P52,2.59,2.58,2.6,1000000.0,1000000.0,0,0,5,2026-02-04 12:58:10.903648
RTM1C53,0.24,0.23,0.25,1000000.0,1000000.0,0,0,5,2026-02-04 12:58:10.903648
RTM1P53,3.16,3.15,3.17,1000000.0,1000000.0,0,0,5,2026-02-04 12:58:10.903648
RTM1C54,0.25,0.24,0.26,1000000.0,1000000.0,0,0,5,2026-02-04 12:58:10.903648
RTM1P54,4.16,4.15,4.17,1000000.0,1000000.0,0,0,5,2026-02-04 12:58:10.903648
RTM,50.47,50.46,50.48,100000000.0,100000000.0,0,0,6,2026-02-04 12:58:11.474233
RTM1C45,5.54,5.53,5.55,1000000.0,1000000.0,0,0,6,2026-02-04 12:58:11.474233
RTM1P45,0.07,0.06,0.08,1000000.0,1000000.0,0,0,6,2026-02-04 12:58:11.474233
RTM1C46,4.6,4.59,4.61,1000000.0,1000000.0,0,0,6,2026-02-04 12:58:11.474233
RTM1P46,0.12,0.11,0.13,1000000.0,1000000.0,0,0,6,2026-02-04 12:58:11.474233
RTM1C47,3.74,3.73,3.75,1000000.0,1000000.0,0,0,6,2026-02-04 12:58:11.474233
RTM1P47,0.27,0.26,0.28,1000000.0,1000000.0,0,0,6,2026-02-04 12:58:11.474233
RTM1C48,2.78,2.77,2.79,1000000.0,1000000.0,0,0,6,2026-02-04 12:58:11.474233
RTM1P48,0.3,0.29,0.31,1000000.0,1000000.0,0,0,6,2026-02-04 12:58:11.474233
RTM1C49,2.12,2.11,2.13,1000000.0,1000000.0,0,0,6,2026-02-04 12:58:11.474233
RTM1P49,0.64,0.63,0.65,1000000.0,1000000.0,0,0,6,2026-02-04 12:58:11.474233
RTM1C50,1.51,1.5,1.52,1000000.0,1000000.0,0,0,6,2026-02-04 12:58:11.474233
RTM1P50,1.03,1.02,1.04,1000000.0,1000000.0,0,0,6,2026-02-04 12:58:11.474233
RTM1C51,1.16,1.15,1.17,1000000.0,1000000.0,0,0,6,2026-02-04 12:58:11.474233
RTM1P51,1.69,1.68,1.7,1000000.0,1000000.0,0,0,6,2026-02-04 12:58:11.474233
RTM1C52,0.83,0.82,0.84,1000000.0,1000000.0,0,0,6,2026-02-04 12:58:11.474233
RTM1P52,2.36,2.35,2.37,1000000.0,1000000.0,0,0,6,2026-02-04 12:58:11.474233
RTM1C53,0.5,0.49,0.51,1000000.0,1000000.0,0,0,6,2026-02-04 12:58:11.474233
RTM1P53,3.03,3.02,3.04,1000000.0,1000000.0,0,0,6,2026-02-04 12:58:11.474233
RTM1C54,0.29,0.28,0.3,1000000.0,1000000.0,0,0,6,2026-02-04 12:58:11.474233
RTM1P54,3.82,3.81,3.83,1000000.0,1000000.0,0,0,6,2026-02-04 12:58:11.474233
RTM,50.87,50.86,50.88,100000000.0,100000000.0,0,0,7,2026-02-04 12:58:12.535677
RTM1C45,5.91,5.9,5.92,1000000.0,1000000.0,0,0,7,2026-02-04 12:58:12.535677
RTM1P45,0.04,0.03,0.05,1000000.0,1000000.0,0,0,7,2026-02-04 12:58:12.535677
RTM1C46,4.99,4.98,5.0,1000000.0,1000000.0,0,0,7,2026-02-04 12:58:12.535677
RTM1P46,0.12,0.11,0.13,1000000.0,1000000.0,0,0,7,2026-02-04 12:58:12.535677
RTM1C47,4.09,4.08,4.1,1000000.0,1000000.0,0,0,7,2026-02-04 12:58:12.535677
RTM1P47,0.23,0.22,0.24,1000000.0,1000000.0,0,0,7,2026-02-04 12:58:12.535677
RTM1C48,3.13,3.12,3.14,1000000.0,1000000.0,0,0,7,2026-02-04 12:58:12.535677
RTM1P48,0.26,0.25,0.27,1000000.0,1000000.0,0,0,7,2026-02-04 12:58:12.535677
RTM1C49,2.38,2.37,2.39,1000000.0,1000000.0,0,0,7,2026-02-04 12:58:12.535677
RTM1P49,0.51,0.5,0.52,1000000.0,1000000.0,0,0,7,2026-02-04 12:58:12.535677
RTM1C50,1.87,1.86,1.88,1000000.0,1000000.0,0,0,7,2026-02-04 12:58:12.535677
RTM1P50,1.0,0.99,1.01,1000000.0,1000000.0,0,0,7,2026-02-04 12:58:12.535677
RTM1C51,1.34,1.33,1.35,1000000.0,1000000.0,0,0,7,2026-02-04 12:58:12.535677
RTM1P51,1.47,1.46,1.48,1000000.0,1000000.0,0,0,7,2026-02-04 12:58:12.535677
RTM1C52,0.83,0.82,0.84,1000000.0,1000000.0,0,0,7,2026-02-04 12:58:12.535677
RTM1P52,1.97,1.96,1.98,1000000.0,1000000.0,0,0,7,2026-02-04 12:58:12.535677
RTM1C53,0.52,0.51,0.53,1000000.0,1000000.0,0,0,7,2026-02-04 12:58:12.535677
RTM1P53,2.65,2.64,2.66,1000000.0,1000000.0,0,0,7,2026-02-04 12:58:12.535677
RTM1C54,0.43,0.42,0.44,1000000.0,1000000.0,0,0,7,2026-02-04 12:58:12.535677
RTM1P54,3.57,3.56,3.58,1000000.0,1000000.0,0,0,7,2026-02-04 12:58:12.535677
RTM,50.72,50.71,50.73,100000000.0,100000000.0,0,0,8,2026-02-04 12:58:13.600778
RTM1C45,5.78,5.77,5.79,1000000.0,1000000.0,0,0,8,2026-02-04 12:58:13.600778
RTM1P45,0.05,0.04,0.06,1000000.0,1000000.0,0,0,8,2026-02-04 12:58:13.600778
RTM1C46,4.87,4.86,4.88,1000000.0,1000000.0,0,0,8,2026-02-04 12:58:13.600778
RTM1P46,0.14,0.13,0.15,1000000.0,1000000.0,0,0,8,2026-02-04 12:58:13.600778
RTM1C47,3.93,3.92,3.94,1000000.0,1000000.0,0,0,8,2026-02-04 12:58:13.600778
RTM1P47,0.2,0.19,0.21,1000000.0,1000000.0,0,0,8,2026-02-04 12:58:13.600778
RTM1C48,3.05,3.04,3.06,1000000.0,1000000.0,0,0,8,2026-02-04 12:58:13.600778
RTM1P48,0.32,0.31,0.33,1000000.0,1000000.0,0,0,8,2026-02-04 12:58:13.600778
RTM1C49,2.38,2.37,2.39,1000000.0,1000000.0,0,0,8,2026-02-04 12:58:13.600778
RTM1P49,0.66,0.65,0.67,1000000.0,1000000.0,0,0,8,2026-02-04 12:58:13.600778
RTM1C50,1.65,1.64,1.66,1000000.0,1000000.0,0,0,8,2026-02-04 12:58:13.600778
RTM1P50,0.93,0.92,0.94,1000000.0,1000000.0,0,0,8,2026-02-04 12:58:13.600778
RTM1C51,1.09,1.08,1.1,1000000.0,1000000.0,0,0,8,2026-02-04 12:58:13.600778
RTM1P51,1.37,1.36,1.38,1000000.0,1000000.0,0,0,8,2026-02-04 12:58:13.600778
RTM1C52,0.76,0.75,0.77,1000000.0,1000000.0,0,0,8,2026-02-04 12:58:13.600778
RTM1P52,2.03,2.02,2.04,1000000.0,1000000.0,0,0,8,2026-02-04 12:58:13.600778
RTM1C53,0.59,0.58,0.6,1000000.0,1000000.0,0,0,8,2026-02-04 12:58:13.600778
RTM1P53,2.86,2.85,2.87,1000000.0,1000000.0,0,0,8,2026-02-04 12:58:13.600778
RTM1C54,0.3,0.29,0.31,1000000.0,1000000.0,0,0,8,2026-02-04 12:58:13.600778
RTM1P54,3.58,3.57,3.59,1000000.0,1000000.0,0,0,8,2026-02-04 12:58:13.600778
RTM,50.61,50.6,50.62,100000000.0,100000000.0,0,0,9,2026-02-04 12:58:14.660704
RTM1C45,5.66,5.65,5.67,1000000.0,1000000.0,0,0,9,2026-02-04 12:58:14.660704
RTM1P45,0.04,0.03,0.05,1000000.0,1000000.0,0,0,9,2026-02-04 12:58:14.660704
RTM1C46,4.68,4.67,4.69,1000000.0,1000000.0,0,0,9,2026-02-04 12:58:14.660704
RTM1P46,0.07,0.06,0.08,1000000.0,1000000.0,0,0,9,2026-02-04 12:58:14.660704
RTM1C47,3.8,3.79,3.81,1000000.0,1000000.0,0,0,9,2026-02-04 12:58:14.660704
RTM1P47,0.19,0.18,0.2,1000000.0,1000000.0,0,0,9,2026-02-04 12:58:14.660704
RTM1C48,3.11,3.1,3.12,1000000.0,1000000.0,0,0,9,2026-02-04 12:58:14.660704
RTM1P48,0.5,0.49,0.51,1000000.0,1000000.0,0,0,9,2026-02-04 12:58:14.660704
RTM1C49,2.22,2.21,2.23,1000000.0,1000000.0,0,0,9,2026-02-04 12:58:14.660704
RTM1P49,0.61,0.6,0.62,1000000.0,1000000.0,0,0,9,2026-02-04 12:58:14.660704
RTM1C50,1.77,1.76,1.78,1000000.0,1000000.0,0,0,9,2026-02-04 12:58:14.660704
RTM1P50,1.16,1.15,1.17,1000000.0,1000000.0,0,0,9,2026-02-04 12:58:14.660704
RTM1C51,1.05,1.04,1.06,1000000.0,1000000.0,0,0,9,2026-02-04 12:58:14.660704
RTM1P51,1.44,1.43,1.45,1000000.0,1000000.0,0,0,9,2026-02-04 12:58:14.660704
RTM1C52,0.74,0.73,0.75,1000000.0,1000000.0,0,0,9,2026-02-04 12:58:14.660704
RTM1P52,2.13,2.12,2.14,1000000.0,1000000.0,0,0,9,2026-02-04 12:58:14.660704
RTM1C53,0.41,0.4,0.42,1000000.0,1000000.0,0,0,9,2026-02-04 12:58:14.660704
RTM1P53,2.8,2.79,2.81,1000000.0,1000000.0,0,0,9,2026-02-04 12:58:14.660704
RTM1C54,0.36,0.35,0.37,1000000.0,1000000.0,0,0,9,2026-02-04 12:58:14.660704
RTM1P54,3.75,3.74,3.76,1000000.0,1000000.0,0,0,9,2026-02-04 12:58:14.660704
RTM,50.67,50.66,50.68,100000000.0,100000000.0,0,0,10,2026-02-04 12:58:15.726246
RTM1C45,5.69,5.68,5.7,1000000.0,1000000.0,0,0,10,2026-02-04 12:58:15.726246
RTM1P45,0.02,0.01,0.03,1000000.0,1000000.0,0,0,10,2026-02-04 12:58:15.726246
RTM1C46,4.77,4.76,4.78,1000000.0,1000000.0,0,0,10,2026-02-04 12:58:15.726246
RTM1P46,0.1,0.09,0.11,1000000.0,1000000.0,0,0,10,2026-02-04 12:58:15.726246
RTM1C47,3.86,3.85,3.87,1000000.0,1000000.0,0,0,10,2026-02-04 12:58:15.726246
RTM1P47,0.19,0.18,0.2,1000000.0,1000000.0,0,0,10,2026-02-04 12:58:15.726246
RTM1C48,3.04,3.03,3.05,1000000.0,1000000.0,0,0,10,2026-02-04 12:58:15.726246
RTM1P48,0.37,0.36,0.38,1000000.0,1000000.0,0,0,10,2026-02-04 12:58:15.726246
RTM1C49,2.27,2.26,2.28,1000000.0,1000000.0,0,0,10,2026-02-04 12:58:15.726246
RTM1P49,0.6,0.59,0.61,1000000.0,1000000.0,0,0,10,2026-02-04 12:58:15.726246
RTM1C50,1.57,1.56,1.58,1000000.0,1000000.0,0,0,10,2026-02-04 12:58:15.726246
RTM1P50,0.9,0.89,0.91,1000000.0,1000000.0,0,0,10,2026-02-04 12:58:15.726246
RTM1C51,1.2,1.19,1.21,1000000.0,1000000.0,0,0,10,2026-02-04 12:58:15.726246
RTM1P51,1.53,1.52,1.54,1000000.0,1000000.0,0,0,10,2026-02-04 12:58:15.726246
RTM1C52,0.93,0.92,0.94,1000000.0,1000000.0,0,0,10,2026-02-04 12:58:15.726246
RTM1P52,2.27,2.26,2.28,1000000.0,1000000.0,0,0,10,2026-02-04 12:58:15.726246
RTM1C53,0.42,0.41,0.43,1000000.0,1000000.0,0,0,10,2026-02-04 12:58:15.726246
RTM1P53,2.75,2.74,2.76,1000000.0,1000000.0,0,0,10,2026-02-04 12:58:15.726246
RTM1C54,0.22,0.21,0.23,1000000.0,1000000.0,0,0,10,2026-02-04 12:58:15.726246
RTM1P54,3.56,3.55,3.57,1000000.0,1000000.0,0,0,10,2026-02-04 12:58:15.726246
RTM,50.85,50.84,50.86,100000000.0,100000000.0,0,0,11,2026-02-04 12:58:16.849181
RTM1C45,5.87,5.86,5.88,1000000.0,1000000.0,0,0,11,2026-02-04 12:58:16.849181
RTM1P45,0.02,0.01,0.03,1000000.0,1000000.0,0,0,11,2026-02-04 12:58:16.849181
RTM1C46,4.93,4.92,4.94,1000000.0,1000000.0,0,0,11,2026-02-04 12:58:16.849181
RTM1P46,0.08,0.07,0.09,1000000.0,1000000.0,0,0,11,2026-02-04 12:58:16.849181
RTM1C47,4.02,4.01,4.03,1000000.0,1000000.0,0,0,11,2026-02-04 12:58:16.849181
RTM1P47,0.17,0.16,0.18,1000000.0,1000000.0,0,0,11,2026-02-04 12:58:16.849181
RTM1C48,3.15,3.14,3.16,1000000.0,1000000.0,0,0,11,2026-02-04 12:58:16.849181
RTM1P48,0.3,0.29,0.31,1000000.0,1000000.0,0,0,11,2026-02-04 12:58:16.849181
RTM1C49,2.41,2.4,2.42,1000000.0,1000000.0,0,0,11,2026-02-04 12:58:16.849181
RTM1P49,0.56,0.55,0.57,1000000.0,1000000.0,0,0,11,2026-02-04 12:58:16.849181
RTM1C50,1.74,1.73,1.75,1000000.0,1000000.0,0,0,11,2026-02-04 12:58:16.849181
RTM1P50,0.89,0.88,0.9,1000000.0,1000000.0,0,0,11,2026-02-04 12:58:16.849181
RTM1C51,1.34,1.33,1.35,1000000.0,1000000.0,0,0,11,2026-02-04 12:58:16.849181
RTM1P51,1.49,1.48,1.5,1000000.0,1000000.0,0,0,11,2026-02-04 12:58:16.849181
RTM1C52,0.87,0.86,0.88,1000000.0,1000000.0,0,0,11,2026-02-04 12:58:16.849181
RTM1P52,2.02,2.01,2.03,1000000.0,1000000.0,0,0,11,2026-02-04 12:58:16.849181
RTM1C53,0.65,0.64,0.66,1000000.0,1000000.0,0,0,11,2026-02-04 12:58:16.849181
RTM1P53,2.8,2.79,2.81,1000000.0,1000000.0,0,0,11,2026-02-04 12:58:16.849181
RTM1C54,0.38,0.37,0.39,1000000.0,1000000.0,0,0,11,2026-02-04 12:58:16.849181
RTM1P54,3.53,3.52,3.54,1000000.0,1000000.0,0,0,11,2026-02-04 12:58:16.849181
RTM,50.72,50.71,50.73,100000000.0,100000000.0,0,0,12,2026-02-04 12:58:17.925325
RTM1C45,5.76,5.75,5.77,1000000.0,1000000.0,0,0,12,2026-02-04 12:58:17.925325
RTM1P45,0.04,0.03,0.05,1000000.0,1000000.0,0,0,12,2026-02-04 12:58:17.925325
RTM1C46,4.81,4.8,4.82,1000000.0,1000000.0,0,0,12,2026-02-04 12:58:17.925325
RTM1P46,0.1,0.09,0.11,1000000.0,1000000.0,0,0,12,2026-02-04 12:58:17.925325
RTM1C47,3.88,3.87,3.89,1000000.0,1000000.0,0,0,12,2026-02-04 12:58:17.925325
RTM1P47,0.16,0.15,0.17,1000000.0,1000000.0,0,0,12,2026-02-04 12:58:17.925325
RTM1C48,3.09,3.08,3.1,1000000.0,1000000.0,0,0,12,2026-02-04 12:58:17.925325
RTM1P48,0.37,0.36,0.38,1000000.0,1000000.0,0,0,12,2026-02-04 12:58:17.925325
RTM1C49,2.46,2.45,2.47,1000000.0,1000000.0,0,0,12,2026-02-04 12:58:17.925325
RTM1P49,0.74,0.73,0.75,1000000.0,1000000.0,0,0,12,2026-02-04 12:58:17.925325
RTM1C50,1.66,1.65,1.67,1000000.0,1000000.0,0,0,12,2026-02-04 12:58:17.925325
RTM1P50,0.94,0.93,0.95,1000000.0,1000000.0,0,0,12,2026-02-04 12:58:17.925325
RTM1C51,1.29,1.28,1.3,1000000.0,1000000.0,0,0,12,2026-02-04 12:58:17.925325
RTM1P51,1.58,1.57,1.59,1000000.0,1000000.0,0,0,12,2026-02-04 12:58:17.925325
RTM1C52,0.92,0.91,0.93,1000000.0,1000000.0,0,0,12,2026-02-04 12:58:17.925325
RTM1P52,2.2,2.19,2.21,1000000.0,1000000.0,0,0,12,2026-02-04 12:58:17.925325
RTM1C53,0.52,0.51,0.53,1000000.0,1000000.0,0,0,12,2026-02-04 12:58:17.925325
RTM1P53,2.81,2.8,2.82,1000000.0,1000000.0,0,0,12,2026-02-04 12:58:17.925325
RTM1C54,0.27,0.26,0.28,1000000.0,1000000.0,0,0,12,2026-02-04 12:58:17.925325
RTM1P54,3.55,3.54,3.56,1000000.0,1000000.0,0,0,12,2026-02-04 12:58:17.925325
RTM,50.54,50.52,50.54,100000000.0,100000000.0,0,0,13,2026-02-04 12:58:18.978623
RTM1C45,5.6,5.59,5.61,1000000.0,1000000.0,0,0,13,2026-02-04 12:58:18.978623
RTM1P45,0.07,0.06,0.08,1000000.0,1000000.0,0,0,13,2026-02-04 12:58:18.978623
RTM1C46,4.61,4.6,4.62,1000000.0,1000000.0,0,0,13,2026-02-04 12:58:18.978623
RTM1P46,0.08,0.07,0.09,1000000.0,1000000.0,0,0,13,2026-02-04 12:58:18.978623
RTM1C47,3.81,3.8,3.82,1000000.0,1000000.0,0,0,13,2026-02-04 12:58:18.978623
RTM1P47,0.27,0.26,0.28,1000000.0,1000000.0,0,0,13,2026-02-04 12:58:18.978623
RTM1C48,2.86,2.85,2.87,1000000.0,1000000.0,0,0,13,2026-02-04 12:58:18.978623
RTM1P48,0.33,0.32,0.34,1000000.0,1000000.0,0,0,13,2026-02-04 12:58:18.978623
RTM1C49,2.34,2.33,2.35,1000000.0,1000000.0,0,0,13,2026-02-04 12:58:18.978623
RTM1P49,0.81,0.8,0.82,1000000.0,1000000.0,0,0,13,2026-02-04 12:58:18.978623
RTM1C50,1.69,1.68,1.7,1000000.0,1000000.0,0,0,13,2026-02-04 12:58:18.978623
RTM1P50,1.16,1.15,1.17,1000000.0,1000000.0,0,0,13,2026-02-04 12:58:18.978623
RTM1C51,1.21,1.2,1.22,1000000.0,1000000.0,0,0,13,2026-02-04 12:58:18.978623
RTM1P51,1.68,1.67,1.69,1000000.0,1000000.0,0,0,13,2026-02-04 12:58:18.978623
RTM1C52,0.71,0.7,0.72,1000000.0,1000000.0,0,0,13,2026-02-04 12:58:18.978623
RTM1P52,2.17,2.16,2.18,1000000.0,1000000.0,0,0,13,2026-02-04 12:58:18.978623
RTM1C53,0.42,0.41,0.43,1000000.0,1000000.0,0,0,13,2026-02-04 12:58:18.978623
RTM1P53,2.89,2.88,2.9,1000000.0,1000000.0,0,0,13,2026-02-04 12:58:18.978623
RTM1C54,0.32,0.31,0.33,1000000.0,1000000.0,0,0,13,2026-02-04 12:58:18.978623
RTM1P54,3.79,3.78,3.8,1000000.0,1000000.0,0,0,13,2026-02-04 12:58:18.978623
RTM,50.47,50.46,50.48,100000000.0,100000000.0,0,0,14,2026-02-04 12:58:19.528581
RTM1C45,5.5,5.49,5.51,1000000.0,1000000.0,0,0,14,2026-02-04 12:58:19.528581
RTM1P45,0.04,0.03,0.05,1000000.0,1000000.0,0,0,14,2026-02-04 12:58:19.528581
RTM1C46,4.58,4.57,4.59,1000000.0,1000000.0,0,0,14,2026-02-04 12:58:19.528581
RTM1P46,0.11,0.1,0.12,1000000.0,1000000.0,0,0,14,2026-02-04 12:58:19.528581
RTM1C47,3.69,3.68,3.7,1000000.0,1000000.0,0,0,14,2026-02-04 12:58:19.528581
RTM1P47,0.22,0.21,0.23,1000000.0,1000000.0,0,0,14,2026-02-04 12:58:19.528581
RTM1C48,2.89,2.88,2.9,1000000.0,1000000.0,0,0,14,2026-02-04 12:58:19.528581
RTM1P48,0.43,0.42,0.44,1000000.0,1000000.0,0,0,14,2026-02-04 12:58:19.528581
RTM1C49,2.3,2.29,2.31,1000000.0,1000000.0,0,0,14,2026-02-04 12:58:19.528581
RTM1P49,0.83,0.82,0.84,1000000.0,1000000.0,0,0,14,2026-02-04 12:58:19.528581
RTM1C50,1.48,1.47,1.49,1000000.0,1000000.0,0,0,14,2026-02-04 12:58:19.528581
RTM1P50,1.01,1.0,1.02,1000000.0,1000000.0,0,0,14,2026-02-04 12:58:19.528581
RTM1C51,1.23,1.22,1.24,1000000.0,1000000.0,0,0,14,2026-02-04 12:58:19.528581
RTM1P51,1.76,1.75,1.77,1000000.0,1000000.0,0,0,14,2026-02-04 12:58:19.528581
RTM1C52,0.86,0.85,0.87,1000000.0,1000000.0,0,0,14,2026-02-04 12:58:19.528581
RTM1P52,2.4,2.39,2.41,1000000.0,1000000.0,0,0,14,2026-02-04 12:58:19.528581
RTM1C53,0.53,0.52,0.54,1000000.0,1000000.0,0,0,14,2026-02-04 12:58:19.528581
RTM1P53,3.07,3.06,3.08,1000000.0,1000000.0,0,0,14,2026-02-04 12:58:19.528581
RTM1C54,0.25,0.24,0.26,1000000.0,1000000.0,0,0,14,2026-02-04 12:58:19.528581
RTM1P54,3.78,3.77,3.79,1000000.0,1000000.0,0,0,14,2026-02-04 12:58:19.528581
RTM,50.57,50.56,50.58,100000000.0,100000000.0,0,0,15,2026-02-04 12:58:20.591398
RTM1C45,5.61,5.6,5.62,1000000.0,1000000.0,0,0,15,2026-02-04 12:58:20.591398
RTM1P45,0.04,0.03,0.05,1000000.0,1000000.0,0,0,15,2026-02-04 12:58:20.591398
RTM1C46,4.68,4.67,4.69,1000000.0,1000000.0,0,0,15,2026-02-04 12:58:20.591398
RTM1P46,0.11,0.1,0.12,1000000.0,1000000.0,0,0,15,2026-02-04 12:58:20.591398
RTM1C47,3.79,3.78,3.8,1000000.0,1000000.0,0,0,15,2026-02-04 12:58:20.591398
RTM1P47,0.23,0.22,0.24,1000000.0,1000000.0,0,0,15,2026-02-04 12:58:20.591398
RTM1C48,2.93,2.92,2.94,1000000.0,1000000.0,0,0,15,2026-02-04 12:58:20.591398
RTM1P48,0.37,0.36,0.38,1000000.0,1000000.0,0,0,15,2026-02-04 12:58:20.591398
RTM1C49,2.23,2.22,2.24,1000000.0,1000000.0,0,0,15,2026-02-04 12:58:20.591398
RTM1P49,0.67,0.66,0.68,1000000.0,1000000.0,0,0,15,2026-02-04 12:58:20.591398
RTM1C50,1.68,1.67,1.69,1000000.0,1000000.0,0,0,15,2026-02-04 12:58:20.591398
RTM1P50,1.12,1.11,1.13,1000000.0,1000000.0,0,0,15,2026-02-04 12:58:20.591398
RTM1C51,1.29,1.28,1.3,1000000.0,1000000.0,0,0,15,2026-02-04 12:58:20.591398
RTM1P51,1.72,1.71,1.73,1000000.0,1000000.0,0,0,15,2026-02-04 12:58:20.591398
RTM1C52,0.9,0.89,0.91,1000000.0,1000000.0,0,0,15,2026-02-04 12:58:20.591398
RTM1P52,2.33,2.32,2.34,1000000.0,1000000.0,0,0,15,2026-02-04 12:58:20.591398
RTM1C53,0.61,0.6,0.62,1000000.0,1000000.0,0,0,15,2026-02-04 12:58:20.591398
RTM1P53,3.04,3.03,3.05,1000000.0,1000000.0,0,0,15,2026-02-04 12:58:20.591398
RTM1C54,0.26,0.25,0.27,1000000.0,1000000.0,0,0,15,2026-02-04 12:58:20.591398
RTM1P54,3.69,3.68,3.7,1000000.0,1000000.0,0,0,15,2026-02-04 12:58:20.591398
RTM,50.71,50.7,50.72,100000000.0,100000000.0,0,0,16,2026-02-04 12:58:21.651082
RTM1C45,5.75,5.74,5.76,1000000.0,1000000.0,0,0,16,2026-02-04 12:58:21.651082
RTM1P45,0.04,0.03,0.05,1000000.0,1000000.0,0,0,16,2026-02-04 12:58:21.651082
RTM1C46,4.8,4.79,4.81,1000000.0,1000000.0,0,0,16,2026-02-04 12:58:21.651082
RTM1P46,0.09,0.08,0.1,1000000.0,1000000.0,0,0,16,2026-02-04 12:58:21.651082
RTM1C47,3.98,3.97,3.99,1000000.0,1000000.0,0,0,16,2026-02-04 12:58:21.651082
RTM1P47,0.27,0.26,0.28,1000000.0,1000000.0,0,0,16,2026-02-04 12:58:21.651082
RTM1C48,3.05,3.04,3.06,1000000.0,1000000.0,0,0,16,2026-02-04 12:58:21.651082
RTM1P48,0.34,0.33,0.35,1000000.0,1000000.0,0,0,16,2026-02-04 12:58:21.651082
RTM1C49,2.39,2.38,2.4,1000000.0,1000000.0,0,0,16,2026-02-04 12:58:21.651082
RTM1P49,0.68,0.67,0.69,1000000.0,1000000.0,0,0,16,2026-02-04 12:58:21.651082
RTM1C50,1.81,1.8,1.82,1000000.0,1000000.0,0,0,16,2026-02-04 12:58:21.651082
RTM1P50,1.1,1.09,1.11,1000000.0,1000000.0,0,0,16,2026-02-04 12:58:21.651082
RTM1C51,1.26,1.25,1.27,1000000.0,1000000.0,0,0,16,2026-02-04 12:58:21.651082
RTM1P51,1.55,1.54,1.56,1000000.0,1000000.0,0,0,16,2026-02-04 12:58:21.651082
RTM1C52,0.79,0.78,0.8,1000000.0,1000000.0,0,0,16,2026-02-04 12:58:21.651082
RTM1P52,2.08,2.07,2.09,1000000.0,1000000.0,0,0,16,2026-02-04 12:58:21.651082
RTM1C53,0.56,0.55,0.57,1000000.0,1000000.0,0,0,16,2026-02-04 12:58:21.651082
RTM1P53,2.85,2.84,2.86,1000000.0,1000000.0,0,0,16,2026-02-04 12:58:21.651082
RTM1C54,0.28,0.27,0.29,1000000.0,1000000.0,0,0,16,2026-02-04 12:58:21.651082
RTM1P54,3.57,3.56,3.58,1000000.0,1000000.0,0,0,16,2026-02-04 12:58:21.651082
RTM,50.7,50.69,50.71,100000000.0,100000000.0,0,0,17,2026-02-04 12:58:22.699178
RTM1C45,5.77,5.76,5.78,1000000.0,1000000.0,0,0,17,2026-02-04 12:58:22.699178
RTM1P45,0.07,0.06,0.08,1000000.0,1000000.0,0,0,17,2026-02-04 12:58:22.699178
RTM1C46,4.8,4.79,4.81,1000000.0,1000000.0,0,0,17,2026-02-04 12:58:22.699178
RTM1P46,0.1,0.09,0.11,1000000.0,1000000.0,0,0,17,2026-02-04 12:58:22.699178
RTM1C47,3.94,3.93,3.95,1000000.0,1000000.0,0,0,17,2026-02-04 12:58:22.699178
RTM1P47,0.24,0.23,0.25,1000000.0,1000000.0,0,0,17,2026-02-04 12:58:22.699178
RTM1C48,3.11,3.1,3.12,1000000.0,1000000.0,0,0,17,2026-02-04 12:58:22.699178
RTM1P48,0.4,0.39,0.41,1000000.0,1000000.0,0,0,17,2026-02-04 12:58:22.699178
RTM1C49,2.42,2.41,2.43,1000000.0,1000000.0,0,0,17,2026-02-04 12:58:22.699178
RTM1P49,0.72,0.71,0.73,1000000.0,1000000.0,0,0,17,2026-02-04 12:58:22.699178
RTM1C50,1.65,1.64,1.66,1000000.0,1000000.0,0,0,17,2026-02-04 12:58:22.699178
RTM1P50,0.94,0.93,0.95,1000000.0,1000000.0,0,0,17,2026-02-04 12:58:22.699178
RTM1C51,1.22,1.21,1.23,1000000.0,1000000.0,0,0,17,2026-02-04 12:58:22.699178
RTM1P51,1.52,1.51,1.53,1000000.0,1000000.0,0,0,17,2026-02-04 12:58:22.699178
RTM1C52,0.79,0.78,0.8,1000000.0,1000000.0,0,0,17,2026-02-04 12:58:22.699178
RTM1P52,2.09,2.08,2.1,1000000.0,1000000.0,0,0,17,2026-02-04 12:58:22.699178
RTM1C53,0.65,0.64,0.66,1000000.0,1000000.0,0,0,17,2026-02-04 12:58:22.699178
RTM1P53,2.95,2.94,2.96,1000000.0,1000000.0,0,0,17,2026-02-04 12:58:22.699178
RTM1C54,0.32,0.31,0.33,1000000.0,1000000.0,0,0,17,2026-02-04 12:58:22.699178
RTM1P54,3.62,3.61,3.63,1000000.0,1000000.0,0,0,17,2026-02-04 12:58:22.699178
RTM,50.78,50.77,50.79,100000000.0,100000000.0,0,0,18,2026-02-04 12:58:23.758933
RTM1C45,5.84,5.83,5.85,1000000.0,1000000.0,0,0,18,2026-02-04 12:58:23.758933
RTM1P45,0.06,0.05,0.07,1000000.0,1000000.0,0,0,18,2026-02-04 12:58:23.758933
RTM1C46,4.87,4.86,4.88,1000000.0,1000000.0,0,0,18,2026-02-04 12:58:23.758933
RTM1P46,0.09,0.08,0.1,1000000.0,1000000.0,0,0,18,2026-02-04 12:58:23.758933
RTM1C47,3.99,3.98,4.0,1000000.0,1000000.0,0,0,18,2026-02-04 12:58:23.758933
RTM1P47,0.21,0.2,0.22,1000000.0,1000000.0,0,0,18,2026-02-04 12:58:23.758933
RTM1C48,3.2,3.19,3.21,1000000.0,1000000.0,0,0,18,2026-02-04 12:58:23.758933
RTM1P48,0.42,0.41,0.43,1000000.0,1000000.0,0,0,18,2026-02-04 12:58:23.758933
RTM1C49,2.45,2.44,2.46,1000000.0,1000000.0,0,0,18,2026-02-04 12:58:23.758933
RTM1P49,0.67,0.66,0.68,1000000.0,1000000.0,0,0,18,2026-02-04 12:58:23.758933
RTM1C50,1.7,1.69,1.71,1000000.0,1000000.0,0,0,18,2026-02-04 12:58:23.758933
RTM1P50,0.92,0.91,0.93,1000000.0,1000000.0,0,0,18,2026-02-04 12:58:23.758933
RTM1C51,1.19,1.18,1.2,1000000.0,1000000.0,0,0,18,2026-02-04 12:58:23.758933
RTM1P51,1.41,1.4,1.42,1000000.0,1000000.0,0,0,18,2026-02-04 12:58:23.758933
RTM1C52,0.98,0.97,0.99,1000000.0,1000000.0,0,0,18,2026-02-04 12:58:23.758933
RTM1P52,2.2,2.19,2.21,1000000.0,1000000.0,0,0,18,2026-02-04 12:58:23.758933
RTM1C53,0.53,0.52,0.54,1000000.0,1000000.0,0,0,18,2026-02-04 12:58:23.758933
RTM1P53,2.75,2.74,2.76,1000000.0,1000000.0,0,0,18,2026-02-04 12:58:23.758933
RTM1C54,0.41,0.4,0.42,1000000.0,1000000.0,0,0,18,2026-02-04 12:58:23.758933
RTM1P54,3.62,3.61,3.63,1000000.0,1000000.0,0,0,18,2026-02-04 12:58:23.758933
RTM,50.21,50.19,50.21,100000000.0,100000000.0,0,0,19,2026-02-04 12:58:24.826599
RTM1C45,5.29,5.28,5.3,1000000.0,1000000.0,0,0,19,2026-02-04 12:58:24.826599
RTM1P45,0.09,0.08,0.1,1000000.0,1000000.0,0,0,19,2026-02-04 12:58:24.826599
RTM1C46,4.38,4.37,4.39,1000000.0,1000000.0,0,0,19,2026-02-04 12:58:24.826599
RTM1P46,0.18,0.17,0.19,1000000.0,1000000.0,0,0,19,2026-02-04 12:58:24.826599
RTM1C47,3.55,3.54,3.56,1000000.0,1000000.0,0,0,19,2026-02-04 12:58:24.826599
RTM1P47,0.35,0.34,0.36,1000000.0,1000000.0,0,0,19,2026-02-04 12:58:24.826599
RTM1C48,2.65,2.64,2.66,1000000.0,1000000.0,0,0,19,2026-02-04 12:58:24.826599
RTM1P48,0.45,0.44,0.46,1000000.0,1000000.0,0,0,19,2026-02-04 12:58:24.826599
RTM1C49,2.16,2.15,2.17,1000000.0,1000000.0,0,0,19,2026-02-04 12:58:24.826599
RTM1P49,0.97,0.96,0.98,1000000.0,1000000.0,0,0,19,2026-02-04 12:58:24.826599
RTM1C50,1.5,1.49,1.51,1000000.0,1000000.0,0,0,19,2026-02-04 12:58:24.826599
RTM1P50,1.31,1.3,1.32,1000000.0,1000000.0,0,0,19,2026-02-04 12:58:24.826599
RTM1C51,1.1,1.09,1.11,1000000.0,1000000.0,0,0,19,2026-02-04 12:58:24.826599
RTM1P51,1.9,1.89,1.91,1000000.0,1000000.0,0,0,19,2026-02-04 12:58:24.826599
RTM1C52,0.73,0.72,0.74,1000000.0,1000000.0,0,0,19,2026-02-04 12:58:24.826599
RTM1P52,2.53,2.52,2.54,1000000.0,1000000.0,0,0,19,2026-02-04 12:58:24.826599
RTM1C53,0.44,0.43,0.45,1000000.0,1000000.0,0,0,19,2026-02-04 12:58:24.826599
RTM1P53,3.24,3.23,3.25,1000000.0,1000000.0,0,0,19,2026-02-04 12:58:24.826599
RTM1C54,0.32,0.31,0.33,1000000.0,1000000.0,0,0,19,2026-02-04 12:58:24.826599
RTM1P54,4.13,4.12,4.14,1000000.0,1000000.0,0,0,19,2026-02-04 12:58:24.826599
RTM,50.35,50.35,50.37,100000000.0,100000000.0,0,0,20,2026-02-04 12:58:25.873630
RTM1C45,5.43,5.42,5.44,1000000.0,1000000.0,0,0,20,2026-02-04 12:58:25.873630
RTM1P45,0.07,0.06,0.08,1000000.0,1000000.0,0,0,20,2026-02-04 12:58:25.873630
RTM1C46,4.53,4.52,4.54,1000000.0,1000000.0,0,0,20,2026-02-04 12:58:25.873630
RTM1P46,0.17,0.16,0.18,1000000.0,1000000.0,0,0,20,2026-02-04 12:58:25.873630
RTM1C47,3.62,3.61,3.63,1000000.0,1000000.0,0,0,20,2026-02-04 12:58:25.873630
RTM1P47,0.25,0.24,0.26,1000000.0,1000000.0,0,0,20,2026-02-04 12:58:25.873630
RTM1C48,2.89,2.88,2.9,1000000.0,1000000.0,0,0,20,2026-02-04 12:58:25.873630
RTM1P48,0.53,0.52,0.54,1000000.0,1000000.0,0,0,20,2026-02-04 12:58:25.873630
RTM1C49,2.26,2.25,2.27,1000000.0,1000000.0,0,0,20,2026-02-04 12:58:25.873630
RTM1P49,0.89,0.88,0.9,1000000.0,1000000.0,0,0,20,2026-02-04 12:58:25.873630
RTM1C50,1.7,1.69,1.71,1000000.0,1000000.0,0,0,20,2026-02-04 12:58:25.873630
RTM1P50,1.33,1.32,1.34,1000000.0,1000000.0,0,0,20,2026-02-04 12:58:25.873630
RTM1C51,1.16,1.15,1.17,1000000.0,1000000.0,0,0,20,2026-02-04 12:58:25.873630
RTM1P51,1.8,1.79,1.81,1000000.0,1000000.0,0,0,20,2026-02-04 12:58:25.873630
RTM1C52,0.72,0.71,0.73,1000000.0,1000000.0,0,0,20,2026-02-04 12:58:25.873630
RTM1P52,2.35,2.34,2.36,1000000.0,1000000.0,0,0,20,2026-02-04 12:58:25.873630
RTM1C53,0.56,0.55,0.57,1000000.0,1000000.0,0,0,20,2026-02-04 12:58:25.873630
RTM1P53,3.2,3.19,3.21,1000000.0,1000000.0,0,0,20,2026-02-04 12:58:25.873630
RTM1C54,0.29,0.28,0.3,1000000.0,1000000.0,0,0,20,2026-02-04 12:58:25.873630
RTM1P54,3.93,3.92,3.94,1000000.0,1000000.0,0,0,20,2026-02-04 12:58:25.873630
RTM,50.08,50.06,50.08,100000000.0,100000000.0,0,0,21,2026-02-04 12:58:26.945070
RTM1C45,5.19,5.17,5.19,1000000.0,1000000.0,0,0,21,2026-02-04 12:58:26.945070
RTM1P45,0.11,0.1,0.12,1000000.0,1000000.0,0,0,21,2026-02-04 12:58:26.945070
RTM1C46,4.26,4.25,4.27,1000000.0,1000000.0,0,0,21,2026-02-04 12:58:26.945070
RTM1P46,0.19,0.18,0.2,1000000.0,1000000.0,0,0,21,2026-02-04 12:58:26.945070
RTM1C47,3.34,3.33,3.35,1000000.0,1000000.0,0,0,21,2026-02-04 12:58:26.945070
RTM1P47,0.28,0.27,0.29,1000000.0,1000000.0,0,0,21,2026-02-04 12:58:26.945070
RTM1C48,2.63,2.62,2.64,1000000.0,1000000.0,0,0,21,2026-02-04 12:58:26.945070
RTM1P48,0.56,0.55,0.57,1000000.0,1000000.0,0,0,21,2026-02-04 12:58:26.945070
RTM1C49,1.93,1.92,1.94,1000000.0,1000000.0,0,0,21,2026-02-04 12:58:26.945070
RTM1P49,0.86,0.85,0.87,1000000.0,1000000.0,0,0,21,2026-02-04 12:58:26.945070
RTM1C50,1.51,1.51,1.53,1000000.0,1000000.0,0,0,21,2026-02-04 12:58:26.945070
RTM1P50,1.46,1.45,1.47,1000000.0,1000000.0,0,0,21,2026-02-04 12:58:26.945070
RTM1C51,0.91,0.9,0.92,1000000.0,1000000.0,0,0,21,2026-02-04 12:58:26.945070
RTM1P51,1.84,1.83,1.85,1000000.0,1000000.0,0,0,21,2026-02-04 12:58:26.945070
RTM1C52,0.65,0.64,0.66,1000000.0,1000000.0,0,0,21,2026-02-04 12:58:26.945070
RTM1P52,2.58,2.57,2.59,1000000.0,1000000.0,0,0,21,2026-02-04 12:58:26.945070
RTM1C53,0.51,0.5,0.52,1000000.0,1000000.0,0,0,21,2026-02-04 12:58:26.945070
RTM1P53,3.44,3.43,3.45,1000000.0,1000000.0,0,0,21,2026-02-04 12:58:26.945070
RTM1C54,0.2,0.19,0.21,1000000.0,1000000.0,0,0,21,2026-02-04 12:58:26.945070
RTM1P54,4.14,4.13,4.15,1000000.0,1000000.0,0,0,21,2026-02-04 12:58:26.945070
RTM,50.26,50.25,50.27,100000000.0,100000000.0,0,0,22,2026-02-04 12:58:27.521714
RTM1C45,5.32,5.31,5.33,1000000.0,1000000.0,0,0,22,2026-02-04 12:58:27.521714
RTM1P45,0.06,0.05,0.07,1000000.0,1000000.0,0,0,22,2026-02-04 12:58:27.521714
RTM1C46,4.44,4.43,4.45,1000000.0,1000000.0,0,0,22,2026-02-04 12:58:27.521714
RTM1P46,0.17,0.16,0.18,1000000.0,1000000.0,0,0,22,2026-02-04 12:58:27.521714
RTM1C47,3.51,3.5,3.52,1000000.0,1000000.0,0,0,22,2026-02-04 12:58:27.521714
RTM1P47,0.25,0.24,0.26,1000000.0,1000000.0,0,0,22,2026-02-04 12:58:27.521714
RTM1C48,2.81,2.8,2.82,1000000.0,1000000.0,0,0,22,2026-02-04 12:58:27.521714
RTM1P48,0.55,0.54,0.56,1000000.0,1000000.0,0,0,22,2026-02-04 12:58:27.521714
RTM1C49,2.12,2.11,2.13,1000000.0,1000000.0,0,0,22,2026-02-04 12:58:27.521714
RTM1P49,0.86,0.85,0.87,1000000.0,1000000.0,0,0,22,2026-02-04 12:58:27.521714
RTM1C50,1.62,1.61,1.63,1000000.0,1000000.0,0,0,22,2026-02-04 12:58:27.521714
RTM1P50,1.36,1.35,1.37,1000000.0,1000000.0,0,0,22,2026-02-04 12:58:27.521714
RTM1C51,1.0,0.99,1.01,1000000.0,1000000.0,0,0,22,2026-02-04 12:58:27.521714
RTM1P51,1.74,1.73,1.75,1000000.0,1000000.0,0,0,22,2026-02-04 12:58:27.521714
RTM1C52,0.82,0.81,0.83,1000000.0,1000000.0,0,0,22,2026-02-04 12:58:27.521714
RTM1P52,2.56,2.55,2.57,1000000.0,1000000.0,0,0,22,2026-02-04 12:58:27.521714
RTM1C53,0.48,0.47,0.49,1000000.0,1000000.0,0,0,22,2026-02-04 12:58:27.521714
RTM1P53,3.22,3.21,3.23,1000000.0,1000000.0,0,0,22,2026-02-04 12:58:27.521714
RTM1C54,0.32,0.31,0.33,1000000.0,1000000.0,0,0,22,2026-02-04 12:58:27.521714
RTM1P54,4.06,4.05,4.07,1000000.0,1000000.0,0,0,22,2026-02-04 12:58:27.521714
RTM,50.22,50.21,50.23,100000000.0,100000000.0,0,0,23,2026-02-04 12:58:28.576798
RTM1C45,5.31,5.3,5.32,1000000.0,1000000.0,0,0,23,2026-02-04 12:58:28.576798
RTM1P45,0.09,0.08,0.1,1000000.0,1000000.0,0,0,23,2026-02-04 12:58:28.576798
RTM1C46,4.36,4.35,4.37,1000000.0,1000000.0,0,0,23,2026-02-04 12:58:28.576798
RTM1P46,0.14,0.13,0.15,1000000.0,1000000.0,0,0,23,2026-02-04 12:58:28.576798
RTM1C47,3.55,3.54,3.56,1000000.0,1000000.0,0,0,23,2026-02-04 12:58:28.576798
RTM1P47,0.33,0.32,0.34,1000000.0,1000000.0,0,0,23,2026-02-04 12:58:28.576798
RTM1C48,2.82,2.81,2.83,1000000.0,1000000.0,0,0,23,2026-02-04 12:58:28.576798
RTM1P48,0.6,0.59,0.61,1000000.0,1000000.0,0,0,23,2026-02-04 12:58:28.576798
RTM1C49,2.12,2.11,2.13,1000000.0,1000000.0,0,0,23,2026-02-04 12:58:28.576798
RTM1P49,0.91,0.9,0.92,1000000.0,1000000.0,0,0,23,2026-02-04 12:58:28.576798
RTM1C50,1.48,1.47,1.49,1000000.0,1000000.0,0,0,23,2026-02-04 12:58:28.576798
RTM1P50,1.26,1.25,1.27,1000000.0,1000000.0,0,0,23,2026-02-04 12:58:28.576798
RTM1C51,1.02,1.01,1.03,1000000.0,1000000.0,0,0,23,2026-02-04 12:58:28.576798
RTM1P51,1.8,1.79,1.81,1000000.0,1000000.0,0,0,23,2026-02-04 12:58:28.576798
RTM1C52,0.67,0.66,0.68,1000000.0,1000000.0,0,0,23,2026-02-04 12:58:28.576798
RTM1P52,2.46,2.45,2.47,1000000.0,1000000.0,0,0,23,2026-02-04 12:58:28.576798
RTM1C53,0.43,0.42,0.44,1000000.0,1000000.0,0,0,23,2026-02-04 12:58:28.576798
RTM1P53,3.22,3.21,3.23,1000000.0,1000000.0,0,0,23,2026-02-04 12:58:28.576798
RTM1C54,0.28,0.27,0.29,1000000.0,1000000.0,0,0,23,2026-02-04 12:58:28.576798
RTM1P54,4.06,4.05,4.07,1000000.0,1000000.0,0,0,23,2026-02-04 12:58:28.576798
RTM,50.25,50.24,50.26,100000000.0,100000000.0,0,0,24,2026-02-04 12:58:29.628370
RTM1C45,5.36,5.35,5.37,1000000.0,1000000.0,0,0,24,2026-02-04 12:58:29.628370
RTM1P45,0.12,0.11,0.13,1000000.0,1000000.0,0,0,24,2026-02-04 12:58:29.628370
RTM1C46,4.47,4.46,4.48,1000000.0,1000000.0,0,0,24,2026-02-04 12:58:29.628370
RTM1P46,0.22,0.21,0.23,1000000.0,1000000.0,0,0,24,2026-02-04 12:58:29.628370
RTM1C47,3.61,3.6,3.62,1000000.0,1000000.0,0,0,24,2026-02-04 12:58:29.628370
RTM1P47,0.36,0.35,0.37,1000000.0,1000000.0,0,0,24,2026-02-04 12:58:29.628370
RTM1C48,2.78,2.77,2.79,1000000.0,1000000.0,0,0,24,2026-02-04 12:58:29.628370
RTM1P48,0.54,0.53,0.55,1000000.0,1000000.0,0,0,24,2026-02-04 12:58:29.628370
RTM1C49,2.11,2.1,2.12,1000000.0,1000000.0,0,0,24,2026-02-04 12:58:29.628370
RTM1P49,0.87,0.86,0.88,1000000.0,1000000.0,0,0,24,2026-02-04 12:58:29.628370
RTM1C50,1.6,1.59,1.61,1000000.0,1000000.0,0,0,24,2026-02-04 12:58:29.628370
RTM1P50,1.35,1.34,1.36,1000000.0,1000000.0,0,0,24,2026-02-04 12:58:29.628370
RTM1C51,1.14,1.13,1.15,1000000.0,1000000.0,0,0,24,2026-02-04 12:58:29.628370
RTM1P51,1.89,1.88,1.9,1000000.0,1000000.0,0,0,24,2026-02-04 12:58:29.628370
RTM1C52,0.78,0.77,0.79,1000000.0,1000000.0,0,0,24,2026-02-04 12:58:29.628370
RTM1P52,2.53,2.52,2.54,1000000.0,1000000.0,0,0,24,2026-02-04 12:58:29.628370
RTM1C53,0.52,0.51,0.53,1000000.0,1000000.0,0,0,24,2026-02-04 12:58:29.628370
RTM1P53,3.27,3.26,3.28,1000000.0,1000000.0,0,0,24,2026-02-04 12:58:29.628370
RTM1C54,0.31,0.3,0.32,1000000.0,1000000.0,0,0,24,2026-02-04 12:58:29.628370
RTM1P54,4.06,4.05,4.07,1000000.0,1000000.0,0,0,24,2026-02-04 12:58:29.628370
RTM,50.5,50.5,50.52,100000000.0,100000000.0,0,0,25,2026-02-04 12:58:30.680444
RTM1C45,5.6,5.59,5.61,1000000.0,1000000.0,0,0,25,2026-02-04 12:58:30.680444
RTM1P45,0.08,0.07,0.09,1000000.0,1000000.0,0,0,25,2026-02-04 12:58:30.680444
RTM1C46,4.68,4.67,4.69,1000000.0,1000000.0,0,0,25,2026-02-04 12:58:30.680444
RTM1P46,0.16,0.15,0.17,1000000.0,1000000.0,0,0,25,2026-02-04 12:58:30.680444
RTM1C47,3.75,3.74,3.76,1000000.0,1000000.0,0,0,25,2026-02-04 12:58:30.680444
RTM1P47,0.23,0.22,0.24,1000000.0,1000000.0,0,0,25,2026-02-04 12:58:30.680444
RTM1C48,2.94,2.93,2.95,1000000.0,1000000.0,0,0,25,2026-02-04 12:58:30.680444
RTM1P48,0.43,0.42,0.44,1000000.0,1000000.0,0,0,25,2026-02-04 12:58:30.680444
RTM1C49,2.29,2.28,2.3,1000000.0,1000000.0,0,0,25,2026-02-04 12:58:30.680444
RTM1P49,0.77,0.76,0.78,1000000.0,1000000.0,0,0,25,2026-02-04 12:58:30.680444
RTM1C50,1.78,1.77,1.79,1000000.0,1000000.0,0,0,25,2026-02-04 12:58:30.680444
RTM1P50,1.27,1.26,1.28,1000000.0,1000000.0,0,0,25,2026-02-04 12:58:30.680444
RTM1C51,1.24,1.23,1.25,1000000.0,1000000.0,0,0,25,2026-02-04 12:58:30.680444
RTM1P51,1.73,1.72,1.74,1000000.0,1000000.0,0,0,25,2026-02-04 12:58:30.680444
RTM1C52,0.77,0.76,0.78,1000000.0,1000000.0,0,0,25,2026-02-04 12:58:30.680444
RTM1P52,2.26,2.25,2.27,1000000.0,1000000.0,0,0,25,2026-02-04 12:58:30.680444
RTM1C53,0.5,0.49,0.51,1000000.0,1000000.0,0,0,25,2026-02-04 12:58:30.680444
RTM1P53,2.98,2.97,2.99,1000000.0,1000000.0,0,0,25,2026-02-04 12:58:30.680444
RTM1C54,0.3,0.29,0.31,1000000.0,1000000.0,0,0,25,2026-02-04 12:58:30.680444
RTM1P54,3.79,3.78,3.8,1000000.0,1000000.0,0,0,25,2026-02-04 12:58:30.680444
RTM,50.58,50.57,50.59,100000000.0,100000000.0,0,0,26,2026-02-04 12:58:31.749917
RTM1C45,5.64,5.63,5.65,1000000.0,1000000.0,0,0,26,2026-02-04 12:58:31.749917
RTM1P45,0.06,0.05,0.07,1000000.0,1000000.0,0,0,26,2026-02-04 12:58:31.749917
RTM1C46,4.75,4.74,4.76,1000000.0,1000000.0,0,0,26,2026-02-04 12:58:31.749917
RTM1P46,0.17,0.16,0.18,1000000.0,1000000.0,0,0,26,2026-02-04 12:58:31.749917
RTM1C47,3.89,3.88,3.9,1000000.0,1000000.0,0,0,26,2026-02-04 12:58:31.749917
RTM1P47,0.31,0.3,0.32,1000000.0,1000000.0,0,0,26,2026-02-04 12:58:31.749917
RTM1C48,3.1,3.09,3.11,1000000.0,1000000.0,0,0,26,2026-02-04 12:58:31.749917
RTM1P48,0.53,0.52,0.54,1000000.0,1000000.0,0,0,26,2026-02-04 12:58:31.749917
RTM1C49,2.32,2.31,2.33,1000000.0,1000000.0,0,0,26,2026-02-04 12:58:31.749917
RTM1P49,0.74,0.73,0.75,1000000.0,1000000.0,0,0,26,2026-02-04 12:58:31.749917
RTM1C50,1.81,1.8,1.82,1000000.0,1000000.0,0,0,26,2026-02-04 12:58:31.749917
RTM1P50,1.24,1.23,1.25,1000000.0,1000000.0,0,0,26,2026-02-04 12:58:31.749917
RTM1C51,1.18,1.17,1.19,1000000.0,1000000.0,0,0,26,2026-02-04 12:58:31.749917
RTM1P51,1.6,1.59,1.61,1000000.0,1000000.0,0,0,26,2026-02-04 12:58:31.749917
RTM1C52,0.83,0.82,0.84,1000000.0,1000000.0,0,0,26,2026-02-04 12:58:31.749917
RTM1P52,2.25,2.24,2.26,1000000.0,1000000.0,0,0,26,2026-02-04 12:58:31.749917
RTM1C53,0.62,0.61,0.63,1000000.0,1000000.0,0,0,26,2026-02-04 12:58:31.749917
RTM1P53,3.04,3.03,3.05,1000000.0,1000000.0,0,0,26,2026-02-04 12:58:31.749917
RTM1C54,0.37,0.36,0.38,1000000.0,1000000.0,0,0,26,2026-02-04 12:58:31.749917
RTM1P54,3.79,3.78,3.8,1000000.0,1000000.0,0,0,26,2026-02-04 12:58:31.749917
RTM,50.59,50.58,50.6,100000000.0,100000000.0,0,0,27,2026-02-04 12:58:32.817923
RTM1C45,5.66,5.65,5.67,1000000.0,1000000.0,0,0,27,2026-02-04 12:58:32.817923
RTM1P45,0.07,0.06,0.08,1000000.0,1000000.0,0,0,27,2026-02-04 12:58:32.817923
RTM1C46,4.78,4.77,4.79,1000000.0,1000000.0,0,0,27,2026-02-04 12:58:32.817923
RTM1P46,0.19,0.18,0.2,1000000.0,1000000.0,0,0,27,2026-02-04 12:58:32.817923
RTM1C47,3.92,3.91,3.93,1000000.0,1000000.0,0,0,27,2026-02-04 12:58:32.817923
RTM1P47,0.33,0.32,0.34,1000000.0,1000000.0,0,0,27,2026-02-04 12:58:32.817923
RTM1C48,3.12,3.11,3.13,1000000.0,1000000.0,0,0,27,2026-02-04 12:58:32.817923
RTM1P48,0.53,0.52,0.54,1000000.0,1000000.0,0,0,27,2026-02-04 12:58:32.817923
RTM1C49,2.35,2.34,2.36,1000000.0,1000000.0,0,0,27,2026-02-04 12:58:32.817923
RTM1P49,0.76,0.75,0.77,1000000.0,1000000.0,0,0,27,2026-02-04 12:58:32.817923
RTM1C50,1.72,1.71,1.73,1000000.0,1000000.0,0,0,27,2026-02-04 12:58:32.817923
RTM1P50,1.13,1.12,1.14,1000000.0,1000000.0,0,0,27,2026-02-04 12:58:32.817923
RTM1C51,1.24,1.23,1.25,1000000.0,1000000.0,0,0,27,2026-02-04 12:58:32.817923
RTM1P51,1.65,1.64,1.66,1000000.0,1000000.0,0,0,27,2026-02-04 12:58:32.817923
RTM1C52,0.85,0.84,0.86,1000000.0,1000000.0,0,0,27,2026-02-04 12:58:32.817923
RTM1P52,2.26,2.25,2.27,1000000.0,1000000.0,0,0,27,2026-02-04 12:58:32.817923
RTM1C53,0.65,0.64,0.66,1000000.0,1000000.0,0,0,27,2026-02-04 12:58:32.817923
RTM1P53,3.06,3.05,3.07,1000000.0,1000000.0,0,0,27,2026-02-04 12:58:32.817923
RTM1C54,0.38,0.37,0.39,1000000.0,1000000.0,0,0,27,2026-02-04 12:58:32.817923
RTM1P54,3.79,3.78,3.8,1000000.0,1000000.0,0,0,27,2026-02-04 12:58:32.817923
RTM,50.71,50.71,50.73,100000000.0,100000000.0,0,0,28,2026-02-04 12:58:33.893040
RTM1C45,5.79,5.78,5.8,1000000.0,1000000.0,0,0,28,2026-02-04 12:58:33.893040
RTM1P45,0.07,0.06,0.08,1000000.0,1000000.0,0,0,28,2026-02-04 12:58:33.893040
RTM1C46,4.88,4.87,4.89,1000000.0,1000000.0,0,0,28,2026-02-04 12:58:33.893040
RTM1P46,0.16,0.15,0.17,1000000.0,1000000.0,0,0,28,2026-02-04 12:58:33.893040
RTM1C47,4.01,4.0,4.02,1000000.0,1000000.0,0,0,28,2026-02-04 12:58:33.893040
RTM1P47,0.28,0.27,0.29,1000000.0,1000000.0,0,0,28,2026-02-04 12:58:33.893040
RTM1C48,3.19,3.18,3.2,1000000.0,1000000.0,0,0,28,2026-02-04 12:58:33.893040
RTM1P48,0.47,0.46,0.48,1000000.0,1000000.0,0,0,28,2026-02-04 12:58:33.893040
RTM1C49,2.49,2.48,2.5,1000000.0,1000000.0,0,0,28,2026-02-04 12:58:33.893040
RTM1P49,0.77,0.76,0.78,1000000.0,1000000.0,0,0,28,2026-02-04 12:58:33.893040
RTM1C50,1.77,1.76,1.78,1000000.0,1000000.0,0,0,28,2026-02-04 12:58:33.893040
RTM1P50,1.04,1.03,1.05,1000000.0,1000000.0,0,0,28,2026-02-04 12:58:33.893040
RTM1C51,1.29,1.28,1.3,1000000.0,1000000.0,0,0,28,2026-02-04 12:58:33.893040
RTM1P51,1.57,1.56,1.58,1000000.0,1000000.0,0,0,28,2026-02-04 12:58:33.893040
RTM1C52,0.96,0.95,0.97,1000000.0,1000000.0,0,0,28,2026-02-04 12:58:33.893040
RTM1P52,2.24,2.23,2.25,1000000.0,1000000.0,0,0,28,2026-02-04 12:58:33.893040
RTM1C53,0.69,0.68,0.7,1000000.0,1000000.0,0,0,28,2026-02-04 12:58:33.893040
RTM1P53,2.97,2.96,2.98,1000000.0,1000000.0,0,0,28,2026-02-04 12:58:33.893040
RTM1C54,0.39,0.38,0.4,1000000.0,1000000.0,0,0,28,2026-02-04 12:58:33.893040
RTM1P54,3.66,3.65,3.67,1000000.0,1000000.0,0,0,28,2026-02-04 12:58:33.893040
RTM,50.9,50.9,50.92,100000000.0,100000000.0,0,0,29,2026-02-04 12:58:34.961798
RTM1C45,5.96,5.95,5.97,1000000.0,1000000.0,0,0,29,2026-02-04 12:58:34.961798
RTM1P45,0.05,0.04,0.06,1000000.0,1000000.0,0,0,29,2026-02-04 12:58:34.961798
RTM1C46,5.04,5.03,5.05,1000000.0,1000000.0,0,0,29,2026-02-04 12:58:34.961798
RTM1P46,0.13,0.12,0.14,1000000.0,1000000.0,0,0,29,2026-02-04 12:58:34.961798
RTM1C47,4.13,4.12,4.14,1000000.0,1000000.0,0,0,29,2026-02-04 12:58:34.961798
RTM1P47,0.22,0.21,0.23,1000000.0,1000000.0,0,0,29,2026-02-04 12:58:34.961798
RTM1C48,3.29,3.28,3.3,1000000.0,1000000.0,0,0,29,2026-02-04 12:58:34.961798
RTM1P48,0.38,0.37,0.39,1000000.0,1000000.0,0,0,29,2026-02-04 12:58:34.961798
RTM1C49,2.64,2.63,2.65,1000000.0,1000000.0,0,0,29,2026-02-04 12:58:34.961798
RTM1P49,0.74,0.73,0.75,1000000.0,1000000.0,0,0,29,2026-02-04 12:58:34.961798
RTM1C50,1.95,1.94,1.96,1000000.0,1000000.0,0,0,29,2026-02-04 12:58:34.961798
RTM1P50,1.04,1.03,1.05,1000000.0,1000000.0,0,0,29,2026-02-04 12:58:34.961798
RTM1C51,1.5,1.49,1.51,1000000.0,1000000.0,0,0,29,2026-02-04 12:58:34.961798
RTM1P51,1.6,1.59,1.61,1000000.0,1000000.0,0,0,29,2026-02-04 12:58:34.961798
RTM1C52,0.98,0.97,0.99,1000000.0,1000000.0,0,0,29,2026-02-04 12:58:34.961798
RTM1P52,2.08,2.07,2.09,1000000.0,1000000.0,0,0,29,2026-02-04 12:58:34.961798
RTM1C53,0.67,0.66,0.68,1000000.0,1000000.0,0,0,29,2026-02-04 12:58:34.961798
RTM1P53,2.76,2.75,2.77,1000000.0,1000000.0,0,0,29,2026-02-04 12:58:34.961798
RTM1C54,0.49,0.48,0.5,1000000.0,1000000.0,0,0,29,2026-02-04 12:58:34.961798
RTM1P54,3.58,3.57,3.59,1000000.0,1000000.0,0,0,29,2026-02-04 12:58:34.961798
RTM,50.91,50.9,50.92,100000000.0,100000000.0,0,0,30,2026-02-04 12:58:36.018210
RTM1C45,5.99,5.98,6.0,1000000.0,1000000.0,0,0,30,2026-02-04 12:58:36.018210
RTM1P45,0.08,0.07,0.09,1000000.0,1000000.0,0,0,30,2026-02-04 12:58:36.018210
RTM1C46,5.05,5.04,5.06,1000000.0,1000000.0,0,0,30,2026-02-04 12:58:36.018210
RTM1P46,0.14,0.13,0.15,1000000.0,1000000.0,0,0,30,2026-02-04 12:58:36.018210
RTM1C47,4.15,4.14,4.16,1000000.0,1000000.0,0,0,30,2026-02-04 12:58:36.018210
RTM1P47,0.24,0.23,0.25,1000000.0,1000000.0,0,0,30,2026-02-04 12:58:36.018210
RTM1C48,3.31,3.3,3.32,1000000.0,1000000.0,0,0,30,2026-02-04 12:58:36.018210
RTM1P48,0.4,0.39,0.41,1000000.0,1000000.0,0,0,30,2026-02-04 12:58:36.018210
RTM1C49,2.67,2.66,2.68,1000000.0,1000000.0,0,0,30,2026-02-04 12:58:36.018210
RTM1P49,0.76,0.75,0.77,1000000.0,1000000.0,0,0,30,2026-02-04 12:58:36.018210
RTM1C50,1.94,1.93,1.95,1000000.0,1000000.0,0,0,30,2026-02-04 12:58:36.018210
RTM1P50,1.03,1.02,1.04,1000000.0,1000000.0,0,0,30,2026-02-04 12:58:36.018210
RTM1C51,1.43,1.42,1.44,1000000.0,1000000.0,0,0,30,2026-02-04 12:58:36.018210
RTM1P51,1.52,1.51,1.53,1000000.0,1000000.0,0,0,30,2026-02-04 12:58:36.018210
RTM1C52,1.02,1.01,1.03,1000000.0,1000000.0,0,0,30,2026-02-04 12:58:36.018210
RTM1P52,2.11,2.1,2.12,1000000.0,1000000.0,0,0,30,2026-02-04 12:58:36.018210
RTM1C53,0.76,0.75,0.77,1000000.0,1000000.0,0,0,30,2026-02-04 12:58:36.018210
RTM1P53,2.85,2.84,2.86,1000000.0,1000000.0,0,0,30,2026-02-04 12:58:36.018210
RTM1C54,0.43,0.42,0.44,1000000.0,1000000.0,0,0,30,2026-02-04 12:58:36.018210
RTM1P54,3.52,3.51,3.53,1000000.0,1000000.0,0,0,30,2026-02-04 12:58:36.018210
RTM,51.01,51.0,51.02,100000000.0,100000000.0,0,0,31,2026-02-04 12:58:36.579389
RTM1C45,6.07,6.06,6.08,1000000.0,1000000.0,0,0,31,2026-02-04 12:58:36.579389
RTM1P45,0.06,0.05,0.07,1000000.0,1000000.0,0,0,31,2026-02-04 12:58:36.579389
RTM1C46,5.14,5.13,5.15,1000000.0,1000000.0,0,0,31,2026-02-04 12:58:36.579389
RTM1P46,0.14,0.13,0.15,1000000.0,1000000.0,0,0,31,2026-02-04 12:58:36.579389
RTM1C47,4.25,4.24,4.26,1000000.0,1000000.0,0,0,31,2026-02-04 12:58:36.579389
RTM1P47,0.24,0.23,0.25,1000000.0,1000000.0,0,0,31,2026-02-04 12:58:36.579389
RTM1C48,3.47,3.46,3.48,1000000.0,1000000.0,0,0,31,2026-02-04 12:58:36.579389
RTM1P48,0.46,0.45,0.47,1000000.0,1000000.0,0,0,31,2026-02-04 12:58:36.579389
RTM1C49,2.63,2.62,2.64,1000000.0,1000000.0,0,0,31,2026-02-04 12:58:36.579389
RTM1P49,0.62,0.61,0.63,1000000.0,1000000.0,0,0,31,2026-02-04 12:58:36.579389
RTM1C50,2.02,2.01,2.03,1000000.0,1000000.0,0,0,31,2026-02-04 12:58:36.579389
RTM1P50,1.01,1.0,1.02,1000000.0,1000000.0,0,0,31,2026-02-04 12:58:36.579389
RTM1C51,1.46,1.45,1.47,1000000.0,1000000.0,0,0,31,2026-02-04 12:58:36.579389
RTM1P51,1.45,1.44,1.46,1000000.0,1000000.0,0,0,31,2026-02-04 12:58:36.579389
RTM1C52,1.02,1.01,1.03,1000000.0,1000000.0,0,0,31,2026-02-04 12:58:36.579389
RTM1P52,2.01,2.0,2.02,1000000.0,1000000.0,0,0,31,2026-02-04 12:58:36.579389
RTM1C53,0.74,0.73,0.75,1000000.0,1000000.0,0,0,31,2026-02-04 12:58:36.579389
RTM1P53,2.73,2.72,2.74,1000000.0,1000000.0,0,0,31,2026-02-04 12:58:36.579389
RTM1C54,0.53,0.52,0.54,1000000.0,1000000.0,0,0,31,2026-02-04 12:58:36.579389
RTM1P54,3.52,3.51,3.53,1000000.0,1000000.0,0,0,31,2026-02-04 12:58:36.579389
RTM,51.0,50.99,51.01,100000000.0,100000000.0,0,0,32,2026-02-04 12:58:37.646948
RTM1C45,6.08,6.07,6.09,1000000.0,1000000.0,0,0,32,2026-02-04 12:58:37.646948
RTM1P45,0.08,0.07,0.09,1000000.0,1000000.0,0,0,32,2026-02-04 12:58:37.646948
RTM1C46,5.11,5.1,5.12,1000000.0,1000000.0,0,0,32,2026-02-04 12:58:37.646948
RTM1P46,0.11,0.1,0.12,1000000.0,1000000.0,0,0,32,2026-02-04 12:58:37.646948
RTM1C47,4.26,4.25,4.27,1000000.0,1000000.0,0,0,32,2026-02-04 12:58:37.646948
RTM1P47,0.26,0.25,0.27,1000000.0,1000000.0,0,0,32,2026-02-04 12:58:37.646948
RTM1C48,3.38,3.37,3.39,1000000.0,1000000.0,0,0,32,2026-02-04 12:58:37.646948
RTM1P48,0.38,0.37,0.39,1000000.0,1000000.0,0,0,32,2026-02-04 12:58:37.646948
RTM1C49,2.69,2.68,2.7,1000000.0,1000000.0,0,0,32,2026-02-04 12:58:37.646948
RTM1P49,0.69,0.68,0.7,1000000.0,1000000.0,0,0,32,2026-02-04 12:58:37.646948
RTM1C50,2.08,2.07,2.09,1000000.0,1000000.0,0,0,32,2026-02-04 12:58:37.646948
RTM1P50,1.08,1.07,1.09,1000000.0,1000000.0,0,0,32,2026-02-04 12:58:37.646948
RTM1C51,1.56,1.55,1.57,1000000.0,1000000.0,0,0,32,2026-02-04 12:58:37.646948
RTM1P51,1.56,1.55,1.57,1000000.0,1000000.0,0,0,32,2026-02-04 12:58:37.646948
RTM1C52,1.03,1.02,1.04,1000000.0,1000000.0,0,0,32,2026-02-04 12:58:37.646948
RTM1P52,2.03,2.02,2.04,1000000.0,1000000.0,0,0,32,2026-02-04 12:58:37.646948
RTM1C53,0.8,0.79,0.81,1000000.0,1000000.0,0,0,32,2026-02-04 12:58:37.646948
RTM1P53,2.8,2.79,2.81,1000000.0,1000000.0,0,0,32,2026-02-04 12:58:37.646948
RTM1C54,0.52,0.51,0.53,1000000.0,1000000.0,0,0,32,2026-02-04 12:58:37.646948
RTM1P54,3.52,3.51,3.53,1000000.0,1000000.0,0,0,32,2026-02-04 12:58:37.646948
RTM,50.58,50.57,50.59,100000000.0,100000000.0,0,0,33,2026-02-04 12:58:38.713201
RTM1C45,5.67,5.66,5.68,1000000.0,1000000.0,0,0,33,2026-02-04 12:58:38.713201
RTM1P45,0.09,0.08,0.1,1000000.0,1000000.0,0,0,33,2026-02-04 12:58:38.713201
RTM1C46,4.76,4.75,4.77,1000000.0,1000000.0,0,0,33,2026-02-04 12:58:38.713201
RTM1P46,0.18,0.17,0.19,1000000.0,1000000.0,0,0,33,2026-02-04 12:58:38.713201
RTM1C47,3.85,3.84,3.86,1000000.0,1000000.0,0,0,33,2026-02-04 12:58:38.713201
RTM1P47,0.27,0.26,0.28,1000000.0,1000000.0,0,0,33,2026-02-04 12:58:38.713201
RTM1C48,3.14,3.13,3.15,1000000.0,1000000.0,0,0,33,2026-02-04 12:58:38.713201
RTM1P48,0.56,0.55,0.57,1000000.0,1000000.0,0,0,33,2026-02-04 12:58:38.713201
RTM1C49,2.38,2.37,2.39,1000000.0,1000000.0,0,0,33,2026-02-04 12:58:38.713201
RTM1P49,0.8,0.79,0.81,1000000.0,1000000.0,0,0,33,2026-02-04 12:58:38.713201
RTM1C50,1.74,1.73,1.75,1000000.0,1000000.0,0,0,33,2026-02-04 12:58:38.713201
RTM1P50,1.16,1.15,1.17,1000000.0,1000000.0,0,0,33,2026-02-04 12:58:38.713201
RTM1C51,1.36,1.35,1.37,1000000.0,1000000.0,0,0,33,2026-02-04 12:58:38.713201
RTM1P51,1.78,1.77,1.79,1000000.0,1000000.0,0,0,33,2026-02-04 12:58:38.713201
RTM1C52,0.95,0.94,0.96,1000000.0,1000000.0,0,0,33,2026-02-04 12:58:38.713201
RTM1P52,2.37,2.36,2.38,1000000.0,1000000.0,0,0,33,2026-02-04 12:58:38.713201
RTM1C53,0.61,0.6,0.62,1000000.0,1000000.0,0,0,33,2026-02-04 12:58:38.713201
RTM1P53,3.03,3.02,3.04,1000000.0,1000000.0,0,0,33,2026-02-04 12:58:38.713201
RTM1C54,0.41,0.4,0.42,1000000.0,1000000.0,0,0,33,2026-02-04 12:58:38.713201
RTM1P54,3.83,3.82,3.84,1000000.0,1000000.0,0,0,33,2026-02-04 12:58:38.713201
RTM,50.23,50.22,50.24,100000000.0,100000000.0,0,0,34,2026-02-04 12:58:39.781538
RTM1C45,5.34,5.33,5.35,1000000.0,1000000.0,0,0,34,2026-02-04 12:58:39.781538
RTM1P45,0.11,0.1,0.12,1000000.0,1000000.0,0,0,34,2026-02-04 12:58:39.781538
RTM1C46,4.42,4.41,4.43,1000000.0,1000000.0,0,0,34,2026-02-04 12:58:39.781538
RTM1P46,0.19,0.18,0.2,1000000.0,1000000.0,0,0,34,2026-02-04 12:58:39.781538
RTM1C47,3.56,3.55,3.57,1000000.0,1000000.0,0,0,34,2026-02-04 12:58:39.781538
RTM1P47,0.33,0.32,0.34,1000000.0,1000000.0,0,0,34,2026-02-04 12:58:39.781538
RTM1C48,2.79,2.78,2.8,1000000.0,1000000.0,0,0,34,2026-02-04 12:58:39.781538
RTM1P48,0.56,0.55,0.57,1000000.0,1000000.0,0,0,34,2026-02-04 12:58:39.781538
RTM1C49,2.1,2.09,2.11,1000000.0,1000000.0,0,0,34,2026-02-04 12:58:39.781538
RTM1P49,0.87,0.86,0.88,1000000.0,1000000.0,0,0,34,2026-02-04 12:58:39.781538
RTM1C50,1.61,1.6,1.62,1000000.0,1000000.0,0,0,34,2026-02-04 12:58:39.781538
RTM1P50,1.38,1.37,1.39,1000000.0,1000000.0,0,0,34,2026-02-04 12:58:39.781538
RTM1C51,1.17,1.16,1.18,1000000.0,1000000.0,0,0,34,2026-02-04 12:58:39.781538
RTM1P51,1.94,1.93,1.95,1000000.0,1000000.0,0,0,34,2026-02-04 12:58:39.781538
RTM1C52,0.8,0.79,0.81,1000000.0,1000000.0,0,0,34,2026-02-04 12:58:39.781538
RTM1P52,2.57,2.56,2.58,1000000.0,1000000.0,0,0,34,2026-02-04 12:58:39.781538
RTM1C53,0.56,0.55,0.57,1000000.0,1000000.0,0,0,34,2026-02-04 12:58:39.781538
RTM1P53,3.33,3.32,3.34,1000000.0,1000000.0,0,0,34,2026-02-04 12:58:39.781538
RTM1C54,0.35,0.34,0.36,1000000.0,1000000.0,0,0,34,2026-02-04 12:58:39.781538
RTM1P54,4.12,4.11,4.13,1000000.0,1000000.0,0,0,34,2026-02-04 12:58:39.781538
RTM,50.21,50.2,50.22,100000000.0,100000000.0,0,0,35,2026-02-04 12:58:40.852994
RTM1C45,5.31,5.3,5.32,1000000.0,1000000.0,0,0,35,2026-02-04 12:58:40.852994
RTM1P45,0.1,0.09,0.11,1000000.0,1000000.0,0,0,35,2026-02-04 12:58:40.852994
RTM1C46,4.44,4.43,4.45,1000000.0,1000000.0,0,0,35,2026-02-04 12:58:40.852994
RTM1P46,0.23,0.22,0.24,1000000.0,1000000.0,0,0,35,2026-02-04 12:58:40.852994
RTM1C47,3.63,3.62,3.64,1000000.0,1000000.0,0,0,35,2026-02-04 12:58:40.852994
RTM1P47,0.42,0.41,0.43,1000000.0,1000000.0,0,0,35,2026-02-04 12:58:40.852994
RTM1C48,2.85,2.84,2.86,1000000.0,1000000.0,0,0,35,2026-02-04 12:58:40.852994
RTM1P48,0.64,0.63,0.65,1000000.0,1000000.0,0,0,35,2026-02-04 12:58:40.852994
RTM1C49,2.08,2.07,2.09,1000000.0,1000000.0,0,0,35,2026-02-04 12:58:40.852994
RTM1P49,0.87,0.86,0.88,1000000.0,1000000.0,0,0,35,2026-02-04 12:58:40.852994
RTM1C50,1.65,1.64,1.66,1000000.0,1000000.0,0,0,35,2026-02-04 12:58:40.852994
RTM1P50,1.44,1.43,1.45,1000000.0,1000000.0,0,0,35,2026-02-04 12:58:40.852994
RTM1C51,1.13,1.12,1.14,1000000.0,1000000.0,0,0,35,2026-02-04 12:58:40.852994
RTM1P51,1.92,1.91,1.93,1000000.0,1000000.0,0,0,35,2026-02-04 12:58:40.852994
RTM1C52,0.79,0.78,0.8,1000000.0,1000000.0,0,0,35,2026-02-04 12:58:40.852994
RTM1P52,2.57,2.56,2.58,1000000.0,1000000.0,0,0,35,2026-02-04 12:58:40.852994
RTM1C53,0.54,0.53,0.55,1000000.0,1000000.0,0,0,35,2026-02-04 12:58:40.852994
RTM1P53,3.33,3.32,3.34,1000000.0,1000000.0,0,0,35,2026-02-04 12:58:40.852994
RTM1C54,0.34,0.33,0.35,1000000.0,1000000.0,0,0,35,2026-02-04 12:58:40.852994
RTM1P54,4.13,4.12,4.14,1000000.0,1000000.0,0,0,35,2026-02-04 12:58:40.852994
RTM,50.17,50.16,50.18,100000000.0,100000000.0,0,0,36,2026-02-04 12:58:41.917157,3.0,1.0,35.0,,News 1,The analysts have informed you that the realized volatility of RTM next week will be between 08% and 13%
RTM1C45,5.28,5.27,5.29,1000000.0,1000000.0,0,0,36,2026-02-04 12:58:41.917157,,,,,,
RTM1P45,0.11,0.1,0.12,1000000.0,1000000.0,0,0,36,2026-02-04 12:58:41.917157,,,,,,
RTM1C46,4.37,4.36,4.38,1000000.0,1000000.0,0,0,36,2026-02-04 12:58:41.917157,,,,,,
RTM1P46,0.2,0.19,0.21,1000000.0,1000000.0,0,0,36,2026-02-04 12:58:41.917157,,,,,,
RTM1C47,3.56,3.55,3.57,1000000.0,1000000.0,0,0,36,2026-02-04 12:58:41.917157,,,,,,
RTM1P47,0.39,0.38,0.4,1000000.0,1000000.0,0,0,36,2026-02-04 12:58:41.917157,,,,,,
RTM1C48,2.78,2.77,2.79,1000000.0,1000000.0,0,0,36,2026-02-04 12:58:41.917157,,,,,,
RTM1P48,0.61,0.6,0.62,1000000.0,1000000.0,0,0,36,2026-02-04 12:58:41.917157,,,,,,
RTM1C49,2.09,2.08,2.1,1000000.0,1000000.0,0,0,36,2026-02-04 12:58:41.917157,,,,,,
RTM1P49,0.92,0.91,0.93,1000000.0,1000000.0,0,0,36,2026-02-04 12:58:41.917157,,,,,,
RTM1C50,1.55,1.54,1.56,1000000.0,1000000.0,0,0,36,2026-02-04 12:58:41.917157,,,,,,
RTM1P50,1.39,1.38,1.4,1000000.0,1000000.0,0,0,36,2026-02-04 12:58:41.917157,,,,,,
RTM1C51,1.17,1.16,1.18,1000000.0,1000000.0,0,0,36,2026-02-04 12:58:41.917157,,,,,,
RTM1P51,2.01,2.0,2.02,1000000.0,1000000.0,0,0,36,2026-02-04 12:58:41.917157,,,,,,
RTM1C52,0.79,0.78,0.8,1000000.0,1000000.0,0,0,36,2026-02-04 12:58:41.917157,,,,,,
RTM1P52,2.62,2.61,2.63,1000000.0,1000000.0,0,0,36,2026-02-04 12:58:41.917157,,,,,,
RTM1C53,0.57,0.56,0.58,1000000.0,1000000.0,0,0,36,2026-02-04 12:58:41.917157,,,,,,
RTM1P53,3.4,3.39,3.41,1000000.0,1000000.0,0,0,36,2026-02-04 12:58:41.917157,,,,,,
RTM1C54,0.33,0.32,0.34,1000000.0,1000000.0,0,0,36,2026-02-04 12:58:41.917157,,,,,,
RTM1P54,4.17,4.16,4.18,1000000.0,1000000.0,0,0,36,2026-02-04 12:58:41.917157,,,,,,
RTM,50.38,50.37,50.39,100000000.0,100000000.0,0,0,37,2026-02-04 12:58:42.999659
RTM1C45,5.47,5.46,5.48,1000000.0,1000000.0,0,0,37,2026-02-04 12:58:42.999659
RTM1P45,0.09,0.08,0.1,1000000.0,1000000.0,0,0,37,2026-02-04 12:58:42.999659
RTM1C46,4.56,4.55,4.57,1000000.0,1000000.0,0,0,37,2026-02-04 12:58:42.999659
RTM1P46,0.18,0.17,0.19,1000000.0,1000000.0,0,0,37,2026-02-04 12:58:42.999659
RTM1C47,3.72,3.71,3.73,1000000.0,1000000.0,0,0,37,2026-02-04 12:58:42.999659
RTM1P47,0.34,0.33,0.35,1000000.0,1000000.0,0,0,37,2026-02-04 12:58:42.999659
RTM1C48,2.99,2.98,3.0,1000000.0,1000000.0,0,0,37,2026-02-04 12:58:42.999659
RTM1P48,0.61,0.6,0.62,1000000.0,1000000.0,0,0,37,2026-02-04 12:58:42.999659
RTM1C49,2.26,2.25,2.27,1000000.0,1000000.0,0,0,37,2026-02-04 12:58:42.999659
RTM1P49,0.88,0.87,0.89,1000000.0,1000000.0,0,0,37,2026-02-04 12:58:42.999659
RTM1C50,1.74,1.73,1.75,1000000.0,1000000.0,0,0,37,2026-02-04 12:58:42.999659
RTM1P50,1.35,1.35,1.37,1000000.0,1000000.0,0,0,37,2026-02-04 12:58:42.999659
RTM1C51,1.22,1.21,1.23,1000000.0,1000000.0,0,0,37,2026-02-04 12:58:42.999659
RTM1P51,1.84,1.83,1.85,1000000.0,1000000.0,0,0,37,2026-02-04 12:58:42.999659
RTM1C52,0.88,0.87,0.89,1000000.0,1000000.0,0,0,37,2026-02-04 12:58:42.999659
RTM1P52,2.5,2.49,2.51,1000000.0,1000000.0,0,0,37,2026-02-04 12:58:42.999659
RTM1C53,0.58,0.57,0.59,1000000.0,1000000.0,0,0,37,2026-02-04 12:58:42.999659
RTM1P53,3.2,3.19,3.21,1000000.0,1000000.0,0,0,37,2026-02-04 12:58:42.999659
RTM1C54,0.4,0.39,0.41,1000000.0,1000000.0,0,0,37,2026-02-04 12:58:42.999659
RTM1P54,4.03,4.02,4.04,1000000.0,1000000.0,0,0,37,2026-02-04 12:58:42.999659
RTM,50.87,50.87,50.89,100000000.0,100000000.0,0,0,38,2026-02-04 12:58:44.066827
RTM1C45,5.96,5.95,5.97,1000000.0,1000000.0,0,0,38,2026-02-04 12:58:44.066827
RTM1P45,0.08,0.07,0.09,1000000.0,1000000.0,0,0,38,2026-02-04 12:58:44.066827
RTM1C46,5.05,5.04,5.06,1000000.0,1000000.0,0,0,38,2026-02-04 12:58:44.066827
RTM1P46,0.17,0.16,0.18,1000000.0,1000000.0,0,0,38,2026-02-04 12:58:44.066827
RTM1C47,4.15,4.14,4.16,1000000.0,1000000.0,0,0,38,2026-02-04 12:58:44.066827
RTM1P47,0.27,0.26,0.28,1000000.0,1000000.0,0,0,38,2026-02-04 12:58:44.066827
RTM1C48,3.33,3.32,3.34,1000000.0,1000000.0,0,0,38,2026-02-04 12:58:44.066827
RTM1P48,0.45,0.44,0.46,1000000.0,1000000.0,0,0,38,2026-02-04 12:58:44.066827
RTM1C49,2.64,2.63,2.65,1000000.0,1000000.0,0,0,38,2026-02-04 12:58:44.066827
RTM1P49,0.76,0.75,0.77,1000000.0,1000000.0,0,0,38,2026-02-04 12:58:44.066827
RTM1C50,2.0,1.99,2.01,1000000.0,1000000.0,0,0,38,2026-02-04 12:58:44.066827
RTM1P50,1.12,1.11,1.13,1000000.0,1000000.0,0,0,38,2026-02-04 12:58:44.066827
RTM1C51,1.52,1.51,1.53,1000000.0,1000000.0,0,0,38,2026-02-04 12:58:44.066827
RTM1P51,1.63,1.62,1.64,1000000.0,1000000.0,0,0,38,2026-02-04 12:58:44.066827
RTM1C52,1.03,1.02,1.04,1000000.0,1000000.0,0,0,38,2026-02-04 12:58:44.066827
RTM1P52,2.15,2.14,2.16,1000000.0,1000000.0,0,0,38,2026-02-04 12:58:44.066827
RTM1C53,0.75,0.74,0.76,1000000.0,1000000.0,0,0,38,2026-02-04 12:58:44.066827
RTM1P53,2.87,2.86,2.88,1000000.0,1000000.0,0,0,38,2026-02-04 12:58:44.066827
RTM1C54,0.5,0.49,0.51,1000000.0,1000000.0,0,0,38,2026-02-04 12:58:44.066827
RTM1P54,3.61,3.6,3.62,1000000.0,1000000.0,0,0,38,2026-02-04 12:58:44.066827
RTM,50.96,50.95,50.97,100000000.0,100000000.0,0,0,39,2026-02-04 12:58:44.630575
RTM1C45,6.04,6.03,6.05,1000000.0,1000000.0,0,0,39,2026-02-04 12:58:44.630575
RTM1P45,0.09,0.08,0.1,1000000.0,1000000.0,0,0,39,2026-02-04 12:58:44.630575
RTM1C46,5.12,5.11,5.13,1000000.0,1000000.0,0,0,39,2026-02-04 12:58:44.630575
RTM1P46,0.17,0.16,0.18,1000000.0,1000000.0,0,0,39,2026-02-04 12:58:44.630575
RTM1C47,4.25,4.24,4.26,1000000.0,1000000.0,0,0,39,2026-02-04 12:58:44.630575
RTM1P47,0.3,0.29,0.31,1000000.0,1000000.0,0,0,39,2026-02-04 12:58:44.630575
RTM1C48,3.45,3.44,3.46,1000000.0,1000000.0,0,0,39,2026-02-04 12:58:44.630575
RTM1P48,0.5,0.49,0.51,1000000.0,1000000.0,0,0,39,2026-02-04 12:58:44.630575
RTM1C49,2.69,2.68,2.7,1000000.0,1000000.0,0,0,39,2026-02-04 12:58:44.630575
RTM1P49,0.74,0.73,0.75,1000000.0,1000000.0,0,0,39,2026-02-04 12:58:44.630575
RTM1C50,2.05,2.04,2.06,1000000.0,1000000.0,0,0,39,2026-02-04 12:58:44.630575
RTM1P50,1.09,1.08,1.1,1000000.0,1000000.0,0,0,39,2026-02-04 12:58:44.630575
RTM1C51,1.5,1.49,1.51,1000000.0,1000000.0,0,0,39,2026-02-04 12:58:44.630575
RTM1P51,1.55,1.54,1.56,1000000.0,1000000.0,0,0,39,2026-02-04 12:58:44.630575
RTM1C52,1.01,1.0,1.02,1000000.0,1000000.0,0,0,39,2026-02-04 12:58:44.630575
RTM1P52,2.06,2.05,2.07,1000000.0,1000000.0,0,0,39,2026-02-04 12:58:44.630575
RTM1C53,0.75,0.74,0.76,1000000.0,1000000.0,0,0,39,2026-02-04 12:58:44.630575
RTM1P53,2.79,2.78,2.8,1000000.0,1000000.0,0,0,39,2026-02-04 12:58:44.630575
RTM1C54,0.53,0.52,0.54,1000000.0,1000000.0,0,0,39,2026-02-04 12:58:44.630575
RTM1P54,3.57,3.56,3.58,1000000.0,1000000.0,0,0,39,2026-02-04 12:58:44.630575
RTM,51.0,50.99,51.01,100000000.0,100000000.0,0,0,40,2026-02-04 12:58:45.698285
RTM1C45,6.09,6.08,6.1,1000000.0,1000000.0,0,0,40,2026-02-04 12:58:45.698285
RTM1P45,0.08,0.07,0.09,1000000.0,1000000.0,0,0,40,2026-02-04 12:58:45.698285
RTM1C46,5.16,5.15,5.17,1000000.0,1000000.0,0,0,40,2026-02-04 12:58:45.698285
RTM1P46,0.16,0.15,0.17,1000000.0,1000000.0,0,0,40,2026-02-04 12:58:45.698285
RTM1C47,4.28,4.27,4.29,1000000.0,1000000.0,0,0,40,2026-02-04 12:58:45.698285
RTM1P47,0.28,0.27,0.29,1000000.0,1000000.0,0,0,40,2026-02-04 12:58:45.698285
RTM1C48,3.45,3.44,3.46,1000000.0,1000000.0,0,0,40,2026-02-04 12:58:45.698285
RTM1P48,0.45,0.44,0.46,1000000.0,1000000.0,0,0,40,2026-02-04 12:58:45.698285
RTM1C49,2.72,2.71,2.73,1000000.0,1000000.0,0,0,40,2026-02-04 12:58:45.698285
RTM1P49,0.71,0.7,0.72,1000000.0,1000000.0,0,0,40,2026-02-04 12:58:45.698285
RTM1C50,2.07,2.06,2.08,1000000.0,1000000.0,0,0,40,2026-02-04 12:58:45.698285
RTM1P50,1.06,1.05,1.07,1000000.0,1000000.0,0,0,40,2026-02-04 12:58:45.698285
RTM1C51,1.59,1.58,1.6,1000000.0,1000000.0,0,0,40,2026-02-04 12:58:45.698285
RTM1P51,1.59,1.58,1.6,1000000.0,1000000.0,0,0,40,2026-02-04 12:58:45.698285
RTM1C52,1.09,1.08,1.1,1000000.0,1000000.0,0,0,40,2026-02-04 12:58:45.698285
RTM1P52,2.09,2.08,2.1,1000000.0,1000000.0,0,0,40,2026-02-04 12:58:45.698285
RTM1C53,0.76,0.75,0.77,1000000.0,1000000.0,0,0,40,2026-02-04 12:58:45.698285
RTM1P53,2.76,2.75,2.77,1000000.0,1000000.0,0,0,40,2026-02-04 12:58:45.698285
RTM1C54,0.52,0.51,0.53,1000000.0,1000000.0,0,0,40,2026-02-04 12:58:45.698285
RTM1P54,3.51,3.5,3.52,1000000.0,1000000.0,0,0,40,2026-02-04 12:58:45.698285
RTM,50.63,50.62,50.64,100000000.0,100000000.0,0,0,41,2026-02-04 12:58:46.768469
RTM1C45,5.73,5.72,5.74,1000000.0,1000000.0,0,0,41,2026-02-04 12:58:46.768469
RTM1P45,0.1,0.09,0.11,1000000.0,1000000.0,0,0,41,2026-02-04 12:58:46.768469
RTM1C46,4.83,4.82,4.84,1000000.0,1000000.0,0,0,41,2026-02-04 12:58:46.768469
RTM1P46,0.2,0.19,0.21,1000000.0,1000000.0,0,0,41,2026-02-04 12:58:46.768469
RTM1C47,3.91,3.9,3.92,1000000.0,1000000.0,0,0,41,2026-02-04 12:58:46.768469
RTM1P47,0.28,0.27,0.29,1000000.0,1000000.0,0,0,41,2026-02-04 12:58:46.768469
RTM1C48,3.15,3.14,3.16,1000000.0,1000000.0,0,0,41,2026-02-04 12:58:46.768469
RTM1P48,0.52,0.51,0.53,1000000.0,1000000.0,0,0,41,2026-02-04 12:58:46.768469
RTM1C49,2.46,2.45,2.47,1000000.0,1000000.0,0,0,41,2026-02-04 12:58:46.768469
RTM1P49,0.82,0.81,0.83,1000000.0,1000000.0,0,0,41,2026-02-04 12:58:46.768469
RTM1C50,1.88,1.87,1.89,1000000.0,1000000.0,0,0,41,2026-02-04 12:58:46.768469
RTM1P50,1.25,1.24,1.26,1000000.0,1000000.0,0,0,41,2026-02-04 12:58:46.768469
RTM1C51,1.36,1.35,1.37,1000000.0,1000000.0,0,0,41,2026-02-04 12:58:46.768469
RTM1P51,1.73,1.72,1.74,1000000.0,1000000.0,0,0,41,2026-02-04 12:58:46.768469
RTM1C52,0.89,0.88,0.9,1000000.0,1000000.0,0,0,41,2026-02-04 12:58:46.768469
RTM1P52,2.26,2.25,2.27,1000000.0,1000000.0,0,0,41,2026-02-04 12:58:46.768469
RTM1C53,0.66,0.65,0.67,1000000.0,1000000.0,0,0,41,2026-02-04 12:58:46.768469
RTM1P53,3.03,3.02,3.04,1000000.0,1000000.0,0,0,41,2026-02-04 12:58:46.768469
RTM1C54,0.43,0.42,0.44,1000000.0,1000000.0,0,0,41,2026-02-04 12:58:46.768469
RTM1P54,3.8,3.79,3.81,1000000.0,1000000.0,0,0,41,2026-02-04 12:58:46.768469
RTM,50.71,50.7,50.72,100000000.0,100000000.0,0,0,42,2026-02-04 12:58:47.839113
RTM1C45,5.81,5.8,5.82,1000000.0,1000000.0,0,0,42,2026-02-04 12:58:47.839113
RTM1P45,0.1,0.09,0.11,1000000.0,1000000.0,0,0,42,2026-02-04 12:58:47.839113
RTM1C46,4.88,4.87,4.89,1000000.0,1000000.0,0,0,42,2026-02-04 12:58:47.839113
RTM1P46,0.17,0.16,0.18,1000000.0,1000000.0,0,0,42,2026-02-04 12:58:47.839113
RTM1C47,4.01,4.0,4.02,1000000.0,1000000.0,0,0,42,2026-02-04 12:58:47.839113
RTM1P47,0.31,0.3,0.32,1000000.0,1000000.0,0,0,42,2026-02-04 12:58:47.839113
RTM1C48,3.25,3.24,3.26,1000000.0,1000000.0,0,0,42,2026-02-04 12:58:47.839113
RTM1P48,0.54,0.53,0.55,1000000.0,1000000.0,0,0,42,2026-02-04 12:58:47.839113
RTM1C49,2.51,2.5,2.52,1000000.0,1000000.0,0,0,42,2026-02-04 12:58:47.839113
RTM1P49,0.8,0.79,0.81,1000000.0,1000000.0,0,0,42,2026-02-04 12:58:47.839113
RTM1C50,1.92,1.91,1.93,1000000.0,1000000.0,0,0,42,2026-02-04 12:58:47.839113
RTM1P50,1.21,1.2,1.22,1000000.0,1000000.0,0,0,42,2026-02-04 12:58:47.839113
RTM1C51,1.46,1.45,1.47,1000000.0,1000000.0,0,0,42,2026-02-04 12:58:47.839113
RTM1P51,1.75,1.74,1.76,1000000.0,1000000.0,0,0,42,2026-02-04 12:58:47.839113
RTM1C52,0.95,0.94,0.96,1000000.0,1000000.0,0,0,42,2026-02-04 12:58:47.839113
RTM1P52,2.25,2.24,2.26,1000000.0,1000000.0,0,0,42,2026-02-04 12:58:47.839113
RTM1C53,0.71,0.7,0.72,1000000.0,1000000.0,0,0,42,2026-02-04 12:58:47.839113
RTM1P53,3.0,2.99,3.01,1000000.0,1000000.0,0,0,42,2026-02-04 12:58:47.839113
RTM1C54,0.45,0.44,0.46,1000000.0,1000000.0,0,0,42,2026-02-04 12:58:47.839113
RTM1P54,3.74,3.73,3.75,1000000.0,1000000.0,0,0,42,2026-02-04 12:58:47.839113
RTM,50.53,50.51,50.53,100000000.0,100000000.0,0,0,43,2026-02-04 12:58:48.890996
RTM1C45,5.62,5.61,5.63,1000000.0,1000000.0,0,0,43,2026-02-04 12:58:48.890996
RTM1P45,0.1,0.09,0.11,1000000.0,1000000.0,0,0,43,2026-02-04 12:58:48.890996
RTM1C46,4.72,4.71,4.73,1000000.0,1000000.0,0,0,43,2026-02-04 12:58:48.890996
RTM1P46,0.2,0.19,0.21,1000000.0,1000000.0,0,0,43,2026-02-04 12:58:48.890996
RTM1C47,3.84,3.83,3.85,1000000.0,1000000.0,0,0,43,2026-02-04 12:58:48.890996
RTM1P47,0.32,0.31,0.33,1000000.0,1000000.0,0,0,43,2026-02-04 12:58:48.890996
RTM1C48,3.07,3.06,3.08,1000000.0,1000000.0,0,0,43,2026-02-04 12:58:48.890996
RTM1P48,0.55,0.54,0.56,1000000.0,1000000.0,0,0,43,2026-02-04 12:58:48.890996
RTM1C49,2.38,2.37,2.39,1000000.0,1000000.0,0,0,43,2026-02-04 12:58:48.890996
RTM1P49,0.86,0.85,0.87,1000000.0,1000000.0,0,0,43,2026-02-04 12:58:48.890996
RTM1C50,1.84,1.83,1.85,1000000.0,1000000.0,0,0,43,2026-02-04 12:58:48.890996
RTM1P50,1.33,1.32,1.34,1000000.0,1000000.0,0,0,43,2026-02-04 12:58:48.890996
RTM1C51,1.36,1.35,1.37,1000000.0,1000000.0,0,0,43,2026-02-04 12:58:48.890996
RTM1P51,1.84,1.83,1.85,1000000.0,1000000.0,0,0,43,2026-02-04 12:58:48.890996
RTM1C52,0.92,0.91,0.93,1000000.0,1000000.0,0,0,43,2026-02-04 12:58:48.890996
RTM1P52,2.4,2.39,2.41,1000000.0,1000000.0,0,0,43,2026-02-04 12:58:48.890996
RTM1C53,0.66,0.65,0.67,1000000.0,1000000.0,0,0,43,2026-02-04 12:58:48.890996
RTM1P53,3.14,3.13,3.15,1000000.0,1000000.0,0,0,43,2026-02-04 12:58:48.890996
RTM1C54,0.43,0.42,0.44,1000000.0,1000000.0,0,0,43,2026-02-04 12:58:48.890996
RTM1P54,3.91,3.9,3.92,1000000.0,1000000.0,0,0,43,2026-02-04 12:58:48.890996
RTM,50.66,50.65,50.67,100000000.0,100000000.0,0,0,44,2026-02-04 12:58:49.933984
RTM1C45,5.76,5.75,5.77,1000000.0,1000000.0,0,0,44,2026-02-04 12:58:49.933984
RTM1P45,0.1,0.09,0.11,1000000.0,1000000.0,0,0,44,2026-02-04 12:58:49.933984
RTM1C46,4.85,4.84,4.86,1000000.0,1000000.0,0,0,44,2026-02-04 12:58:49.933984
RTM1P46,0.19,0.18,0.2,1000000.0,1000000.0,0,0,44,2026-02-04 12:58:49.933984
RTM1C47,3.97,3.96,3.98,1000000.0,1000000.0,0,0,44,2026-02-04 12:58:49.933984
RTM1P47,0.3,0.29,0.31,1000000.0,1000000.0,0,0,44,2026-02-04 12:58:49.933984
RTM1C48,3.19,3.18,3.2,1000000.0,1000000.0,0,0,44,2026-02-04 12:58:49.933984
RTM1P48,0.53,0.52,0.54,1000000.0,1000000.0,0,0,44,2026-02-04 12:58:49.933984
RTM1C49,2.49,2.48,2.5,1000000.0,1000000.0,0,0,44,2026-02-04 12:58:49.933984
RTM1P49,0.83,0.82,0.84,1000000.0,1000000.0,0,0,44,2026-02-04 12:58:49.933984
RTM1C50,1.93,1.92,1.94,1000000.0,1000000.0,0,0,44,2026-02-04 12:58:49.933984
RTM1P50,1.27,1.26,1.28,1000000.0,1000000.0,0,0,44,2026-02-04 12:58:49.933984
RTM1C51,1.44,1.43,1.45,1000000.0,1000000.0,0,0,44,2026-02-04 12:58:49.933984
RTM1P51,1.77,1.77,1.79,1000000.0,1000000.0,0,0,44,2026-02-04 12:58:49.933984
RTM1C52,0.99,0.98,1.0,1000000.0,1000000.0,0,0,44,2026-02-04 12:58:49.933984
RTM1P52,2.32,2.31,2.33,1000000.0,1000000.0,0,0,44,2026-02-04 12:58:49.933984
RTM1C53,0.72,0.71,0.73,1000000.0,1000000.0,0,0,44,2026-02-04 12:58:49.933984
RTM1P53,3.06,3.05,3.07,1000000.0,1000000.0,0,0,44,2026-02-04 12:58:49.933984
RTM1C54,0.46,0.45,0.47,1000000.0,1000000.0,0,0,44,2026-02-04 12:58:49.933984
RTM1P54,3.8,3.79,3.81,1000000.0,1000000.0,0,0,44,2026-02-04 12:58:49.933984
RTM,50.64,50.63,50.65,100000000.0,100000000.0,0,0,45,2026-02-04 12:58:51.013561
RTM1C45,5.73,5.72,5.74,1000000.0,1000000.0,0,0,45,2026-02-04 12:58:51.013561
RTM1P45,0.09,0.08,0.1,1000000.0,1000000.0,0,0,45,2026-02-04 12:58:51.013561
RTM1C46,4.83,4.82,4.84,1000000.0,1000000.0,0,0,45,2026-02-04 12:58:51.013561
RTM1P46,0.19,0.18,0.2,1000000.0,1000000.0,0,0,45,2026-02-04 12:58:51.013561
RTM1C47,3.98,3.97,3.99,1000000.0,1000000.0,0,0,45,2026-02-04 12:58:51.013561
RTM1P47,0.34,0.33,0.35,1000000.0,1000000.0,0,0,45,2026-02-04 12:58:51.013561
RTM1C48,3.22,3.21,3.23,1000000.0,1000000.0,0,0,45,2026-02-04 12:58:51.013561
RTM1P48,0.58,0.57,0.59,1000000.0,1000000.0,0,0,45,2026-02-04 12:58:51.013561
RTM1C49,2.5,2.49,2.51,1000000.0,1000000.0,0,0,45,2026-02-04 12:58:51.013561
RTM1P49,0.86,0.85,0.87,1000000.0,1000000.0,0,0,45,2026-02-04 12:58:51.013561
RTM1C50,1.88,1.87,1.89,1000000.0,1000000.0,0,0,45,2026-02-04 12:58:51.013561
RTM1P50,1.25,1.24,1.26,1000000.0,1000000.0,0,0,45,2026-02-04 12:58:51.013561
RTM1C51,1.39,1.38,1.4,1000000.0,1000000.0,0,0,45,2026-02-04 12:58:51.013561
RTM1P51,1.74,1.74,1.76,1000000.0,1000000.0,0,0,45,2026-02-04 12:58:51.013561
RTM1C52,0.99,0.98,1.0,1000000.0,1000000.0,0,0,45,2026-02-04 12:58:51.013561
RTM1P52,2.35,2.34,2.36,1000000.0,1000000.0,0,0,45,2026-02-04 12:58:51.013561
RTM1C53,0.68,0.67,0.69,1000000.0,1000000.0,0,0,45,2026-02-04 12:58:51.013561
RTM1P53,3.04,3.03,3.05,1000000.0,1000000.0,0,0,45,2026-02-04 12:58:51.013561
RTM1C54,0.47,0.46,0.48,1000000.0,1000000.0,0,0,45,2026-02-04 12:58:51.013561
RTM1P54,3.83,3.82,3.84,1000000.0,1000000.0,0,0,45,2026-02-04 12:58:51.013561
RTM,50.85,50.85,50.87,100000000.0,100000000.0,0,0,46,2026-02-04 12:58:52.094252
RTM1C45,5.95,5.94,5.96,1000000.0,1000000.0,0,0,46,2026-02-04 12:58:52.094252
RTM1P45,0.09,0.08,0.1,1000000.0,1000000.0,0,0,46,2026-02-04 12:58:52.094252
RTM1C46,5.05,5.04,5.06,1000000.0,1000000.0,0,0,46,2026-02-04 12:58:52.094252
RTM1P46,0.19,0.18,0.2,1000000.0,1000000.0,0,0,46,2026-02-04 12:58:52.094252
RTM1C47,4.16,4.15,4.17,1000000.0,1000000.0,0,0,46,2026-02-04 12:58:52.094252
RTM1P47,0.3,0.29,0.31,1000000.0,1000000.0,0,0,46,2026-02-04 12:58:52.094252
RTM1C48,3.39,3.38,3.4,1000000.0,1000000.0,0,0,46,2026-02-04 12:58:52.094252
RTM1P48,0.53,0.52,0.54,1000000.0,1000000.0,0,0,46,2026-02-04 12:58:52.094252
RTM1C49,2.68,2.67,2.69,1000000.0,1000000.0,0,0,46,2026-02-04 12:58:52.094252
RTM1P49,0.82,0.81,0.83,1000000.0,1000000.0,0,0,46,2026-02-04 12:58:52.094252
RTM1C50,2.04,2.03,2.05,1000000.0,1000000.0,0,0,46,2026-02-04 12:58:52.094252
RTM1P50,1.18,1.17,1.19,1000000.0,1000000.0,0,0,46,2026-02-04 12:58:52.094252
RTM1C51,1.51,1.5,1.52,1000000.0,1000000.0,0,0,46,2026-02-04 12:58:52.094252
RTM1P51,1.65,1.64,1.66,1000000.0,1000000.0,0,0,46,2026-02-04 12:58:52.094252
RTM1C52,1.08,1.07,1.09,1000000.0,1000000.0,0,0,46,2026-02-04 12:58:52.094252
RTM1P52,2.22,2.21,2.23,1000000.0,1000000.0,0,0,46,2026-02-04 12:58:52.094252
RTM1C53,0.77,0.76,0.78,1000000.0,1000000.0,0,0,46,2026-02-04 12:58:52.094252
RTM1P53,2.91,2.9,2.92,1000000.0,1000000.0,0,0,46,2026-02-04 12:58:52.094252
RTM1C54,0.51,0.5,0.52,1000000.0,1000000.0,0,0,46,2026-02-04 12:58:52.094252
RTM1P54,3.65,3.64,3.66,1000000.0,1000000.0,0,0,46,2026-02-04 12:58:52.094252
RTM,51.01,51.01,51.03,100000000.0,100000000.0,0,0,47,2026-02-04 12:58:53.141054
RTM1C45,6.1,6.09,6.11,1000000.0,1000000.0,0,0,47,2026-02-04 12:58:53.141054
RTM1P45,0.08,0.07,0.09,1000000.0,1000000.0,0,0,47,2026-02-04 12:58:53.141054
RTM1C46,5.2,5.19,5.21,1000000.0,1000000.0,0,0,47,2026-02-04 12:58:53.141054
RTM1P46,0.17,0.16,0.18,1000000.0,1000000.0,0,0,47,2026-02-04 12:58:53.141054
RTM1C47,4.31,4.3,4.32,1000000.0,1000000.0,0,0,47,2026-02-04 12:58:53.141054
RTM1P47,0.28,0.27,0.29,1000000.0,1000000.0,0,0,47,2026-02-04 12:58:53.141054
RTM1C48,3.51,3.5,3.52,1000000.0,1000000.0,0,0,47,2026-02-04 12:58:53.141054
RTM1P48,0.49,0.48,0.5,1000000.0,1000000.0,0,0,47,2026-02-04 12:58:53.141054
RTM1C49,2.77,2.76,2.78,1000000.0,1000000.0,0,0,47,2026-02-04 12:58:53.141054
RTM1P49,0.75,0.74,0.76,1000000.0,1000000.0,0,0,47,2026-02-04 12:58:53.141054
RTM1C50,2.1,2.09,2.11,1000000.0,1000000.0,0,0,47,2026-02-04 12:58:53.141054
RTM1P50,1.08,1.07,1.09,1000000.0,1000000.0,0,0,47,2026-02-04 12:58:53.141054
RTM1C51,1.63,1.62,1.64,1000000.0,1000000.0,0,0,47,2026-02-04 12:58:53.141054
RTM1P51,1.61,1.6,1.62,1000000.0,1000000.0,0,0,47,2026-02-04 12:58:53.141054
RTM1C52,1.14,1.13,1.15,1000000.0,1000000.0,0,0,47,2026-02-04 12:58:53.141054
RTM1P52,2.12,2.11,2.13,1000000.0,1000000.0,0,0,47,2026-02-04 12:58:53.141054
RTM1C53,0.82,0.81,0.83,1000000.0,1000000.0,0,0,47,2026-02-04 12:58:53.141054
RTM1P53,2.8,2.79,2.81,1000000.0,1000000.0,0,0,47,2026-02-04 12:58:53.141054
RTM1C54,0.58,0.57,0.59,1000000.0,1000000.0,0,0,47,2026-02-04 12:58:53.141054
RTM1P54,3.56,3.55,3.57,1000000.0,1000000.0,0,0,47,2026-02-04 12:58:53.141054
RTM,50.93,50.92,50.94,100000000.0,100000000.0,0,0,48,2026-02-04 12:58:53.689568
RTM1C45,6.02,6.01,6.03,1000000.0,1000000.0,0,0,48,2026-02-04 12:58:53.689568
RTM1P45,0.09,0.08,0.1,1000000.0,1000000.0,0,0,48,2026-02-04 12:58:53.689568
RTM1C46,5.11,5.1,5.12,1000000.0,1000000.0,0,0,48,2026-02-04 12:58:53.689568
RTM1P46,0.19,0.18,0.2,1000000.0,1000000.0,0,0,48,2026-02-04 12:58:53.689568
RTM1C47,4.24,4.23,4.25,1000000.0,1000000.0,0,0,48,2026-02-04 12:58:53.689568
RTM1P47,0.31,0.3,0.32,1000000.0,1000000.0,0,0,48,2026-02-04 12:58:53.689568
RTM1C48,3.45,3.44,3.46,1000000.0,1000000.0,0,0,48,2026-02-04 12:58:53.689568
RTM1P48,0.52,0.51,0.53,1000000.0,1000000.0,0,0,48,2026-02-04 12:58:53.689568
RTM1C49,2.72,2.71,2.73,1000000.0,1000000.0,0,0,48,2026-02-04 12:58:53.689568
RTM1P49,0.79,0.78,0.8,1000000.0,1000000.0,0,0,48,2026-02-04 12:58:53.689568
RTM1C50,2.06,2.05,2.07,1000000.0,1000000.0,0,0,48,2026-02-04 12:58:53.689568
RTM1P50,1.13,1.12,1.14,1000000.0,1000000.0,0,0,48,2026-02-04 12:58:53.689568
RTM1C51,1.57,1.56,1.58,1000000.0,1000000.0,0,0,48,2026-02-04 12:58:53.689568
RTM1P51,1.64,1.63,1.65,1000000.0,1000000.0,0,0,48,2026-02-04 12:58:53.689568
RTM1C52,1.11,1.1,1.12,1000000.0,1000000.0,0,0,48,2026-02-04 12:58:53.689568
RTM1P52,2.18,2.17,2.19,1000000.0,1000000.0,0,0,48,2026-02-04 12:58:53.689568
RTM1C53,0.8,0.79,0.81,1000000.0,1000000.0,0,0,48,2026-02-04 12:58:53.689568
RTM1P53,2.88,2.87,2.89,1000000.0,1000000.0,0,0,48,2026-02-04 12:58:53.689568
RTM1C54,0.55,0.54,0.56,1000000.0,1000000.0,0,0,48,2026-02-04 12:58:53.689568
RTM1P54,3.63,3.62,3.64,1000000.0,1000000.0,0,0,48,2026-02-04 12:58:53.689568
RTM,51.44,51.43,51.45,100000000.0,100000000.0,0,0,49,2026-02-04 12:58:54.761376
RTM1C45,6.51,6.5,6.52,1000000.0,1000000.0,0,0,49,2026-02-04 12:58:54.761376
RTM1P45,0.07,0.06,0.08,1000000.0,1000000.0,0,0,49,2026-02-04 12:58:54.761376
RTM1C46,5.58,5.57,5.59,1000000.0,1000000.0,0,0,49,2026-02-04 12:58:54.761376
RTM1P46,0.14,0.13,0.15,1000000.0,1000000.0,0,0,49,2026-02-04 12:58:54.761376
RTM1C47,4.69,4.68,4.7,1000000.0,1000000.0,0,0,49,2026-02-04 12:58:54.761376
RTM1P47,0.25,0.24,0.26,1000000.0,1000000.0,0,0,49,2026-02-04 12:58:54.761376
RTM1C48,3.84,3.83,3.85,1000000.0,1000000.0,0,0,49,2026-02-04 12:58:54.761376
RTM1P48,0.4,0.39,0.41,1000000.0,1000000.0,0,0,49,2026-02-04 12:58:54.761376
RTM1C49,3.1,3.09,3.11,1000000.0,1000000.0,0,0,49,2026-02-04 12:58:54.761376
RTM1P49,0.66,0.65,0.67,1000000.0,1000000.0,0,0,49,2026-02-04 12:58:54.761376
RTM1C50,2.41,2.4,2.42,1000000.0,1000000.0,0,0,49,2026-02-04 12:58:54.761376
RTM1P50,0.97,0.96,0.98,1000000.0,1000000.0,0,0,49,2026-02-04 12:58:54.761376
RTM1C51,1.86,1.85,1.87,1000000.0,1000000.0,0,0,49,2026-02-04 12:58:54.761376
RTM1P51,1.42,1.41,1.43,1000000.0,1000000.0,0,0,49,2026-02-04 12:58:54.761376
RTM1C52,1.35,1.34,1.36,1000000.0,1000000.0,0,0,49,2026-02-04 12:58:54.761376
RTM1P52,1.91,1.9,1.92,1000000.0,1000000.0,0,0,49,2026-02-04 12:58:54.761376
RTM1C53,0.98,0.97,0.99,1000000.0,1000000.0,0,0,49,2026-02-04 12:58:54.761376
RTM1P53,2.54,2.53,2.55,1000000.0,1000000.0,0,0,49,2026-02-04 12:58:54.761376
RTM1C54,0.7,0.69,0.71,1000000.0,1000000.0,0,0,49,2026-02-04 12:58:54.761376
RTM1P54,3.26,3.25,3.27,1000000.0,1000000.0,0,0,49,2026-02-04 12:58:54.761376
RTM,52.03,52.02,52.04,100000000.0,100000000.0,0,0,50,2026-02-04 12:58:55.825679
RTM1C45,7.08,7.07,7.09,1000000.0,1000000.0,0,0,50,2026-02-04 12:58:55.825679
RTM1P45,0.05,0.04,0.06,1000000.0,1000000.0,0,0,50,2026-02-04 12:58:55.825679
RTM1C46,6.14,6.13,6.15,1000000.0,1000000.0,0,0,50,2026-02-04 12:58:55.825679
RTM1P46,0.1,0.09,0.11,1000000.0,1000000.0,0,0,50,2026-02-04 12:58:55.825679
RTM1C47,5.21,5.2,5.22,1000000.0,1000000.0,0,0,50,2026-02-04 12:58:55.825679
RTM1P47,0.18,0.17,0.19,1000000.0,1000000.0,0,0,50,2026-02-04 12:58:55.825679
RTM1C48,4.35,4.34,4.36,1000000.0,1000000.0,0,0,50,2026-02-04 12:58:55.825679
RTM1P48,0.32,0.31,0.33,1000000.0,1000000.0,0,0,50,2026-02-04 12:58:55.825679
RTM1C49,3.56,3.55,3.57,1000000.0,1000000.0,0,0,50,2026-02-04 12:58:55.825679
RTM1P49,0.53,0.52,0.54,1000000.0,1000000.0,0,0,50,2026-02-04 12:58:55.825679
RTM1C50,2.81,2.8,2.82,1000000.0,1000000.0,0,0,50,2026-02-04 12:58:55.825679
RTM1P50,0.78,0.77,0.79,1000000.0,1000000.0,0,0,50,2026-02-04 12:58:55.825679
RTM1C51,2.2,2.19,2.21,1000000.0,1000000.0,0,0,50,2026-02-04 12:58:55.825679
RTM1P51,1.16,1.15,1.17,1000000.0,1000000.0,0,0,50,2026-02-04 12:58:55.825679
RTM1C52,1.65,1.64,1.66,1000000.0,1000000.0,0,0,50,2026-02-04 12:58:55.825679
RTM1P52,1.62,1.61,1.63,1000000.0,1000000.0,0,0,50,2026-02-04 12:58:55.825679
RTM1C53,1.23,1.22,1.24,1000000.0,1000000.0,0,0,50,2026-02-04 12:58:55.825679
RTM1P53,2.19,2.18,2.2,1000000.0,1000000.0,0,0,50,2026-02-04 12:58:55.825679
RTM1C54,0.88,0.87,0.89,1000000.0,1000000.0,0,0,50,2026-02-04 12:58:55.825679
RTM1P54,2.85,2.84,2.86,1000000.0,1000000.0,0,0,50,2026-02-04 12:58:55.825679
RTM,51.57,51.56,51.58,100000000.0,100000000.0,0,0,51,2026-02-04 12:58:56.893710
RTM1C45,6.65,6.63,6.65,1000000.0,1000000.0,0,0,51,2026-02-04 12:58:56.893710
RTM1P45,0.07,0.06,0.08,1000000.0,1000000.0,0,0,51,2026-02-04 12:58:56.893710
RTM1C46,5.7,5.69,5.71,1000000.0,1000000.0,0,0,51,2026-02-04 12:58:56.893710
RTM1P46,0.13,0.12,0.14,1000000.0,1000000.0,0,0,51,2026-02-04 12:58:56.893710
RTM1C47,4.8,4.79,4.81,1000000.0,1000000.0,0,0,51,2026-02-04 12:58:56.893710
RTM1P47,0.23,0.22,0.24,1000000.0,1000000.0,0,0,51,2026-02-04 12:58:56.893710
RTM1C48,3.96,3.95,3.97,1000000.0,1000000.0,0,0,51,2026-02-04 12:58:56.893710
RTM1P48,0.39,0.38,0.4,1000000.0,1000000.0,0,0,51,2026-02-04 12:58:56.893710
RTM1C49,3.21,3.2,3.22,1000000.0,1000000.0,0,0,51,2026-02-04 12:58:56.893710
RTM1P49,0.63,0.62,0.64,1000000.0,1000000.0,0,0,51,2026-02-04 12:58:56.893710
RTM1C50,2.52,2.51,2.53,1000000.0,1000000.0,0,0,51,2026-02-04 12:58:56.893710
RTM1P50,0.95,0.94,0.96,1000000.0,1000000.0,0,0,51,2026-02-04 12:58:56.893710
RTM1C51,1.94,1.93,1.95,1000000.0,1000000.0,0,0,51,2026-02-04 12:58:56.893710
RTM1P51,1.37,1.36,1.38,1000000.0,1000000.0,0,0,51,2026-02-04 12:58:56.893710
RTM1C52,1.45,1.44,1.46,1000000.0,1000000.0,0,0,51,2026-02-04 12:58:56.893710
RTM1P52,1.88,1.87,1.89,1000000.0,1000000.0,0,0,51,2026-02-04 12:58:56.893710
RTM1C53,1.05,1.04,1.06,1000000.0,1000000.0,0,0,51,2026-02-04 12:58:56.893710
RTM1P53,2.47,2.46,2.48,1000000.0,1000000.0,0,0,51,2026-02-04 12:58:56.893710
RTM1C54,0.74,0.73,0.75,1000000.0,1000000.0,0,0,51,2026-02-04 12:58:56.893710
RTM1P54,3.17,3.16,3.18,1000000.0,1000000.0,0,0,51,2026-02-04 12:58:56.893710
RTM,51.55,51.54,51.56,100000000.0,100000000.0,0,0,52,2026-02-04 12:58:57.963861
RTM1C45,6.62,6.61,6.63,1000000.0,1000000.0,0,0,52,2026-02-04 12:58:57.963861
RTM1P45,0.07,0.06,0.08,1000000.0,1000000.0,0,0,52,2026-02-04 12:58:57.963861
RTM1C46,5.69,5.68,5.7,1000000.0,1000000.0,0,0,52,2026-02-04 12:58:57.963861
RTM1P46,0.13,0.12,0.14,1000000.0,1000000.0,0,0,52,2026-02-04 12:58:57.963861
RTM1C47,4.79,4.78,4.8,1000000.0,1000000.0,0,0,52,2026-02-04 12:58:57.963861
RTM1P47,0.24,0.23,0.25,1000000.0,1000000.0,0,0,52,2026-02-04 12:58:57.963861
RTM1C48,3.96,3.95,3.97,1000000.0,1000000.0,0,0,52,2026-02-04 12:58:57.963861
RTM1P48,0.41,0.4,0.42,1000000.0,1000000.0,0,0,52,2026-02-04 12:58:57.963861
RTM1C49,3.2,3.19,3.21,1000000.0,1000000.0,0,0,52,2026-02-04 12:58:57.963861
RTM1P49,0.65,0.64,0.66,1000000.0,1000000.0,0,0,52,2026-02-04 12:58:57.963861
RTM1C50,2.51,2.5,2.52,1000000.0,1000000.0,0,0,52,2026-02-04 12:58:57.963861
RTM1P50,0.95,0.94,0.96,1000000.0,1000000.0,0,0,52,2026-02-04 12:58:57.963861
RTM1C51,1.92,1.91,1.93,1000000.0,1000000.0,0,0,52,2026-02-04 12:58:57.963861
RTM1P51,1.37,1.36,1.38,1000000.0,1000000.0,0,0,52,2026-02-04 12:58:57.963861
RTM1C52,1.44,1.43,1.45,1000000.0,1000000.0,0,0,52,2026-02-04 12:58:57.963861
RTM1P52,1.89,1.88,1.9,1000000.0,1000000.0,0,0,52,2026-02-04 12:58:57.963861
RTM1C53,1.04,1.03,1.05,1000000.0,1000000.0,0,0,52,2026-02-04 12:58:57.963861
RTM1P53,2.49,2.48,2.5,1000000.0,1000000.0,0,0,52,2026-02-04 12:58:57.963861
RTM1C54,0.74,0.73,0.75,1000000.0,1000000.0,0,0,52,2026-02-04 12:58:57.963861
RTM1P54,3.19,3.18,3.2,1000000.0,1000000.0,0,0,52,2026-02-04 12:58:57.963861
RTM,51.69,51.68,51.7,100000000.0,100000000.0,0,0,53,2026-02-04 12:58:59.021933
RTM1C45,6.75,6.74,6.76,1000000.0,1000000.0,0,0,53,2026-02-04 12:58:59.021933
RTM1P45,0.07,0.06,0.08,1000000.0,1000000.0,0,0,53,2026-02-04 12:58:59.021933
RTM1C46,5.81,5.8,5.82,1000000.0,1000000.0,0,0,53,2026-02-04 12:58:59.021933
RTM1P46,0.13,0.12,0.14,1000000.0,1000000.0,0,0,53,2026-02-04 12:58:59.021933
RTM1C47,4.91,4.9,4.92,1000000.0,1000000.0,0,0,53,2026-02-04 12:58:59.021933
RTM1P47,0.23,0.22,0.24,1000000.0,1000000.0,0,0,53,2026-02-04 12:58:59.021933
RTM1C48,4.08,4.07,4.09,1000000.0,1000000.0,0,0,53,2026-02-04 12:58:59.021933
RTM1P48,0.39,0.38,0.4,1000000.0,1000000.0,0,0,53,2026-02-04 12:58:59.021933
RTM1C49,3.3,3.29,3.31,1000000.0,1000000.0,0,0,53,2026-02-04 12:58:59.021933
RTM1P49,0.62,0.61,0.63,1000000.0,1000000.0,0,0,53,2026-02-04 12:58:59.021933
RTM1C50,2.61,2.6,2.62,1000000.0,1000000.0,0,0,53,2026-02-04 12:58:59.021933
RTM1P50,0.92,0.91,0.93,1000000.0,1000000.0,0,0,53,2026-02-04 12:58:59.021933
RTM1C51,2.01,2.0,2.02,1000000.0,1000000.0,0,0,53,2026-02-04 12:58:59.021933
RTM1P51,1.32,1.31,1.33,1000000.0,1000000.0,0,0,53,2026-02-04 12:58:59.021933
RTM1C52,1.49,1.48,1.5,1000000.0,1000000.0,0,0,53,2026-02-04 12:58:59.021933
RTM1P52,1.8,1.79,1.81,1000000.0,1000000.0,0,0,53,2026-02-04 12:58:59.021933
RTM1C53,1.1,1.09,1.11,1000000.0,1000000.0,0,0,53,2026-02-04 12:58:59.021933
RTM1P53,2.42,2.41,2.43,1000000.0,1000000.0,0,0,53,2026-02-04 12:58:59.021933
RTM1C54,0.8,0.79,0.81,1000000.0,1000000.0,0,0,53,2026-02-04 12:58:59.021933
RTM1P54,3.11,3.1,3.12,1000000.0,1000000.0,0,0,53,2026-02-04 12:58:59.021933
RTM,51.99,51.98,52.0,100000000.0,100000000.0,0,0,54,2026-02-04 12:59:00.082690
RTM1C45,7.05,7.04,7.06,1000000.0,1000000.0,0,0,54,2026-02-04 12:59:00.082690
RTM1P45,0.05,0.04,0.06,1000000.0,1000000.0,0,0,54,2026-02-04 12:59:00.082690
RTM1C46,6.1,6.09,6.11,1000000.0,1000000.0,0,0,54,2026-02-04 12:59:00.082690
RTM1P46,0.11,0.1,0.12,1000000.0,1000000.0,0,0,54,2026-02-04 12:59:00.082690
RTM1C47,5.2,5.19,5.21,1000000.0,1000000.0,0,0,54,2026-02-04 12:59:00.082690
RTM1P47,0.2,0.19,0.21,1000000.0,1000000.0,0,0,54,2026-02-04 12:59:00.082690
RTM1C48,4.34,4.33,4.35,1000000.0,1000000.0,0,0,54,2026-02-04 12:59:00.082690
RTM1P48,0.35,0.34,0.36,1000000.0,1000000.0,0,0,54,2026-02-04 12:59:00.082690
RTM1C49,3.54,3.54,3.56,1000000.0,1000000.0,0,0,54,2026-02-04 12:59:00.082690
RTM1P49,0.55,0.55,0.57,1000000.0,1000000.0,0,0,54,2026-02-04 12:59:00.082690
RTM1C50,2.81,2.81,2.83,1000000.0,1000000.0,0,0,54,2026-02-04 12:59:00.082690
RTM1P50,0.82,0.82,0.84,1000000.0,1000000.0,0,0,54,2026-02-04 12:59:00.082690
RTM1C51,2.19,2.18,2.2,1000000.0,1000000.0,0,0,54,2026-02-04 12:59:00.082690
RTM1P51,1.2,1.19,1.21,1000000.0,1000000.0,0,0,54,2026-02-04 12:59:00.082690
RTM1C52,1.67,1.66,1.68,1000000.0,1000000.0,0,0,54,2026-02-04 12:59:00.082690
RTM1P52,1.68,1.67,1.69,1000000.0,1000000.0,0,0,54,2026-02-04 12:59:00.082690
RTM1C53,1.23,1.22,1.24,1000000.0,1000000.0,0,0,54,2026-02-04 12:59:00.082690
RTM1P53,2.23,2.22,2.24,1000000.0,1000000.0,0,0,54,2026-02-04 12:59:00.082690
RTM1C54,0.88,0.87,0.89,1000000.0,1000000.0,0,0,54,2026-02-04 12:59:00.082690
RTM1P54,2.89,2.88,2.9,1000000.0,1000000.0,0,0,54,2026-02-04 12:59:00.082690
RTM,51.5,51.49,51.51,100000000.0,100000000.0,0,0,55,2026-02-04 12:59:01.166853
RTM1C45,6.57,6.56,6.58,1000000.0,1000000.0,0,0,55,2026-02-04 12:59:01.166853
RTM1P45,0.07,0.06,0.08,1000000.0,1000000.0,0,0,55,2026-02-04 12:59:01.166853
RTM1C46,5.64,5.63,5.65,1000000.0,1000000.0,0,0,55,2026-02-04 12:59:01.166853
RTM1P46,0.14,0.13,0.15,1000000.0,1000000.0,0,0,55,2026-02-04 12:59:01.166853
RTM1C47,4.77,4.76,4.78,1000000.0,1000000.0,0,0,55,2026-02-04 12:59:01.166853
RTM1P47,0.26,0.25,0.27,1000000.0,1000000.0,0,0,55,2026-02-04 12:59:01.166853
RTM1C48,3.95,3.94,3.96,1000000.0,1000000.0,0,0,55,2026-02-04 12:59:01.166853
RTM1P48,0.45,0.44,0.46,1000000.0,1000000.0,0,0,55,2026-02-04 12:59:01.166853
RTM1C49,3.2,3.19,3.21,1000000.0,1000000.0,0,0,55,2026-02-04 12:59:01.166853
RTM1P49,0.7,0.69,0.71,1000000.0,1000000.0,0,0,55,2026-02-04 12:59:01.166853
RTM1C50,2.49,2.48,2.5,1000000.0,1000000.0,0,0,55,2026-02-04 12:59:01.166853
RTM1P50,0.98,0.97,0.99,1000000.0,1000000.0,0,0,55,2026-02-04 12:59:01.166853
RTM1C51,1.86,1.85,1.87,1000000.0,1000000.0,0,0,55,2026-02-04 12:59:01.166853
RTM1P51,1.36,1.35,1.37,1000000.0,1000000.0,0,0,55,2026-02-04 12:59:01.166853
RTM1C52,1.46,1.45,1.47,1000000.0,1000000.0,0,0,55,2026-02-04 12:59:01.166853
RTM1P52,1.96,1.95,1.97,1000000.0,1000000.0,0,0,55,2026-02-04 12:59:01.166853
RTM1C53,1.03,1.02,1.04,1000000.0,1000000.0,0,0,55,2026-02-04 12:59:01.166853
RTM1P53,2.52,2.51,2.53,1000000.0,1000000.0,0,0,55,2026-02-04 12:59:01.166853
RTM1C54,0.76,0.75,0.77,1000000.0,1000000.0,0,0,55,2026-02-04 12:59:01.166853
RTM1P54,3.26,3.25,3.27,1000000.0,1000000.0,0,0,55,2026-02-04 12:59:01.166853
RTM,51.31,51.3,51.32,100000000.0,100000000.0,0,0,56,2026-02-04 12:59:01.730590
RTM1C45,6.39,6.38,6.4,1000000.0,1000000.0,0,0,56,2026-02-04 12:59:01.730590
RTM1P45,0.09,0.08,0.1,1000000.0,1000000.0,0,0,56,2026-02-04 12:59:01.730590
RTM1C46,5.45,5.44,5.46,1000000.0,1000000.0,0,0,56,2026-02-04 12:59:01.730590
RTM1P46,0.15,0.14,0.16,1000000.0,1000000.0,0,0,56,2026-02-04 12:59:01.730590
RTM1C47,4.59,4.58,4.6,1000000.0,1000000.0,0,0,56,2026-02-04 12:59:01.730590
RTM1P47,0.28,0.27,0.29,1000000.0,1000000.0,0,0,56,2026-02-04 12:59:01.730590
RTM1C48,3.73,3.72,3.74,1000000.0,1000000.0,0,0,56,2026-02-04 12:59:01.730590
RTM1P48,0.42,0.41,0.43,1000000.0,1000000.0,0,0,56,2026-02-04 12:59:01.730590
RTM1C49,3.0,2.99,3.01,1000000.0,1000000.0,0,0,56,2026-02-04 12:59:01.730590
RTM1P49,0.7,0.69,0.71,1000000.0,1000000.0,0,0,56,2026-02-04 12:59:01.730590
RTM1C50,2.36,2.35,2.37,1000000.0,1000000.0,0,0,56,2026-02-04 12:59:01.730590
RTM1P50,1.06,1.05,1.07,1000000.0,1000000.0,0,0,56,2026-02-04 12:59:01.730590
RTM1C51,1.77,1.76,1.78,1000000.0,1000000.0,0,0,56,2026-02-04 12:59:01.730590
RTM1P51,1.46,1.45,1.47,1000000.0,1000000.0,0,0,56,2026-02-04 12:59:01.730590
RTM1C52,1.31,1.3,1.32,1000000.0,1000000.0,0,0,56,2026-02-04 12:59:01.730590
RTM1P52,2.0,1.99,2.01,1000000.0,1000000.0,0,0,56,2026-02-04 12:59:01.730590
RTM1C53,0.93,0.92,0.94,1000000.0,1000000.0,0,0,56,2026-02-04 12:59:01.730590
RTM1P53,2.62,2.61,2.63,1000000.0,1000000.0,0,0,56,2026-02-04 12:59:01.730590
RTM1C54,0.69,0.68,0.7,1000000.0,1000000.0,0,0,56,2026-02-04 12:59:01.730590
RTM1P54,3.38,3.37,3.39,1000000.0,1000000.0,0,0,56,2026-02-04 12:59:01.730590
RTM,51.46,51.45,51.47,100000000.0,100000000.0,0,0,57,2026-02-04 12:59:02.818708
RTM1C45,6.53,6.52,6.54,1000000.0,1000000.0,0,0,57,2026-02-04 12:59:02.818708
RTM1P45,0.08,0.07,0.09,1000000.0,1000000.0,0,0,57,2026-02-04 12:59:02.818708
RTM1C46,5.58,5.57,5.59,1000000.0,1000000.0,0,0,57,2026-02-04 12:59:02.818708
RTM1P46,0.13,0.12,0.14,1000000.0,1000000.0,0,0,57,2026-02-04 12:59:02.818708
RTM1C47,4.73,4.72,4.74,1000000.0,1000000.0,0,0,57,2026-02-04 12:59:02.818708
RTM1P47,0.27,0.26,0.28,1000000.0,1000000.0,0,0,57,2026-02-04 12:59:02.818708
RTM1C48,3.89,3.88,3.9,1000000.0,1000000.0,0,0,57,2026-02-04 12:59:02.818708
RTM1P48,0.44,0.43,0.45,1000000.0,1000000.0,0,0,57,2026-02-04 12:59:02.818708
RTM1C49,3.13,3.12,3.14,1000000.0,1000000.0,0,0,57,2026-02-04 12:59:02.818708
RTM1P49,0.67,0.66,0.68,1000000.0,1000000.0,0,0,57,2026-02-04 12:59:02.818708
RTM1C50,2.48,2.47,2.49,1000000.0,1000000.0,0,0,57,2026-02-04 12:59:02.818708
RTM1P50,1.03,1.02,1.04,1000000.0,1000000.0,0,0,57,2026-02-04 12:59:02.818708
RTM1C51,1.88,1.87,1.89,1000000.0,1000000.0,0,0,57,2026-02-04 12:59:02.818708
RTM1P51,1.42,1.41,1.43,1000000.0,1000000.0,0,0,57,2026-02-04 12:59:02.818708
RTM1C52,1.39,1.38,1.4,1000000.0,1000000.0,0,0,57,2026-02-04 12:59:02.818708
RTM1P52,1.94,1.93,1.95,1000000.0,1000000.0,0,0,57,2026-02-04 12:59:02.818708
RTM1C53,0.99,0.98,1.0,1000000.0,1000000.0,0,0,57,2026-02-04 12:59:02.818708
RTM1P53,2.53,2.52,2.54,1000000.0,1000000.0,0,0,57,2026-02-04 12:59:02.818708
RTM1C54,0.67,0.66,0.68,1000000.0,1000000.0,0,0,57,2026-02-04 12:59:02.818708
RTM1P54,3.21,3.2,3.22,1000000.0,1000000.0,0,0,57,2026-02-04 12:59:02.818708
RTM,51.53,51.52,51.54,100000000.0,100000000.0,0,0,58,2026-02-04 12:59:03.894570
RTM1C45,6.6,6.59,6.61,1000000.0,1000000.0,0,0,58,2026-02-04 12:59:03.894570
RTM1P45,0.08,0.07,0.09,1000000.0,1000000.0,0,0,58,2026-02-04 12:59:03.894570
RTM1C46,5.65,5.64,5.66,1000000.0,1000000.0,0,0,58,2026-02-04 12:59:03.894570
RTM1P46,0.12,0.11,0.13,1000000.0,1000000.0,0,0,58,2026-02-04 12:59:03.894570
RTM1C47,4.77,4.76,4.78,1000000.0,1000000.0,0,0,58,2026-02-04 12:59:03.894570
RTM1P47,0.25,0.24,0.26,1000000.0,1000000.0,0,0,58,2026-02-04 12:59:03.894570
RTM1C48,3.96,3.95,3.97,1000000.0,1000000.0,0,0,58,2026-02-04 12:59:03.894570
RTM1P48,0.43,0.42,0.44,1000000.0,1000000.0,0,0,58,2026-02-04 12:59:03.894570
RTM1C49,3.16,3.15,3.17,1000000.0,1000000.0,0,0,58,2026-02-04 12:59:03.894570
RTM1P49,0.63,0.62,0.64,1000000.0,1000000.0,0,0,58,2026-02-04 12:59:03.894570
RTM1C50,2.51,2.5,2.52,1000000.0,1000000.0,0,0,58,2026-02-04 12:59:03.894570
RTM1P50,0.98,0.97,0.99,1000000.0,1000000.0,0,0,58,2026-02-04 12:59:03.894570
RTM1C51,1.86,1.85,1.87,1000000.0,1000000.0,0,0,58,2026-02-04 12:59:03.894570
RTM1P51,1.33,1.32,1.34,1000000.0,1000000.0,0,0,58,2026-02-04 12:59:03.894570
RTM1C52,1.44,1.43,1.45,1000000.0,1000000.0,0,0,58,2026-02-04 12:59:03.894570
RTM1P52,1.92,1.91,1.93,1000000.0,1000000.0,0,0,58,2026-02-04 12:59:03.894570
RTM1C53,1.03,1.02,1.04,1000000.0,1000000.0,0,0,58,2026-02-04 12:59:03.894570
RTM1P53,2.51,2.5,2.52,1000000.0,1000000.0,0,0,58,2026-02-04 12:59:03.894570
RTM1C54,0.75,0.74,0.76,1000000.0,1000000.0,0,0,58,2026-02-04 12:59:03.894570
RTM1P54,3.22,3.21,3.23,1000000.0,1000000.0,0,0,58,2026-02-04 12:59:03.894570
RTM,51.44,51.43,51.45,100000000.0,100000000.0,0,0,59,2026-02-04 12:59:04.959581
RTM1C45,6.5,6.49,6.51,1000000.0,1000000.0,0,0,59,2026-02-04 12:59:04.959581
RTM1P45,0.06,0.05,0.07,1000000.0,1000000.0,0,0,59,2026-02-04 12:59:04.959581
RTM1C46,5.58,5.57,5.59,1000000.0,1000000.0,0,0,59,2026-02-04 12:59:04.959581
RTM1P46,0.14,0.13,0.15,1000000.0,1000000.0,0,0,59,2026-02-04 12:59:04.959581
RTM1C47,4.68,4.67,4.69,1000000.0,1000000.0,0,0,59,2026-02-04 12:59:04.959581
RTM1P47,0.24,0.23,0.25,1000000.0,1000000.0,0,0,59,2026-02-04 12:59:04.959581
RTM1C48,3.84,3.83,3.85,1000000.0,1000000.0,0,0,59,2026-02-04 12:59:04.959581
RTM1P48,0.4,0.39,0.41,1000000.0,1000000.0,0,0,59,2026-02-04 12:59:04.959581
RTM1C49,3.13,3.12,3.14,1000000.0,1000000.0,0,0,59,2026-02-04 12:59:04.959581
RTM1P49,0.69,0.68,0.7,1000000.0,1000000.0,0,0,59,2026-02-04 12:59:04.959581
RTM1C50,2.46,2.45,2.47,1000000.0,1000000.0,0,0,59,2026-02-04 12:59:04.959581
RTM1P50,1.03,1.02,1.04,1000000.0,1000000.0,0,0,59,2026-02-04 12:59:04.959581
RTM1C51,1.89,1.88,1.9,1000000.0,1000000.0,0,0,59,2026-02-04 12:59:04.959581
RTM1P51,1.46,1.45,1.47,1000000.0,1000000.0,0,0,59,2026-02-04 12:59:04.959581
RTM1C52,1.34,1.33,1.35,1000000.0,1000000.0,0,0,59,2026-02-04 12:59:04.959581
RTM1P52,1.91,1.9,1.92,1000000.0,1000000.0,0,0,59,2026-02-04 12:59:04.959581
RTM1C53,0.98,0.97,0.99,1000000.0,1000000.0,0,0,59,2026-02-04 12:59:04.959581
RTM1P53,2.55,2.54,2.56,1000000.0,1000000.0,0,0,59,2026-02-04 12:59:04.959581
RTM1C54,0.71,0.7,0.72,1000000.0,1000000.0,0,0,59,2026-02-04 12:59:04.959581
RTM1P54,3.28,3.27,3.29,1000000.0,1000000.0,0,0,59,2026-02-04 12:59:04.959581
RTM,51.74,51.73,51.75,100000000.0,100000000.0,0,0,60,2026-02-04 12:59:06.037140
RTM1C45,6.8,6.79,6.81,1000000.0,1000000.0,0,0,60,2026-02-04 12:59:06.037140
RTM1P45,0.06,0.05,0.07,1000000.0,1000000.0,0,0,60,2026-02-04 12:59:06.037140
RTM1C46,5.86,5.85,5.87,1000000.0,1000000.0,0,0,60,2026-02-04 12:59:06.037140
RTM1P46,0.12,0.11,0.13,1000000.0,1000000.0,0,0,60,2026-02-04 12:59:06.037140
RTM1C47,4.96,4.95,4.97,1000000.0,1000000.0,0,0,60,2026-02-04 12:59:06.037140
RTM1P47,0.22,0.21,0.23,1000000.0,1000000.0,0,0,60,2026-02-04 12:59:06.037140
RTM1C48,4.12,4.11,4.13,1000000.0,1000000.0,0,0,60,2026-02-04 12:59:06.037140
RTM1P48,0.38,0.37,0.39,1000000.0,1000000.0,0,0,60,2026-02-04 12:59:06.037140
RTM1C49,3.31,3.3,3.32,1000000.0,1000000.0,0,0,60,2026-02-04 12:59:06.037140
RTM1P49,0.56,0.55,0.57,1000000.0,1000000.0,0,0,60,2026-02-04 12:59:06.037140
RTM1C50,2.62,2.61,2.63,1000000.0,1000000.0,0,0,60,2026-02-04 12:59:06.037140
RTM1P50,0.88,0.87,0.89,1000000.0,1000000.0,0,0,60,2026-02-04 12:59:06.037140
RTM1C51,1.99,1.98,2.0,1000000.0,1000000.0,0,0,60,2026-02-04 12:59:06.037140
RTM1P51,1.25,1.24,1.26,1000000.0,1000000.0,0,0,60,2026-02-04 12:59:06.037140
RTM1C52,1.47,1.46,1.48,1000000.0,1000000.0,0,0,60,2026-02-04 12:59:06.037140
RTM1P52,1.73,1.72,1.74,1000000.0,1000000.0,0,0,60,2026-02-04 12:59:06.037140
RTM1C53,1.1,1.09,1.11,1000000.0,1000000.0,0,0,60,2026-02-04 12:59:06.037140
RTM1P53,2.36,2.35,2.37,1000000.0,1000000.0,0,0,60,2026-02-04 12:59:06.037140
RTM1C54,0.74,0.73,0.75,1000000.0,1000000.0,0,0,60,2026-02-04 12:59:06.037140
RTM1P54,3.0,2.99,3.01,1000000.0,1000000.0,0,0,60,2026-02-04 12:59:06.037140
RTM,52.05,52.04,52.06,100000000.0,100000000.0,0,0,61,2026-02-04 12:59:07.092963
RTM1C45,7.11,7.1,7.12,1000000.0,1000000.0,0,0,61,2026-02-04 12:59:07.092963
RTM1P45,0.05,0.04,0.06,1000000.0,1000000.0,0,0,61,2026-02-04 12:59:07.092963
RTM1C46,6.16,6.15,6.17,1000000.0,1000000.0,0,0,61,2026-02-04 12:59:07.092963
RTM1P46,0.1,0.09,0.11,1000000.0,1000000.0,0,0,61,2026-02-04 12:59:07.092963
RTM1C47,5.22,5.21,5.23,1000000.0,1000000.0,0,0,61,2026-02-04 12:59:07.092963
RTM1P47,0.17,0.16,0.18,1000000.0,1000000.0,0,0,61,2026-02-04 12:59:07.092963
RTM1C48,4.38,4.37,4.39,1000000.0,1000000.0,0,0,61,2026-02-04 12:59:07.092963
RTM1P48,0.33,0.32,0.34,1000000.0,1000000.0,0,0,61,2026-02-04 12:59:07.092963
RTM1C49,3.55,3.54,3.56,1000000.0,1000000.0,0,0,61,2026-02-04 12:59:07.092963
RTM1P49,0.49,0.48,0.5,1000000.0,1000000.0,0,0,61,2026-02-04 12:59:07.092963
RTM1C50,2.87,2.86,2.88,1000000.0,1000000.0,0,0,61,2026-02-04 12:59:07.092963
RTM1P50,0.82,0.81,0.83,1000000.0,1000000.0,0,0,61,2026-02-04 12:59:07.092963
RTM1C51,2.18,2.17,2.19,1000000.0,1000000.0,0,0,61,2026-02-04 12:59:07.092963
RTM1P51,1.12,1.11,1.13,1000000.0,1000000.0,0,0,61,2026-02-04 12:59:07.092963
RTM1C52,1.67,1.66,1.68,1000000.0,1000000.0,0,0,61,2026-02-04 12:59:07.092963
RTM1P52,1.62,1.61,1.63,1000000.0,1000000.0,0,0,61,2026-02-04 12:59:07.092963
RTM1C53,1.23,1.22,1.24,1000000.0,1000000.0,0,0,61,2026-02-04 12:59:07.092963
RTM1P53,2.17,2.16,2.18,1000000.0,1000000.0,0,0,61,2026-02-04 12:59:07.092963
RTM1C54,0.87,0.86,0.88,1000000.0,1000000.0,0,0,61,2026-02-04 12:59:07.092963
RTM1P54,2.81,2.8,2.82,1000000.0,1000000.0,0,0,61,2026-02-04 12:59:07.092963
RTM,52.55,52.54,52.56,100000000.0,100000000.0,0,0,62,2026-02-04 12:59:08.141929
RTM1C45,7.59,7.58,7.6,1000000.0,1000000.0,0,0,62,2026-02-04 12:59:08.141929
RTM1P45,0.04,0.03,0.05,1000000.0,1000000.0,0,0,62,2026-02-04 12:59:08.141929
RTM1C46,6.62,6.61,6.63,1000000.0,1000000.0,0,0,62,2026-02-04 12:59:08.141929
RTM1P46,0.07,0.06,0.08,1000000.0,1000000.0,0,0,62,2026-02-04 12:59:08.141929
RTM1C47,5.68,5.67,5.69,1000000.0,1000000.0,0,0,62,2026-02-04 12:59:08.141929
RTM1P47,0.13,0.12,0.14,1000000.0,1000000.0,0,0,62,2026-02-04 12:59:08.141929
RTM1C48,4.81,4.8,4.82,1000000.0,1000000.0,0,0,62,2026-02-04 12:59:08.141929
RTM1P48,0.26,0.25,0.27,1000000.0,1000000.0,0,0,62,2026-02-04 12:59:08.141929
RTM1C49,3.95,3.94,3.96,1000000.0,1000000.0,0,0,62,2026-02-04 12:59:08.141929
RTM1P49,0.4,0.39,0.41,1000000.0,1000000.0,0,0,62,2026-02-04 12:59:08.141929
RTM1C50,3.19,3.18,3.2,1000000.0,1000000.0,0,0,62,2026-02-04 12:59:08.141929
RTM1P50,0.64,0.63,0.65,1000000.0,1000000.0,0,0,62,2026-02-04 12:59:08.141929
RTM1C51,2.51,2.5,2.52,1000000.0,1000000.0,0,0,62,2026-02-04 12:59:08.141929
RTM1P51,0.96,0.95,0.97,1000000.0,1000000.0,0,0,62,2026-02-04 12:59:08.141929
RTM1C52,1.98,1.97,1.99,1000000.0,1000000.0,0,0,62,2026-02-04 12:59:08.141929
RTM1P52,1.42,1.41,1.43,1000000.0,1000000.0,0,0,62,2026-02-04 12:59:08.141929
RTM1C53,1.43,1.42,1.44,1000000.0,1000000.0,0,0,62,2026-02-04 12:59:08.141929
RTM1P53,1.87,1.86,1.88,1000000.0,1000000.0,0,0,62,2026-02-04 12:59:08.141929
RTM1C54,1.07,1.06,1.08,1000000.0,1000000.0,0,0,62,2026-02-04 12:59:08.141929
RTM1P54,2.52,2.51,2.53,1000000.0,1000000.0,0,0,62,2026-02-04 12:59:08.141929
RTM,52.39,52.38,52.4,100000000.0,100000000.0,0,0,63,2026-02-04 12:59:09.224696
RTM1C45,7.42,7.41,7.43,1000000.0,1000000.0,0,0,63,2026-02-04 12:59:09.224696
RTM1P45,0.04,0.03,0.05,1000000.0,1000000.0,0,0,63,2026-02-04 12:59:09.224696
RTM1C46,6.46,6.45,6.47,1000000.0,1000000.0,0,0,63,2026-02-04 12:59:09.224696
RTM1P46,0.07,0.06,0.08,1000000.0,1000000.0,0,0,63,2026-02-04 12:59:09.224696
RTM1C47,5.54,5.53,5.55,1000000.0,1000000.0,0,0,63,2026-02-04 12:59:09.224696
RTM1P47,0.15,0.14,0.16,1000000.0,1000000.0,0,0,63,2026-02-04 12:59:09.224696
RTM1C48,4.67,4.66,4.68,1000000.0,1000000.0,0,0,63,2026-02-04 12:59:09.224696
RTM1P48,0.28,0.27,0.29,1000000.0,1000000.0,0,0,63,2026-02-04 12:59:09.224696
