ticker,last_price,bid_price,ask_price,BUY_ANON,BUY_DUBL-1,SELL_GIOT-1,SELL_ANON,BUY_UEBR-3,BUY_GIOT-1,SELL_DUBL-1,BUY_UBCT-2,SELL_UBCT-2,SELL_UEBR-3,tick,timestamp
RTM,0.0,0.0,0.0,0,0,0,0,0,0,0,0,0,0,0,2026-02-05 10:07:19.648966
RTM1C45,0.0,0.0,0.0,0,0,0,0,0,0,0,0,0,0,0,2026-02-05 10:07:19.648966
RTM1P45,0.0,0.0,0.0,0,0,0,0,0,0,0,0,0,0,0,2026-02-05 10:07:19.648966
RTM1C46,0.0,0.0,0.0,0,0,0,0,0,0,0,0,0,0,0,2026-02-05 10:07:19.648966
RTM1P46,0.0,0.0,0.0,0,0,0,0,0,0,0,0,0,0,0,2026-02-05 10:07:19.648966
RTM1C47,0.0,0.0,0.0,0,0,0,0,0,0,0,0,0,0,0,2026-02-05 10:07:19.648966
RTM1P47,0.0,0.0,0.0,0,0,0,0,0,0,0,0,0,0,0,2026-02-05 10:07:19.648966
RTM1C48,0.0,0.0,0.0,0,0,0,0,0,0,0,0,0,0,0,2026-02-05 10:07:19.648966
RTM1P48,0.0,0.0,0.0,0,0,0,0,0,0,0,0,0,0,0,2026-02-05 10:07:19.648966
RTM1C49,0.0,0.0,0.0,0,0,0,0,0,0,0,0,0,0,0,2026-02-05 10:07:19.648966
RTM1P49,0.0,0.0,0.0,0,0,0,0,0,0,0,0,0,0,0,2026-02-05 10:07:19.648966
RTM1C50,0.0,0.0,0.0,0,0,0,0,0,0,0,0,0,0,0,2026-02-05 10:07:19.648966
RTM1P50,0.0,0.0,0.0,0,0,0,0,0,0,0,0,0,0,0,2026-02-05 10:07:19.648966
RTM1C51,0.0,0.0,0.0,0,0,0,0,0,0,0,0,0,0,0,2026-02-05 10:07:19.648966
RTM1P51,0.0,0.0,0.0,0,0,0,0,0,0,0,0,0,0,0,2026-02-05 10:07:19.648966
RTM1C52,0.0,0.0,0.0,0,0,0,0,0,0,0,0,0,0,0,2026-02-05 10:07:19.648966
RTM1P52,0.0,0.0,0.0,0,0,0,0,0,0,0,0,0,0,0,2026-02-05 10:07:19.648966
RTM1C53,0.0,0.0,0.0,0,0,0,0,0,0,0,0,0,0,0,2026-02-05 10:07:19.648966
RTM1P53,0.0,0.0,0.0,0,0,0,0,0,0,0,0,0,0,0,2026-02-05 10:07:19.648966
RTM1C54,0.0,0.0,0.0,0,0,0,0,0,0,0,0,0,0,0,2026-02-05 10:07:19.648966
RTM1P54,0.0,0.0,0.0,0,0,0,0,0,0,0,0,0,0,0,2026-02-05 10:07:19.648966
RTM,50.0,0.0,0.0,100000000.0,100000000.0,0,0,0,0,0,0,0,0,1,2026-02-05 10:07:20.303506,2.0,1.0,1.0,Week 1,Delta limit and penalty,The delta limit for this sub-heat is 5000 and the penalty percentage is 4%
RTM1C45,5.54,0.0,0.0,1000000.0,1000000.0,0,0,0,0,0,0,0,0,1,2026-02-05 10:07:20.303506,1.0,1.0,1.0,Week 1,Risk free rate and current annualized volatility of RTM,The current risk free rate is 0%. RTM is an ETF that mimics one of the major indices in the simulated world and its current annualized realized volatility is 33%. This simulation consists of 20 trading days that are each 15 ticks in length.
RTM1P45,0.54,0.0,0.0,1000000.0,1000000.0,0,0,0,0,0,0,0,0,1,2026-02-05 10:07:20.303506,,,,,,
RTM1C46,4.76,0.0,0.0,1000000.0,1000000.0,0,0,0,0,0,0,0,0,1,2026-02-05 10:07:20.303506,,,,,,
RTM1P46,0.76,0.0,0.0,1000000.0,1000000.0,0,0,0,0,0,0,0,0,1,2026-02-05 10:07:20.303506,,,,,,
RTM1C47,4.05,0.0,0.0,1000000.0,1000000.0,0,0,0,0,0,0,0,0,1,2026-02-05 10:07:20.303506,,,,,,
RTM1P47,1.05,0.0,0.0,1000000.0,1000000.0,0,0,0,0,0,0,0,0,1,2026-02-05 10:07:20.303506,,,,,,
RTM1C48,3.4,0.0,0.0,1000000.0,1000000.0,0,0,0,0,0,0,0,0,1,2026-02-05 10:07:20.303506,,,,,,
RTM1P48,1.4,0.0,0.0,1000000.0,1000000.0,0,0,0,0,0,0,0,0,1,2026-02-05 10:07:20.303506,,,,,,
RTM1C49,2.94,0.0,0.0,1000000.0,1000000.0,0,0,0,0,0,0,0,0,1,2026-02-05 10:07:20.303506,,,,,,
RTM1P49,1.94,0.0,0.0,1000000.0,1000000.0,0,0,0,0,0,0,0,0,1,2026-02-05 10:07:20.303506,,,,,,
RTM1C50,2.62,0.0,0.0,1000000.0,1000000.0,0,0,0,0,0,0,0,0,1,2026-02-05 10:07:20.303506,,,,,,
RTM1P50,2.62,0.0,0.0,1000000.0,1000000.0,0,0,0,0,0,0,0,0,1,2026-02-05 10:07:20.303506,,,,,,
RTM1C51,1.88,0.0,0.0,1000000.0,1000000.0,0,0,0,0,0,0,0,0,1,2026-02-05 10:07:20.303506,,,,,,
RTM1P51,2.88,0.0,0.0,1000000.0,1000000.0,0,0,0,0,0,0,0,0,1,2026-02-05 10:07:20.303506,,,,,,
RTM1C52,1.49,0.0,0.0,1000000.0,1000000.0,0,0,0,0,0,0,0,0,1,2026-02-05 10:07:20.303506,,,,,,
RTM1P52,3.49,0.0,0.0,1000000.0,1000000.0,0,0,0,0,0,0,0,0,1,2026-02-05 10:07:20.303506,,,,,,
RTM1C53,1.17,0.0,0.0,1000000.0,1000000.0,0,0,0,0,0,0,0,0,1,2026-02-05 10:07:20.303506,,,,,,
RTM1P53,4.17,0.0,0.0,1000000.0,1000000.0,0,0,0,0,0,0,0,0,1,2026-02-05 10:07:20.303506,,,,,,
RTM1C54,0.9,0.0,0.0,1000000.0,1000000.0,0,0,0,0,0,0,0,0,1,2026-02-05 10:07:20.303506,,,,,,
RTM1P54,4.9,0.0,0.0,1000000.0,1000000.0,0,0,0,0,0,0,0,0,1,2026-02-05 10:07:20.303506,,,,,,
RTM,49.86,49.84,49.86,100000000.0,100000000.0,0,0,0,0,0,0,0,0,2,2026-02-05 10:07:21.378688
RTM1C45,5.39,5.38,5.4,1000000.0,1000000.0,0,0,0,0,0,0,0,0,2,2026-02-05 10:07:21.378688
RTM1P45,0.55,0.54,0.56,1000000.0,1000000.0,0,0,0,0,0,0,0,0,2,2026-02-05 10:07:21.378688
RTM1C46,4.83,4.82,4.84,1000000.0,1000000.0,0,0,0,0,0,0,0,0,2,2026-02-05 10:07:21.378688
RTM1P46,0.99,0.98,1.0,1000000.0,1000000.0,0,0,0,0,0,0,0,0,2,2026-02-05 10:07:21.378688
RTM1C47,4.17,4.16,4.18,1000000.0,1000000.0,0,0,0,0,0,0,0,0,2,2026-02-05 10:07:21.378688
RTM1P47,1.32,1.31,1.33,1000000.0,1000000.0,0,0,0,0,0,0,0,0,2,2026-02-05 10:07:21.378688
RTM1C48,3.49,3.48,3.5,1000000.0,1000000.0,0,0,0,0,0,0,0,0,2,2026-02-05 10:07:21.378688
RTM1P48,1.65,1.64,1.66,1000000.0,1000000.0,0,0,0,0,0,0,0,0,2,2026-02-05 10:07:21.378688
RTM1C49,2.7,2.69,2.71,1000000.0,1000000.0,0,0,0,0,0,0,0,0,2,2026-02-05 10:07:21.378688
RTM1P49,1.85,1.84,1.86,1000000.0,1000000.0,0,0,0,0,0,0,0,0,2,2026-02-05 10:07:21.378688
RTM1C50,2.31,2.3,2.32,1000000.0,1000000.0,0,0,0,0,0,0,0,0,2,2026-02-05 10:07:21.378688
RTM1P50,2.46,2.45,2.47,1000000.0,1000000.0,0,0,0,0,0,0,0,0,2,2026-02-05 10:07:21.378688
RTM1C51,1.78,1.77,1.79,1000000.0,1000000.0,0,0,0,0,0,0,0,0,2,2026-02-05 10:07:21.378688
RTM1P51,2.94,2.93,2.95,1000000.0,1000000.0,0,0,0,0,0,0,0,0,2,2026-02-05 10:07:21.378688
RTM1C52,1.64,1.63,1.65,1000000.0,1000000.0,0,0,0,0,0,0,0,0,2,2026-02-05 10:07:21.378688
RTM1P52,3.8,3.79,3.81,1000000.0,1000000.0,0,0,0,0,0,0,0,0,2,2026-02-05 10:07:21.378688
RTM1C53,1.24,1.23,1.25,1000000.0,1000000.0,0,0,0,0,0,0,0,0,2,2026-02-05 10:07:21.378688
RTM1P53,4.39,4.38,4.4,1000000.0,1000000.0,0,0,0,0,0,0,0,0,2,2026-02-05 10:07:21.378688
RTM1C54,0.91,0.9,0.92,1000000.0,1000000.0,0,0,0,0,0,0,0,0,2,2026-02-05 10:07:21.378688
RTM1P54,5.06,5.05,5.07,1000000.0,1000000.0,0,0,0,0,0,0,0,0,2,2026-02-05 10:07:21.378688
RTM,50.5,50.49,50.51,100000000.0,100000000.0,0,0,0,0,0,0,0,0,3,2026-02-05 10:07:22.460759
RTM1C45,6.06,6.06,6.08,1000000.0,1000000.0,0,0,0,0,0,0,0,0,3,2026-02-05 10:07:22.460759
RTM1P45,0.57,0.56,0.58,1000000.0,1000000.0,0,0,0,0,0,0,0,0,3,2026-02-05 10:07:22.460759
RTM1C46,5.33,5.32,5.34,1000000.0,1000000.0,0,0,0,0,0,0,0,0,3,2026-02-05 10:07:22.460759
RTM1P46,0.83,0.82,0.84,1000000.0,1000000.0,0,0,0,0,0,0,0,0,3,2026-02-05 10:07:22.460759
RTM1C47,4.46,4.45,4.47,1000000.0,1000000.0,0,0,0,0,0,0,0,0,3,2026-02-05 10:07:22.460759
RTM1P47,0.96,0.95,0.97,1000000.0,1000000.0,0,0,0,0,0,0,0,0,3,2026-02-05 10:07:22.460759
RTM1C48,4.0,3.99,4.01,1000000.0,1000000.0,0,0,0,0,0,0,0,0,3,2026-02-05 10:07:22.460759
RTM1P48,1.49,1.48,1.5,1000000.0,1000000.0,0,0,0,0,0,0,0,0,3,2026-02-05 10:07:22.460759
RTM1C49,3.17,3.16,3.18,1000000.0,1000000.0,0,0,0,0,0,0,0,0,3,2026-02-05 10:07:22.460759
RTM1P49,1.67,1.66,1.68,1000000.0,1000000.0,0,0,0,0,0,0,0,0,3,2026-02-05 10:07:22.460759
RTM1C50,2.53,2.51,2.53,1000000.0,1000000.0,0,0,0,0,0,0,0,0,3,2026-02-05 10:07:22.460759
RTM1P50,2.02,2.01,2.03,1000000.0,1000000.0,0,0,0,0,0,0,0,0,3,2026-02-05 10:07:22.460759
RTM1C51,2.3,2.29,2.31,1000000.0,1000000.0,0,0,0,0,0,0,0,0,3,2026-02-05 10:07:22.460759
RTM1P51,2.79,2.78,2.8,1000000.0,1000000.0,0,0,0,0,0,0,0,0,3,2026-02-05 10:07:22.460759
RTM1C52,1.76,1.75,1.77,1000000.0,1000000.0,0,0,0,0,0,0,0,0,3,2026-02-05 10:07:22.460759
RTM1P52,3.25,3.24,3.26,1000000.0,1000000.0,0,0,0,0,0,0,0,0,3,2026-02-05 10:07:22.460759
RTM1C53,1.31,1.3,1.32,1000000.0,1000000.0,0,0,0,0,0,0,0,0,3,2026-02-05 10:07:22.460759
RTM1P53,3.8,3.79,3.81,1000000.0,1000000.0,0,0,0,0,0,0,0,0,3,2026-02-05 10:07:22.460759
RTM1C54,1.23,1.22,1.24,1000000.0,1000000.0,0,0,0,0,0,0,0,0,3,2026-02-05 10:07:22.460759
RTM1P54,4.72,4.71,4.73,1000000.0,1000000.0,0,0,0,0,0,0,0,0,3,2026-02-05 10:07:22.460759
RTM,50.01,50.0,50.02,100000000.0,100000000.0,0,0,0,0,0,0,0,0,4,2026-02-05 10:07:23.033916
RTM1C45,5.62,5.61,5.63,1000000.0,1000000.0,0,0,0,0,0,0,0,0,4,2026-02-05 10:07:23.033916
RTM1P45,0.61,0.6,0.62,1000000.0,1000000.0,0,0,0,0,0,0,0,0,4,2026-02-05 10:07:23.033916
RTM1C46,4.96,4.95,4.97,1000000.0,1000000.0,0,0,0,0,0,0,0,0,4,2026-02-05 10:07:23.033916
RTM1P46,0.95,0.94,0.96,1000000.0,1000000.0,0,0,0,0,0,0,0,0,4,2026-02-05 10:07:23.033916
RTM1C47,4.3,4.29,4.31,1000000.0,1000000.0,0,0,0,0,0,0,0,0,4,2026-02-05 10:07:23.033916
RTM1P47,1.29,1.28,1.3,1000000.0,1000000.0,0,0,0,0,0,0,0,0,4,2026-02-05 10:07:23.033916
RTM1C48,3.41,3.4,3.42,1000000.0,1000000.0,0,0,0,0,0,0,0,0,4,2026-02-05 10:07:23.033916
RTM1P48,1.4,1.39,1.41,1000000.0,1000000.0,0,0,0,0,0,0,0,0,4,2026-02-05 10:07:23.033916
RTM1C49,3.08,3.07,3.09,1000000.0,1000000.0,0,0,0,0,0,0,0,0,4,2026-02-05 10:07:23.033916
RTM1P49,2.07,2.06,2.08,1000000.0,1000000.0,0,0,0,0,0,0,0,0,4,2026-02-05 10:07:23.033916
RTM1C50,2.38,2.37,2.39,1000000.0,1000000.0,0,0,0,0,0,0,0,0,4,2026-02-05 10:07:23.033916
RTM1P50,2.37,2.36,2.38,1000000.0,1000000.0,0,0,0,0,0,0,0,0,4,2026-02-05 10:07:23.033916
RTM1C51,1.84,1.83,1.85,1000000.0,1000000.0,0,0,0,0,0,0,0,0,4,2026-02-05 10:07:23.033916
RTM1P51,2.83,2.82,2.84,1000000.0,1000000.0,0,0,0,0,0,0,0,0,4,2026-02-05 10:07:23.033916
RTM1C52,1.59,1.58,1.6,1000000.0,1000000.0,0,0,0,0,0,0,0,0,4,2026-02-05 10:07:23.033916
RTM1P52,3.58,3.57,3.59,1000000.0,1000000.0,0,0,0,0,0,0,0,0,4,2026-02-05 10:07:23.033916
RTM1C53,1.4,1.39,1.41,1000000.0,1000000.0,0,0,0,0,0,0,0,0,4,2026-02-05 10:07:23.033916
RTM1P53,4.39,4.38,4.4,1000000.0,1000000.0,0,0,0,0,0,0,0,0,4,2026-02-05 10:07:23.033916
RTM1C54,1.03,1.02,1.04,1000000.0,1000000.0,0,0,0,0,0,0,0,0,4,2026-02-05 10:07:23.033916
RTM1P54,5.02,5.01,5.03,1000000.0,1000000.0,0,0,0,0,0,0,0,0,4,2026-02-05 10:07:23.033916
RTM,50.41,50.4,50.42,100000000.0,100000000.0,0,0,0,0,0,0,0,0,5,2026-02-05 10:07:24.119088
RTM1C45,5.84,5.83,5.85,1000000.0,1000000.0,0,0,0,0,0,0,0,0,5,2026-02-05 10:07:24.119088
RTM1P45,0.43,0.42,0.44,1000000.0,1000000.0,0,0,0,0,0,0,0,0,5,2026-02-05 10:07:24.119088
RTM1C46,5.18,5.17,5.19,1000000.0,1000000.0,0,0,0,0,0,0,0,0,5,2026-02-05 10:07:24.119088
RTM1P46,0.77,0.76,0.78,1000000.0,1000000.0,0,0,0,0,0,0,0,0,5,2026-02-05 10:07:24.119088
RTM1C47,4.43,4.42,4.44,1000000.0,1000000.0,0,0,0,0,0,0,0,0,5,2026-02-05 10:07:24.119088
RTM1P47,1.02,1.01,1.03,1000000.0,1000000.0,0,0,0,0,0,0,0,0,5,2026-02-05 10:07:24.119088
RTM1C48,3.9,3.89,3.91,1000000.0,1000000.0,0,0,0,0,0,0,0,0,5,2026-02-05 10:07:24.119088
RTM1P48,1.49,1.48,1.5,1000000.0,1000000.0,0,0,0,0,0,0,0,0,5,2026-02-05 10:07:24.119088
RTM1C49,3.27,3.26,3.28,1000000.0,1000000.0,0,0,0,0,0,0,0,0,5,2026-02-05 10:07:24.119088
RTM1P49,1.87,1.86,1.88,1000000.0,1000000.0,0,0,0,0,0,0,0,0,5,2026-02-05 10:07:24.119088
RTM1C50,2.55,2.54,2.56,1000000.0,1000000.0,0,0,0,0,0,0,0,0,5,2026-02-05 10:07:24.119088
RTM1P50,2.14,2.13,2.15,1000000.0,1000000.0,0,0,0,0,0,0,0,0,5,2026-02-05 10:07:24.119088
RTM1C51,2.06,2.05,2.07,1000000.0,1000000.0,0,0,0,0,0,0,0,0,5,2026-02-05 10:07:24.119088
RTM1P51,2.66,2.65,2.67,1000000.0,1000000.0,0,0,0,0,0,0,0,0,5,2026-02-05 10:07:24.119088
RTM1C52,1.66,1.65,1.67,1000000.0,1000000.0,0,0,0,0,0,0,0,0,5,2026-02-05 10:07:24.119088
RTM1P52,3.25,3.24,3.26,1000000.0,1000000.0,0,0,0,0,0,0,0,0,5,2026-02-05 10:07:24.119088
RTM1C53,1.5,1.49,1.51,1000000.0,1000000.0,0,0,0,0,0,0,0,0,5,2026-02-05 10:07:24.119088
RTM1P53,4.09,4.08,4.1,1000000.0,1000000.0,0,0,0,0,0,0,0,0,5,2026-02-05 10:07:24.119088
RTM1C54,1.0,0.99,1.01,1000000.0,1000000.0,0,0,0,0,0,0,0,0,5,2026-02-05 10:07:24.119088
RTM1P54,4.59,4.58,4.6,1000000.0,1000000.0,0,0,0,0,0,0,0,0,5,2026-02-05 10:07:24.119088
RTM,50.51,50.5,50.52,100000000.0,100000000.0,0,0,0,0,0,0,0,0,6,2026-02-05 10:07:25.205928
RTM1C45,6.02,6.01,6.03,1000000.0,1000000.0,0,0,0,0,0,0,0,0,6,2026-02-05 10:07:25.205928
RTM1P45,0.51,0.5,0.52,1000000.0,1000000.0,0,0,0,0,0,0,0,0,6,2026-02-05 10:07:25.205928
RTM1C46,5.28,5.27,5.29,1000000.0,1000000.0,0,0,0,0,0,0,0,0,6,2026-02-05 10:07:25.205928
RTM1P46,0.76,0.75,0.77,1000000.0,1000000.0,0,0,0,0,0,0,0,0,6,2026-02-05 10:07:25.205928
RTM1C47,4.4,4.39,4.41,1000000.0,1000000.0,0,0,0,0,0,0,0,0,6,2026-02-05 10:07:25.205928
RTM1P47,0.88,0.87,0.89,1000000.0,1000000.0,0,0,0,0,0,0,0,0,6,2026-02-05 10:07:25.205928
RTM1C48,3.86,3.85,3.87,1000000.0,1000000.0,0,0,0,0,0,0,0,0,6,2026-02-05 10:07:25.205928
RTM1P48,1.35,1.34,1.36,1000000.0,1000000.0,0,0,0,0,0,0,0,0,6,2026-02-05 10:07:25.205928
RTM1C49,3.26,3.25,3.27,1000000.0,1000000.0,0,0,0,0,0,0,0,0,6,2026-02-05 10:07:25.205928
RTM1P49,1.74,1.73,1.75,1000000.0,1000000.0,0,0,0,0,0,0,0,0,6,2026-02-05 10:07:25.205928
RTM1C50,2.68,2.67,2.69,1000000.0,1000000.0,0,0,0,0,0,0,0,0,6,2026-02-05 10:07:25.205928
RTM1P50,2.17,2.16,2.18,1000000.0,1000000.0,0,0,0,0,0,0,0,0,6,2026-02-05 10:07:25.205928
RTM1C51,2.29,2.28,2.3,1000000.0,1000000.0,0,0,0,0,0,0,0,0,6,2026-02-05 10:07:25.205928
RTM1P51,2.78,2.77,2.79,1000000.0,1000000.0,0,0,0,0,0,0,0,0,6,2026-02-05 10:07:25.205928
RTM1C52,1.93,1.92,1.94,1000000.0,1000000.0,0,0,0,0,0,0,0,0,6,2026-02-05 10:07:25.205928
RTM1P52,3.41,3.4,3.42,1000000.0,1000000.0,0,0,0,0,0,0,0,0,6,2026-02-05 10:07:25.205928
RTM1C53,1.52,1.51,1.53,1000000.0,1000000.0,0,0,0,0,0,0,0,0,6,2026-02-05 10:07:25.205928
RTM1P53,4.01,4.0,4.02,1000000.0,1000000.0,0,0,0,0,0,0,0,0,6,2026-02-05 10:07:25.205928
RTM1C54,1.16,1.15,1.17,1000000.0,1000000.0,0,0,0,0,0,0,0,0,6,2026-02-05 10:07:25.205928
RTM1P54,4.65,4.64,4.66,1000000.0,1000000.0,0,0,0,0,0,0,0,0,6,2026-02-05 10:07:25.205928
RTM,50.15,50.14,50.16,100000000.0,100000000.0,0,0,0,0,0,0,0,0,7,2026-02-05 10:07:26.279048
RTM1C45,5.73,5.72,5.74,1000000.0,1000000.0,0,0,0,0,0,0,0,0,7,2026-02-05 10:07:26.279048
RTM1P45,0.58,0.57,0.59,1000000.0,1000000.0,0,0,0,0,0,0,0,0,7,2026-02-05 10:07:26.279048
RTM1C46,4.97,4.96,4.98,1000000.0,1000000.0,0,0,0,0,0,0,0,0,7,2026-02-05 10:07:26.279048
RTM1P46,0.82,0.81,0.83,1000000.0,1000000.0,0,0,0,0,0,0,0,0,7,2026-02-05 10:07:26.279048
RTM1C47,4.31,4.3,4.32,1000000.0,1000000.0,0,0,0,0,0,0,0,0,7,2026-02-05 10:07:26.279048
RTM1P47,1.16,1.15,1.17,1000000.0,1000000.0,0,0,0,0,0,0,0,0,7,2026-02-05 10:07:26.279048
RTM1C48,3.58,3.57,3.59,1000000.0,1000000.0,0,0,0,0,0,0,0,0,7,2026-02-05 10:07:26.279048
RTM1P48,1.43,1.42,1.44,1000000.0,1000000.0,0,0,0,0,0,0,0,0,7,2026-02-05 10:07:26.279048
RTM1C49,2.88,2.87,2.89,1000000.0,1000000.0,0,0,0,0,0,0,0,0,7,2026-02-05 10:07:26.279048
RTM1P49,1.73,1.72,1.74,1000000.0,1000000.0,0,0,0,0,0,0,0,0,7,2026-02-05 10:07:26.279048
RTM1C50,2.5,2.49,2.51,1000000.0,1000000.0,0,0,0,0,0,0,0,0,7,2026-02-05 10:07:26.279048
RTM1P50,2.35,2.34,2.36,1000000.0,1000000.0,0,0,0,0,0,0,0,0,7,2026-02-05 10:07:26.279048
RTM1C51,2.1,2.09,2.11,1000000.0,1000000.0,0,0,0,0,0,0,0,0,7,2026-02-05 10:07:26.279048
RTM1P51,2.95,2.94,2.96,1000000.0,1000000.0,0,0,0,0,0,0,0,0,7,2026-02-05 10:07:26.279048
RTM1C52,1.74,1.73,1.75,1000000.0,1000000.0,0,0,0,0,0,0,0,0,7,2026-02-05 10:07:26.279048
RTM1P52,3.59,3.58,3.6,1000000.0,1000000.0,0,0,0,0,0,0,0,0,7,2026-02-05 10:07:26.279048
RTM1C53,1.31,1.3,1.32,1000000.0,1000000.0,0,0,0,0,0,0,0,0,7,2026-02-05 10:07:26.279048
RTM1P53,4.16,4.15,4.17,1000000.0,1000000.0,0,0,0,0,0,0,0,0,7,2026-02-05 10:07:26.279048
RTM1C54,0.91,0.9,0.92,1000000.0,1000000.0,0,0,0,0,0,0,0,0,7,2026-02-05 10:07:26.279048
RTM1P54,4.76,4.75,4.77,1000000.0,1000000.0,0,0,0,0,0,0,0,0,7,2026-02-05 10:07:26.279048
RTM,50.37,50.36,50.38,100000000.0,100000000.0,0,0,0,0,0,0,0,0,8,2026-02-05 10:07:27.377355
RTM1C45,5.87,5.86,5.88,1000000.0,1000000.0,0,0,0,0,0,0,0,0,8,2026-02-05 10:07:27.377355
RTM1P45,0.49,0.48,0.5,1000000.0,1000000.0,0,0,0,0,0,0,0,0,8,2026-02-05 10:07:27.377355
RTM1C46,5.18,5.17,5.19,1000000.0,1000000.0,0,0,0,0,0,0,0,0,8,2026-02-05 10:07:27.377355
RTM1P46,0.81,0.8,0.82,1000000.0,1000000.0,0,0,0,0,0,0,0,0,8,2026-02-05 10:07:27.377355
RTM1C47,4.27,4.26,4.28,1000000.0,1000000.0,0,0,0,0,0,0,0,0,8,2026-02-05 10:07:27.377355
RTM1P47,0.9,0.89,0.91,1000000.0,1000000.0,0,0,0,0,0,0,0,0,8,2026-02-05 10:07:27.377355
RTM1C48,3.74,3.73,3.75,1000000.0,1000000.0,0,0,0,0,0,0,0,0,8,2026-02-05 10:07:27.377355
RTM1P48,1.37,1.36,1.38,1000000.0,1000000.0,0,0,0,0,0,0,0,0,8,2026-02-05 10:07:27.377355
RTM1C49,3.0,2.99,3.01,1000000.0,1000000.0,0,0,0,0,0,0,0,0,8,2026-02-05 10:07:27.377355
RTM1P49,1.63,1.62,1.64,1000000.0,1000000.0,0,0,0,0,0,0,0,0,8,2026-02-05 10:07:27.377355
RTM1C50,2.56,2.55,2.57,1000000.0,1000000.0,0,0,0,0,0,0,0,0,8,2026-02-05 10:07:27.377355
RTM1P50,2.19,2.18,2.2,1000000.0,1000000.0,0,0,0,0,0,0,0,0,8,2026-02-05 10:07:27.377355
RTM1C51,2.03,2.02,2.04,1000000.0,1000000.0,0,0,0,0,0,0,0,0,8,2026-02-05 10:07:27.377355
RTM1P51,2.65,2.64,2.66,1000000.0,1000000.0,0,0,0,0,0,0,0,0,8,2026-02-05 10:07:27.377355
RTM1C52,1.72,1.71,1.73,1000000.0,1000000.0,0,0,0,0,0,0,0,0,8,2026-02-05 10:07:27.377355
RTM1P52,3.35,3.34,3.36,1000000.0,1000000.0,0,0,0,0,0,0,0,0,8,2026-02-05 10:07:27.377355
RTM1C53,1.35,1.34,1.36,1000000.0,1000000.0,0,0,0,0,0,0,0,0,8,2026-02-05 10:07:27.377355
RTM1P53,3.98,3.97,3.99,1000000.0,1000000.0,0,0,0,0,0,0,0,0,8,2026-02-05 10:07:27.377355
RTM1C54,1.01,1.0,1.02,1000000.0,1000000.0,0,0,0,0,0,0,0,0,8,2026-02-05 10:07:27.377355
RTM1P54,4.63,4.62,4.64,1000000.0,1000000.0,0,0,0,0,0,0,0,0,8,2026-02-05 10:07:27.377355
RTM,50.45,50.44,50.46,100000000.0,100000000.0,0,0,0,0,0,0,0,0,9,2026-02-05 10:07:28.454116
RTM1C45,6.0,5.99,6.01,1000000.0,1000000.0,0,0,0,0,0,0,0,0,9,2026-02-05 10:07:28.454116
RTM1P45,0.55,0.54,0.56,1000000.0,1000000.0,0,0,0,0,0,0,0,0,9,2026-02-05 10:07:28.454116
RTM1C46,5.17,5.16,5.18,1000000.0,1000000.0,0,0,0,0,0,0,0,0,9,2026-02-05 10:07:28.454116
RTM1P46,0.72,0.71,0.73,1000000.0,1000000.0,0,0,0,0,0,0,0,0,9,2026-02-05 10:07:28.454116
RTM1C47,4.46,4.45,4.47,1000000.0,1000000.0,0,0,0,0,0,0,0,0,9,2026-02-05 10:07:28.454116
RTM1P47,1.02,1.01,1.03,1000000.0,1000000.0,0,0,0,0,0,0,0,0,9,2026-02-05 10:07:28.454116
RTM1C48,3.62,3.61,3.63,1000000.0,1000000.0,0,0,0,0,0,0,0,0,9,2026-02-05 10:07:28.454116
RTM1P48,1.18,1.17,1.19,1000000.0,1000000.0,0,0,0,0,0,0,0,0,9,2026-02-05 10:07:28.454116
RTM1C49,3.05,3.04,3.06,1000000.0,1000000.0,0,0,0,0,0,0,0,0,9,2026-02-05 10:07:28.454116
RTM1P49,1.6,1.59,1.61,1000000.0,1000000.0,0,0,0,0,0,0,0,0,9,2026-02-05 10:07:28.454116
RTM1C50,2.54,2.53,2.55,1000000.0,1000000.0,0,0,0,0,0,0,0,0,9,2026-02-05 10:07:28.454116
RTM1P50,2.09,2.08,2.1,1000000.0,1000000.0,0,0,0,0,0,0,0,0,9,2026-02-05 10:07:28.454116
RTM1C51,1.99,1.98,2.0,1000000.0,1000000.0,0,0,0,0,0,0,0,0,9,2026-02-05 10:07:28.454116
RTM1P51,2.54,2.53,2.55,1000000.0,1000000.0,0,0,0,0,0,0,0,0,9,2026-02-05 10:07:28.454116
RTM1C52,1.72,1.71,1.73,1000000.0,1000000.0,0,0,0,0,0,0,0,0,9,2026-02-05 10:07:28.454116
RTM1P52,3.28,3.27,3.29,1000000.0,1000000.0,0,0,0,0,0,0,0,0,9,2026-02-05 10:07:28.454116
RTM1C53,1.42,1.41,1.43,1000000.0,1000000.0,0,0,0,0,0,0,0,0,9,2026-02-05 10:07:28.454116
RTM1P53,3.97,3.96,3.98,1000000.0,1000000.0,0,0,0,0,0,0,0,0,9,2026-02-05 10:07:28.454116
RTM1C54,1.05,1.04,1.06,1000000.0,1000000.0,0,0,0,0,0,0,0,0,9,2026-02-05 10:07:28.454116
RTM1P54,4.6,4.59,4.61,1000000.0,1000000.0,0,0,0,0,0,0,0,0,9,2026-02-05 10:07:28.454116
RTM,50.74,50.72,50.74,100000000.0,100000000.0,0,0,0,0,0,0,0,0,10,2026-02-05 10:07:29.527129
RTM1C45,6.18,6.17,6.19,1000000.0,1000000.0,0,0,0,0,0,0,0,0,10,2026-02-05 10:07:29.527129
RTM1P45,0.44,0.43,0.45,1000000.0,1000000.0,0,0,0,0,0,0,0,0,10,2026-02-05 10:07:29.527129
RTM1C46,5.3,5.29,5.31,1000000.0,1000000.0,0,0,0,0,0,0,0,0,10,2026-02-05 10:07:29.527129
RTM1P46,0.56,0.55,0.57,1000000.0,1000000.0,0,0,0,0,0,0,0,0,10,2026-02-05 10:07:29.527129
RTM1C47,4.64,4.63,4.65,1000000.0,1000000.0,0,0,0,0,0,0,0,0,10,2026-02-05 10:07:29.527129
RTM1P47,0.91,0.9,0.92,1000000.0,1000000.0,0,0,0,0,0,0,0,0,10,2026-02-05 10:07:29.527129
RTM1C48,3.91,3.9,3.92,1000000.0,1000000.0,0,0,0,0,0,0,0,0,10,2026-02-05 10:07:29.527129
RTM1P48,1.18,1.17,1.19,1000000.0,1000000.0,0,0,0,0,0,0,0,0,10,2026-02-05 10:07:29.527129
RTM1C49,3.19,3.18,3.2,1000000.0,1000000.0,0,0,0,0,0,0,0,0,10,2026-02-05 10:07:29.527129
RTM1P49,1.46,1.45,1.47,1000000.0,1000000.0,0,0,0,0,0,0,0,0,10,2026-02-05 10:07:29.527129
RTM1C50,2.74,2.73,2.75,1000000.0,1000000.0,0,0,0,0,0,0,0,0,10,2026-02-05 10:07:29.527129
RTM1P50,2.0,1.99,2.01,1000000.0,1000000.0,0,0,0,0,0,0,0,0,10,2026-02-05 10:07:29.527129
RTM1C51,2.28,2.27,2.29,1000000.0,1000000.0,0,0,0,0,0,0,0,0,10,2026-02-05 10:07:29.527129
RTM1P51,2.54,2.53,2.55,1000000.0,1000000.0,0,0,0,0,0,0,0,0,10,2026-02-05 10:07:29.527129
RTM1C52,1.88,1.87,1.89,1000000.0,1000000.0,0,0,0,0,0,0,0,0,10,2026-02-05 10:07:29.527129
RTM1P52,3.15,3.14,3.16,1000000.0,1000000.0,0,0,0,0,0,0,0,0,10,2026-02-05 10:07:29.527129
RTM1C53,1.55,1.54,1.56,1000000.0,1000000.0,0,0,0,0,0,0,0,0,10,2026-02-05 10:07:29.527129
RTM1P53,3.81,3.8,3.82,1000000.0,1000000.0,0,0,0,0,0,0,0,0,10,2026-02-05 10:07:29.527129
RTM1C54,1.24,1.23,1.25,1000000.0,1000000.0,0,0,0,0,0,0,0,0,10,2026-02-05 10:07:29.527129
RTM1P54,4.5,4.49,4.51,1000000.0,1000000.0,0,0,0,0,0,0,0,0,10,2026-02-05 10:07:29.527129
RTM,50.82,50.81,50.83,100000000.0,100000000.0,0,0,0,0,0,0,0,0,11,2026-02-05 10:07:30.090571
RTM1C45,6.26,6.25,6.27,1000000.0,1000000.0,0,0,0,0,0,0,0,0,11,2026-02-05 10:07:30.090571
RTM1P45,0.44,0.43,0.45,1000000.0,1000000.0,0,0,0,0,0,0,0,0,11,2026-02-05 10:07:30.090571
RTM1C46,5.46,5.45,5.47,1000000.0,1000000.0,0,0,0,0,0,0,0,0,11,2026-02-05 10:07:30.090571
RTM1P46,0.64,0.63,0.65,1000000.0,1000000.0,0,0,0,0,0,0,0,0,11,2026-02-05 10:07:30.090571
RTM1C47,4.7,4.69,4.71,1000000.0,1000000.0,0,0,0,0,0,0,0,0,11,2026-02-05 10:07:30.090571
RTM1P47,0.88,0.87,0.89,1000000.0,1000000.0,0,0,0,0,0,0,0,0,11,2026-02-05 10:07:30.090571
RTM1C48,3.92,3.91,3.93,1000000.0,1000000.0,0,0,0,0,0,0,0,0,11,2026-02-05 10:07:30.090571
RTM1P48,1.1,1.09,1.11,1000000.0,1000000.0,0,0,0,0,0,0,0,0,11,2026-02-05 10:07:30.090571
RTM1C49,3.21,3.2,3.22,1000000.0,1000000.0,0,0,0,0,0,0,0,0,11,2026-02-05 10:07:30.090571
RTM1P49,1.39,1.38,1.4,1000000.0,1000000.0,0,0,0,0,0,0,0,0,11,2026-02-05 10:07:30.090571
RTM1C50,2.77,2.76,2.78,1000000.0,1000000.0,0,0,0,0,0,0,0,0,11,2026-02-05 10:07:30.090571
RTM1P50,1.95,1.94,1.96,1000000.0,1000000.0,0,0,0,0,0,0,0,0,11,2026-02-05 10:07:30.090571
RTM1C51,2.2,2.19,2.21,1000000.0,1000000.0,0,0,0,0,0,0,0,0,11,2026-02-05 10:07:30.090571
RTM1P51,2.38,2.37,2.39,1000000.0,1000000.0,0,0,0,0,0,0,0,0,11,2026-02-05 10:07:30.090571
RTM1C52,1.71,1.7,1.72,1000000.0,1000000.0,0,0,0,0,0,0,0,0,11,2026-02-05 10:07:30.090571
RTM1P52,2.88,2.87,2.89,1000000.0,1000000.0,0,0,0,0,0,0,0,0,11,2026-02-05 10:07:30.090571
RTM1C53,1.34,1.33,1.35,1000000.0,1000000.0,0,0,0,0,0,0,0,0,11,2026-02-05 10:07:30.090571
RTM1P53,3.52,3.51,3.53,1000000.0,1000000.0,0,0,0,0,0,0,0,0,11,2026-02-05 10:07:30.090571
RTM1C54,1.1,1.09,1.11,1000000.0,1000000.0,0,0,0,0,0,0,0,0,11,2026-02-05 10:07:30.090571
RTM1P54,4.27,4.26,4.28,1000000.0,1000000.0,0,0,0,0,0,0,0,0,11,2026-02-05 10:07:30.090571
RTM,50.33,50.32,50.34,100000000.0,100000000.0,0,0,0,0,0,0,0,0,12,2026-02-05 10:07:31.487482
RTM1C45,5.85,5.84,5.86,1000000.0,1000000.0,0,0,0,0,0,0,0,0,12,2026-02-05 10:07:31.487482
RTM1P45,0.52,0.51,0.53,1000000.0,1000000.0,0,0,0,0,0,0,0,0,12,2026-02-05 10:07:31.487482
RTM1C46,5.03,5.02,5.04,1000000.0,1000000.0,0,0,0,0,0,0,0,0,12,2026-02-05 10:07:31.487482
RTM1P46,0.7,0.69,0.71,1000000.0,1000000.0,0,0,0,0,0,0,0,0,12,2026-02-05 10:07:31.487482
RTM1C47,4.35,4.34,4.36,1000000.0,1000000.0,0,0,0,0,0,0,0,0,12,2026-02-05 10:07:31.487482
RTM1P47,1.03,1.01,1.03,1000000.0,1000000.0,0,0,0,0,0,0,0,0,12,2026-02-05 10:07:31.487482
RTM1C48,3.63,3.62,3.64,1000000.0,1000000.0,0,0,0,0,0,0,0,0,12,2026-02-05 10:07:31.487482
RTM1P48,1.3,1.29,1.31,1000000.0,1000000.0,0,0,0,0,0,0,0,0,12,2026-02-05 10:07:31.487482
RTM1C49,2.96,2.95,2.97,1000000.0,1000000.0,0,0,0,0,0,0,0,0,12,2026-02-05 10:07:31.487482
RTM1P49,1.63,1.62,1.64,1000000.0,1000000.0,0,0,0,0,0,0,0,0,12,2026-02-05 10:07:31.487482
RTM1C50,2.48,2.47,2.49,1000000.0,1000000.0,0,0,0,0,0,0,0,0,12,2026-02-05 10:07:31.487482
RTM1P50,2.16,2.14,2.16,1000000.0,1000000.0,0,0,0,0,0,0,0,0,12,2026-02-05 10:07:31.487482
RTM1C51,1.91,1.9,1.92,1000000.0,1000000.0,0,0,0,0,0,0,0,0,12,2026-02-05 10:07:31.487482
RTM1P51,2.58,2.57,2.59,1000000.0,1000000.0,0,0,0,0,0,0,0,0,12,2026-02-05 10:07:31.487482
RTM1C52,1.68,1.67,1.69,1000000.0,1000000.0,0,0,0,0,0,0,0,0,12,2026-02-05 10:07:31.487482
RTM1P52,3.35,3.34,3.36,1000000.0,1000000.0,0,0,0,0,0,0,0,0,12,2026-02-05 10:07:31.487482
RTM1C53,1.3,1.29,1.31,1000000.0,1000000.0,0,0,0,0,0,0,0,0,12,2026-02-05 10:07:31.487482
RTM1P53,3.97,3.96,3.98,1000000.0,1000000.0,0,0,0,0,0,0,0,0,12,2026-02-05 10:07:31.487482
RTM1C54,1.13,1.12,1.14,1000000.0,1000000.0,0,0,0,0,0,0,0,0,12,2026-02-05 10:07:31.487482
RTM1P54,4.8,4.79,4.81,1000000.0,1000000.0,0,0,0,0,0,0,0,0,12,2026-02-05 10:07:31.487482
RTM,50.29,50.28,50.3,100000000.0,100000000.0,0,0,0,0,0,0,0,0,13,2026-02-05 10:07:32.093253
RTM1C45,5.77,5.76,5.78,1000000.0,1000000.0,0,0,0,0,0,0,0,0,13,2026-02-05 10:07:32.093253
RTM1P45,0.48,0.47,0.49,1000000.0,1000000.0,0,0,0,0,0,0,0,0,13,2026-02-05 10:07:32.093253
RTM1C46,4.94,4.93,4.95,1000000.0,1000000.0,0,0,0,0,0,0,0,0,13,2026-02-05 10:07:32.093253
RTM1P46,0.64,0.63,0.65,1000000.0,1000000.0,0,0,0,0,0,0,0,0,13,2026-02-05 10:07:32.093253
RTM1C47,4.36,4.35,4.37,1000000.0,1000000.0,0,0,0,0,0,0,0,0,13,2026-02-05 10:07:32.093253
RTM1P47,1.07,1.06,1.08,1000000.0,1000000.0,0,0,0,0,0,0,0,0,13,2026-02-05 10:07:32.093253
RTM1C48,3.48,3.47,3.49,1000000.0,1000000.0,0,0,0,0,0,0,0,0,13,2026-02-05 10:07:32.093253
RTM1P48,1.19,1.18,1.2,1000000.0,1000000.0,0,0,0,0,0,0,0,0,13,2026-02-05 10:07:32.093253
RTM1C49,3.11,3.1,3.12,1000000.0,1000000.0,0,0,0,0,0,0,0,0,13,2026-02-05 10:07:32.093253
RTM1P49,1.82,1.81,1.83,1000000.0,1000000.0,0,0,0,0,0,0,0,0,13,2026-02-05 10:07:32.093253
RTM1C50,2.33,2.32,2.34,1000000.0,1000000.0,0,0,0,0,0,0,0,0,13,2026-02-05 10:07:32.093253
RTM1P50,2.04,2.03,2.05,1000000.0,1000000.0,0,0,0,0,0,0,0,0,13,2026-02-05 10:07:32.093253
RTM1C51,2.09,2.08,2.1,1000000.0,1000000.0,0,0,0,0,0,0,0,0,13,2026-02-05 10:07:32.093253
RTM1P51,2.8,2.79,2.81,1000000.0,1000000.0,0,0,0,0,0,0,0,0,13,2026-02-05 10:07:32.093253
RTM1C52,1.52,1.51,1.53,1000000.0,1000000.0,0,0,0,0,0,0,0,0,13,2026-02-05 10:07:32.093253
RTM1P52,3.23,3.22,3.24,1000000.0,1000000.0,0,0,0,0,0,0,0,0,13,2026-02-05 10:07:32.093253
RTM1C53,1.22,1.21,1.23,1000000.0,1000000.0,0,0,0,0,0,0,0,0,13,2026-02-05 10:07:32.093253
RTM1P53,3.92,3.91,3.93,1000000.0,1000000.0,0,0,0,0,0,0,0,0,13,2026-02-05 10:07:32.093253
RTM1C54,1.11,1.1,1.12,1000000.0,1000000.0,0,0,0,0,0,0,0,0,13,2026-02-05 10:07:32.093253
RTM1P54,4.81,4.8,4.82,1000000.0,1000000.0,0,0,0,0,0,0,0,0,13,2026-02-05 10:07:32.093253
RTM,49.92,49.91,49.93,100000000.0,100000000.0,0,0,0,0,0,0,0,0,14,2026-02-05 10:07:33.178228
RTM1C45,5.55,5.54,5.56,1000000.0,1000000.0,0,0,0,0,0,0,0,0,14,2026-02-05 10:07:33.178228
RTM1P45,0.63,0.62,0.64,1000000.0,1000000.0,0,0,0,0,0,0,0,0,14,2026-02-05 10:07:33.178228
RTM1C46,4.64,4.63,4.65,1000000.0,1000000.0,0,0,0,0,0,0,0,0,14,2026-02-05 10:07:33.178228
RTM1P46,0.72,0.71,0.73,1000000.0,1000000.0,0,0,0,0,0,0,0,0,14,2026-02-05 10:07:33.178228
RTM1C47,4.06,4.05,4.07,1000000.0,1000000.0,0,0,0,0,0,0,0,0,14,2026-02-05 10:07:33.178228
RTM1P47,1.15,1.14,1.16,1000000.0,1000000.0,0,0,0,0,0,0,0,0,14,2026-02-05 10:07:33.178228
RTM1C48,3.27,3.26,3.28,1000000.0,1000000.0,0,0,0,0,0,0,0,0,14,2026-02-05 10:07:33.178228
RTM1P48,1.35,1.34,1.36,1000000.0,1000000.0,0,0,0,0,0,0,0,0,14,2026-02-05 10:07:33.178228
RTM1C49,2.72,2.71,2.73,1000000.0,1000000.0,0,0,0,0,0,0,0,0,14,2026-02-05 10:07:33.178228
RTM1P49,1.8,1.79,1.81,1000000.0,1000000.0,0,0,0,0,0,0,0,0,14,2026-02-05 10:07:33.178228
RTM1C50,2.17,2.16,2.18,1000000.0,1000000.0,0,0,0,0,0,0,0,0,14,2026-02-05 10:07:33.178228
RTM1P50,2.25,2.24,2.26,1000000.0,1000000.0,0,0,0,0,0,0,0,0,14,2026-02-05 10:07:33.178228
RTM1C51,1.91,1.9,1.92,1000000.0,1000000.0,0,0,0,0,0,0,0,0,14,2026-02-05 10:07:33.178228
RTM1P51,3.0,2.99,3.01,1000000.0,1000000.0,0,0,0,0,0,0,0,0,14,2026-02-05 10:07:33.178228
RTM1C52,1.44,1.43,1.45,1000000.0,1000000.0,0,0,0,0,0,0,0,0,14,2026-02-05 10:07:33.178228
RTM1P52,3.53,3.52,3.54,1000000.0,1000000.0,0,0,0,0,0,0,0,0,14,2026-02-05 10:07:33.178228
RTM1C53,1.18,1.17,1.19,1000000.0,1000000.0,0,0,0,0,0,0,0,0,14,2026-02-05 10:07:33.178228
RTM1P53,4.27,4.26,4.28,1000000.0,1000000.0,0,0,0,0,0,0,0,0,14,2026-02-05 10:07:33.178228
RTM1C54,0.85,0.84,0.86,1000000.0,1000000.0,0,0,0,0,0,0,0,0,14,2026-02-05 10:07:33.178228
RTM1P54,4.94,4.93,4.95,1000000.0,1000000.0,0,0,0,0,0,0,0,0,14,2026-02-05 10:07:33.178228
RTM,49.84,49.83,49.85,100000000.0,100000000.0,0,0,0,0,0,0,0,0,15,2026-02-05 10:07:34.287411
RTM1C45,5.31,5.3,5.32,1000000.0,1000000.0,0,0,0,0,0,0,0,0,15,2026-02-05 10:07:34.287411
RTM1P45,0.46,0.45,0.47,1000000.0,1000000.0,0,0,0,0,0,0,0,0,15,2026-02-05 10:07:34.287411
RTM1C46,4.54,4.53,4.55,1000000.0,1000000.0,0,0,0,0,0,0,0,0,15,2026-02-05 10:07:34.287411
RTM1P46,0.7,0.69,0.71,1000000.0,1000000.0,0,0,0,0,0,0,0,0,15,2026-02-05 10:07:34.287411
RTM1C47,3.94,3.93,3.95,1000000.0,1000000.0,0,0,0,0,0,0,0,0,15,2026-02-05 10:07:34.287411
RTM1P47,1.1,1.09,1.11,1000000.0,1000000.0,0,0,0,0,0,0,0,0,15,2026-02-05 10:07:34.287411
RTM1C48,3.29,3.28,3.3,1000000.0,1000000.0,0,0,0,0,0,0,0,0,15,2026-02-05 10:07:34.287411
RTM1P48,1.44,1.43,1.45,1000000.0,1000000.0,0,0,0,0,0,0,0,0,15,2026-02-05 10:07:34.287411
RTM1C49,2.8,2.79,2.81,1000000.0,1000000.0,0,0,0,0,0,0,0,0,15,2026-02-05 10:07:34.287411
RTM1P49,1.95,1.94,1.96,1000000.0,1000000.0,0,0,0,0,0,0,0,0,15,2026-02-05 10:07:34.287411
RTM1C50,2.23,2.22,2.24,1000000.0,1000000.0,0,0,0,0,0,0,0,0,15,2026-02-05 10:07:34.287411
RTM1P50,2.38,2.37,2.39,1000000.0,1000000.0,0,0,0,0,0,0,0,0,15,2026-02-05 10:07:34.287411
RTM1C51,1.7,1.69,1.71,1000000.0,1000000.0,0,0,0,0,0,0,0,0,15,2026-02-05 10:07:34.287411
RTM1P51,2.86,2.85,2.87,1000000.0,1000000.0,0,0,0,0,0,0,0,0,15,2026-02-05 10:07:34.287411
RTM1C52,1.32,1.31,1.33,1000000.0,1000000.0,0,0,0,0,0,0,0,0,15,2026-02-05 10:07:34.287411
RTM1P52,3.48,3.47,3.49,1000000.0,1000000.0,0,0,0,0,0,0,0,0,15,2026-02-05 10:07:34.287411
RTM1C53,1.06,1.05,1.07,1000000.0,1000000.0,0,0,0,0,0,0,0,0,15,2026-02-05 10:07:34.287411
RTM1P53,4.22,4.21,4.23,1000000.0,1000000.0,0,0,0,0,0,0,0,0,15,2026-02-05 10:07:34.287411
RTM1C54,0.8,0.79,0.81,1000000.0,1000000.0,0,0,0,0,0,0,0,0,15,2026-02-05 10:07:34.287411
RTM1P54,4.96,4.95,4.97,1000000.0,1000000.0,0,0,0,0,0,0,0,0,15,2026-02-05 10:07:34.287411
RTM,49.78,49.77,49.79,100000000.0,100000000.0,0,0,0,0,0,0,0,0,16,2026-02-05 10:07:35.381513
RTM1C45,5.29,5.28,5.3,1000000.0,1000000.0,0,0,0,0,0,0,0,0,16,2026-02-05 10:07:35.381513
RTM1P45,0.51,0.5,0.52,1000000.0,1000000.0,0,0,0,0,0,0,0,0,16,2026-02-05 10:07:35.381513
RTM1C46,4.62,4.61,4.63,1000000.0,1000000.0,0,0,0,0,0,0,0,0,16,2026-02-05 10:07:35.381513
RTM1P46,0.84,0.83,0.85,1000000.0,1000000.0,0,0,0,0,0,0,0,0,16,2026-02-05 10:07:35.381513
RTM1C47,3.78,3.77,3.79,1000000.0,1000000.0,0,0,0,0,0,0,0,0,16,2026-02-05 10:07:35.381513
RTM1P47,1.0,0.99,1.01,1000000.0,1000000.0,0,0,0,0,0,0,0,0,16,2026-02-05 10:07:35.381513
RTM1C48,3.27,3.26,3.28,1000000.0,1000000.0,0,0,0,0,0,0,0,0,16,2026-02-05 10:07:35.381513
RTM1P48,1.49,1.48,1.5,1000000.0,1000000.0,0,0,0,0,0,0,0,0,16,2026-02-05 10:07:35.381513
RTM1C49,2.71,2.7,2.72,1000000.0,1000000.0,0,0,0,0,0,0,0,0,16,2026-02-05 10:07:35.381513
RTM1P49,1.92,1.91,1.93,1000000.0,1000000.0,0,0,0,0,0,0,0,0,16,2026-02-05 10:07:35.381513
RTM1C50,2.2,2.19,2.21,1000000.0,1000000.0,0,0,0,0,0,0,0,0,16,2026-02-05 10:07:35.381513
RTM1P50,2.41,2.4,2.42,1000000.0,1000000.0,0,0,0,0,0,0,0,0,16,2026-02-05 10:07:35.381513
RTM1C51,1.77,1.76,1.78,1000000.0,1000000.0,0,0,0,0,0,0,0,0,16,2026-02-05 10:07:35.381513
RTM1P51,2.99,2.98,3.0,1000000.0,1000000.0,0,0,0,0,0,0,0,0,16,2026-02-05 10:07:35.381513
RTM1C52,1.32,1.31,1.33,1000000.0,1000000.0,0,0,0,0,0,0,0,0,16,2026-02-05 10:07:35.381513
RTM1P52,3.53,3.52,3.54,1000000.0,1000000.0,0,0,0,0,0,0,0,0,16,2026-02-05 10:07:35.381513
RTM1C53,1.0,0.99,1.01,1000000.0,1000000.0,0,0,0,0,0,0,0,0,16,2026-02-05 10:07:35.381513
RTM1P53,4.21,4.2,4.22,1000000.0,1000000.0,0,0,0,0,0,0,0,0,16,2026-02-05 10:07:35.381513
RTM1C54,0.83,0.82,0.84,1000000.0,1000000.0,0,0,0,0,0,0,0,0,16,2026-02-05 10:07:35.381513
RTM1P54,5.05,5.04,5.06,1000000.0,1000000.0,0,0,0,0,0,0,0,0,16,2026-02-05 10:07:35.381513
RTM,50.32,50.3,50.32,100000000.0,100000000.0,0,0,0,0,0,0,0,0,17,2026-02-05 10:07:36.449600
RTM1C45,5.71,5.7,5.72,1000000.0,1000000.0,0,0,0,0,0,0,0,0,17,2026-02-05 10:07:36.449600
RTM1P45,0.4,0.39,0.41,1000000.0,1000000.0,0,0,0,0,0,0,0,0,17,2026-02-05 10:07:36.449600
RTM1C46,4.9,4.89,4.91,1000000.0,1000000.0,0,0,0,0,0,0,0,0,17,2026-02-05 10:07:36.449600
RTM1P46,0.59,0.58,0.6,1000000.0,1000000.0,0,0,0,0,0,0,0,0,17,2026-02-05 10:07:36.449600
RTM1C47,4.24,4.23,4.25,1000000.0,1000000.0,0,0,0,0,0,0,0,0,17,2026-02-05 10:07:36.449600
RTM1P47,0.92,0.91,0.93,1000000.0,1000000.0,0,0,0,0,0,0,0,0,17,2026-02-05 10:07:36.449600
RTM1C48,3.44,3.43,3.45,1000000.0,1000000.0,0,0,0,0,0,0,0,0,17,2026-02-05 10:07:36.449600
RTM1P48,1.13,1.12,1.14,1000000.0,1000000.0,0,0,0,0,0,0,0,0,17,2026-02-05 10:07:36.449600
RTM1C49,3.07,3.06,3.08,1000000.0,1000000.0,0,0,0,0,0,0,0,0,17,2026-02-05 10:07:36.449600
RTM1P49,1.76,1.75,1.77,1000000.0,1000000.0,0,0,0,0,0,0,0,0,17,2026-02-05 10:07:36.449600
RTM1C50,2.32,2.31,2.33,1000000.0,1000000.0,0,0,0,0,0,0,0,0,17,2026-02-05 10:07:36.449600
RTM1P50,2.0,1.99,2.01,1000000.0,1000000.0,0,0,0,0,0,0,0,0,17,2026-02-05 10:07:36.449600
RTM1C51,2.05,2.04,2.06,1000000.0,1000000.0,0,0,0,0,0,0,0,0,17,2026-02-05 10:07:36.449600
RTM1P51,2.74,2.73,2.75,1000000.0,1000000.0,0,0,0,0,0,0,0,0,17,2026-02-05 10:07:36.449600
RTM1C52,1.52,1.51,1.53,1000000.0,1000000.0,0,0,0,0,0,0,0,0,17,2026-02-05 10:07:36.449600
RTM1P52,3.21,3.2,3.22,1000000.0,1000000.0,0,0,0,0,0,0,0,0,17,2026-02-05 10:07:36.449600
RTM1C53,1.11,1.1,1.12,1000000.0,1000000.0,0,0,0,0,0,0,0,0,17,2026-02-05 10:07:36.449600
RTM1P53,3.79,3.78,3.8,1000000.0,1000000.0,0,0,0,0,0,0,0,0,17,2026-02-05 10:07:36.449600
RTM1C54,0.85,0.84,0.86,1000000.0,1000000.0,0,0,0,0,0,0,0,0,17,2026-02-05 10:07:36.449600
RTM1P54,4.54,4.53,4.55,1000000.0,1000000.0,0,0,0,0,0,0,0,0,17,2026-02-05 10:07:36.449600
RTM,50.35,50.34,50.36,100000000.0,100000000.0,0,0,0,0,0,0,0,0,18,2026-02-05 10:07:37.507605
RTM1C45,5.84,5.83,5.85,1000000.0,1000000.0,0,0,0,0,0,0,0,0,18,2026-02-05 10:07:37.507605
RTM1P45,0.49,0.48,0.5,1000000.0,1000000.0,0,0,0,0,0,0,0,0,18,2026-02-05 10:07:37.507605
RTM1C46,5.0,4.99,5.01,1000000.0,1000000.0,0,0,0,0,0,0,0,0,18,2026-02-05 10:07:37.507605
RTM1P46,0.65,0.64,0.66,1000000.0,1000000.0,0,0,0,0,0,0,0,0,18,2026-02-05 10:07:37.507605
RTM1C47,4.24,4.23,4.25,1000000.0,1000000.0,0,0,0,0,0,0,0,0,18,2026-02-05 10:07:37.507605
RTM1P47,0.89,0.88,0.9,1000000.0,1000000.0,0,0,0,0,0,0,0,0,18,2026-02-05 10:07:37.507605
RTM1C48,3.68,3.67,3.69,1000000.0,1000000.0,0,0,0,0,0,0,0,0,18,2026-02-05 10:07:37.507605
RTM1P48,1.33,1.32,1.34,1000000.0,1000000.0,0,0,0,0,0,0,0,0,18,2026-02-05 10:07:37.507605
RTM1C49,3.05,3.04,3.06,1000000.0,1000000.0,0,0,0,0,0,0,0,0,18,2026-02-05 10:07:37.507605
RTM1P49,1.7,1.69,1.71,1000000.0,1000000.0,0,0,0,0,0,0,0,0,18,2026-02-05 10:07:37.507605
RTM1C50,2.34,2.33,2.35,1000000.0,1000000.0,0,0,0,0,0,0,0,0,18,2026-02-05 10:07:37.507605
RTM1P50,1.99,1.98,2.0,1000000.0,1000000.0,0,0,0,0,0,0,0,0,18,2026-02-05 10:07:37.507605
RTM1C51,2.05,2.04,2.06,1000000.0,1000000.0,0,0,0,0,0,0,0,0,18,2026-02-05 10:07:37.507605
RTM1P51,2.7,2.69,2.71,1000000.0,1000000.0,0,0,0,0,0,0,0,0,18,2026-02-05 10:07:37.507605
RTM1C52,1.47,1.46,1.48,1000000.0,1000000.0,0,0,0,0,0,0,0,0,18,2026-02-05 10:07:37.507605
RTM1P52,3.12,3.11,3.13,1000000.0,1000000.0,0,0,0,0,0,0,0,0,18,2026-02-05 10:07:37.507605
RTM1C53,1.11,1.1,1.12,1000000.0,1000000.0,0,0,0,0,0,0,0,0,18,2026-02-05 10:07:37.507605
RTM1P53,3.76,3.75,3.77,1000000.0,1000000.0,0,0,0,0,0,0,0,0,18,2026-02-05 10:07:37.507605
RTM1C54,0.86,0.85,0.87,1000000.0,1000000.0,0,0,0,0,0,0,0,0,18,2026-02-05 10:07:37.507605
RTM1P54,4.51,4.5,4.52,1000000.0,1000000.0,0,0,0,0,0,0,0,0,18,2026-02-05 10:07:37.507605
RTM,50.73,50.72,50.74,100000000.0,100000000.0,0,0,0,0,0,0,0,0,19,2026-02-05 10:07:38.075471
RTM1C45,6.15,6.14,6.16,1000000.0,1000000.0,0,0,0,0,0,0,0,0,19,2026-02-05 10:07:38.075471
RTM1P45,0.42,0.41,0.43,1000000.0,1000000.0,0,0,0,0,0,0,0,0,19,2026-02-05 10:07:38.075471
RTM1C46,5.28,5.27,5.29,1000000.0,1000000.0,0,0,0,0,0,0,0,0,19,2026-02-05 10:07:38.075471
RTM1P46,0.56,0.55,0.57,1000000.0,1000000.0,0,0,0,0,0,0,0,0,19,2026-02-05 10:07:38.075471
RTM1C47,4.55,4.54,4.56,1000000.0,1000000.0,0,0,0,0,0,0,0,0,19,2026-02-05 10:07:38.075471
RTM1P47,0.82,0.81,0.83,1000000.0,1000000.0,0,0,0,0,0,0,0,0,19,2026-02-05 10:07:38.075471
RTM1C48,3.78,3.77,3.79,1000000.0,1000000.0,0,0,0,0,0,0,0,0,19,2026-02-05 10:07:38.075471
RTM1P48,1.06,1.05,1.07,1000000.0,1000000.0,0,0,0,0,0,0,0,0,19,2026-02-05 10:07:38.075471
RTM1C49,3.19,3.18,3.2,1000000.0,1000000.0,0,0,0,0,0,0,0,0,19,2026-02-05 10:07:38.075471
RTM1P49,1.46,1.45,1.47,1000000.0,1000000.0,0,0,0,0,0,0,0,0,19,2026-02-05 10:07:38.075471
RTM1C50,2.69,2.68,2.7,1000000.0,1000000.0,0,0,0,0,0,0,0,0,19,2026-02-05 10:07:38.075471
RTM1P50,1.96,1.95,1.97,1000000.0,1000000.0,0,0,0,0,0,0,0,0,19,2026-02-05 10:07:38.075471
RTM1C51,2.08,2.07,2.09,1000000.0,1000000.0,0,0,0,0,0,0,0,0,19,2026-02-05 10:07:38.075471
RTM1P51,2.35,2.34,2.36,1000000.0,1000000.0,0,0,0,0,0,0,0,0,19,2026-02-05 10:07:38.075471
RTM1C52,1.76,1.75,1.77,1000000.0,1000000.0,0,0,0,0,0,0,0,0,19,2026-02-05 10:07:38.075471
RTM1P52,3.03,3.02,3.04,1000000.0,1000000.0,0,0,0,0,0,0,0,0,19,2026-02-05 10:07:38.075471
RTM1C53,1.23,1.22,1.24,1000000.0,1000000.0,0,0,0,0,0,0,0,0,19,2026-02-05 10:07:38.075471
RTM1P53,3.5,3.49,3.51,1000000.0,1000000.0,0,0,0,0,0,0,0,0,19,2026-02-05 10:07:38.075471
RTM1C54,1.02,1.01,1.03,1000000.0,1000000.0,0,0,0,0,0,0,0,0,19,2026-02-05 10:07:38.075471
RTM1P54,4.29,4.28,4.3,1000000.0,1000000.0,0,0,0,0,0,0,0,0,19,2026-02-05 10:07:38.075471
RTM,50.69,50.68,50.7,100000000.0,100000000.0,0,0,0,0,0,0,0,0,20,2026-02-05 10:07:39.147790
RTM1C45,6.03,6.02,6.04,1000000.0,1000000.0,0,0,0,0,0,0,0,0,20,2026-02-05 10:07:39.147790
RTM1P45,0.35,0.34,0.36,1000000.0,1000000.0,0,0,0,0,0,0,0,0,20,2026-02-05 10:07:39.147790
RTM1C46,5.29,5.28,5.3,1000000.0,1000000.0,0,0,0,0,0,0,0,0,20,2026-02-05 10:07:39.147790
RTM1P46,0.61,0.6,0.62,1000000.0,1000000.0,0,0,0,0,0,0,0,0,20,2026-02-05 10:07:39.147790
RTM1C47,4.41,4.4,4.42,1000000.0,1000000.0,0,0,0,0,0,0,0,0,20,2026-02-05 10:07:39.147790
RTM1P47,0.73,0.72,0.74,1000000.0,1000000.0,0,0,0,0,0,0,0,0,20,2026-02-05 10:07:39.147790
RTM1C48,3.86,3.85,3.87,1000000.0,1000000.0,0,0,0,0,0,0,0,0,20,2026-02-05 10:07:39.147790
RTM1P48,1.17,1.16,1.18,1000000.0,1000000.0,0,0,0,0,0,0,0,0,20,2026-02-05 10:07:39.147790
RTM1C49,3.08,3.07,3.09,1000000.0,1000000.0,0,0,0,0,0,0,0,0,20,2026-02-05 10:07:39.147790
RTM1P49,1.4,1.39,1.41,1000000.0,1000000.0,0,0,0,0,0,0,0,0,20,2026-02-05 10:07:39.147790
RTM1C50,2.61,2.6,2.62,1000000.0,1000000.0,0,0,0,0,0,0,0,0,20,2026-02-05 10:07:39.147790
RTM1P50,1.93,1.92,1.94,1000000.0,1000000.0,0,0,0,0,0,0,0,0,20,2026-02-05 10:07:39.147790
RTM1C51,2.16,2.15,2.17,1000000.0,1000000.0,0,0,0,0,0,0,0,0,20,2026-02-05 10:07:39.147790
RTM1P51,2.47,2.46,2.48,1000000.0,1000000.0,0,0,0,0,0,0,0,0,20,2026-02-05 10:07:39.147790
RTM1C52,1.66,1.65,1.67,1000000.0,1000000.0,0,0,0,0,0,0,0,0,20,2026-02-05 10:07:39.147790
RTM1P52,2.98,2.97,2.99,1000000.0,1000000.0,0,0,0,0,0,0,0,0,20,2026-02-05 10:07:39.147790
RTM1C53,1.3,1.29,1.31,1000000.0,1000000.0,0,0,0,0,0,0,0,0,20,2026-02-05 10:07:39.147790
RTM1P53,3.61,3.6,3.62,1000000.0,1000000.0,0,0,0,0,0,0,0,0,20,2026-02-05 10:07:39.147790
RTM1C54,0.98,0.97,0.99,1000000.0,1000000.0,0,0,0,0,0,0,0,0,20,2026-02-05 10:07:39.147790
RTM1P54,4.3,4.29,4.31,1000000.0,1000000.0,0,0,0,0,0,0,0,0,20,2026-02-05 10:07:39.147790
RTM,50.93,50.92,50.94,100000000.0,100000000.0,0,0,0,0,0,0,0,0,21,2026-02-05 10:07:40.240604
RTM1C45,6.22,6.21,6.23,1000000.0,1000000.0,0,0,0,0,0,0,0,0,21,2026-02-05 10:07:40.240604
RTM1P45,0.29,0.28,0.3,1000000.0,1000000.0,0,0,0,0,0,0,0,0,21,2026-02-05 10:07:40.240604
RTM1C46,5.4,5.39,5.41,1000000.0,1000000.0,0,0,0,0,0,0,0,0,21,2026-02-05 10:07:40.240604
RTM1P46,0.46,0.45,0.47,1000000.0,1000000.0,0,0,0,0,0,0,0,0,21,2026-02-05 10:07:40.240604
RTM1C47,4.62,4.61,4.63,1000000.0,1000000.0,0,0,0,0,0,0,0,0,21,2026-02-05 10:07:40.240604
RTM1P47,0.68,0.67,0.69,1000000.0,1000000.0,0,0,0,0,0,0,0,0,21,2026-02-05 10:07:40.240604
RTM1C48,3.89,3.88,3.9,1000000.0,1000000.0,0,0,0,0,0,0,0,0,21,2026-02-05 10:07:40.240604
RTM1P48,0.96,0.95,0.97,1000000.0,1000000.0,0,0,0,0,0,0,0,0,21,2026-02-05 10:07:40.240604
RTM1C49,3.23,3.22,3.24,1000000.0,1000000.0,0,0,0,0,0,0,0,0,21,2026-02-05 10:07:40.240604
RTM1P49,1.3,1.29,1.31,1000000.0,1000000.0,0,0,0,0,0,0,0,0,21,2026-02-05 10:07:40.240604
RTM1C50,2.79,2.78,2.8,1000000.0,1000000.0,0,0,0,0,0,0,0,0,21,2026-02-05 10:07:40.240604
RTM1P50,1.86,1.85,1.87,1000000.0,1000000.0,0,0,0,0,0,0,0,0,21,2026-02-05 10:07:40.240604
RTM1C51,2.3,2.29,2.31,1000000.0,1000000.0,0,0,0,0,0,0,0,0,21,2026-02-05 10:07:40.240604
RTM1P51,2.36,2.35,2.37,1000000.0,1000000.0,0,0,0,0,0,0,0,0,21,2026-02-05 10:07:40.240604
RTM1C52,1.75,1.74,1.76,1000000.0,1000000.0,0,0,0,0,0,0,0,0,21,2026-02-05 10:07:40.240604
RTM1P52,2.81,2.8,2.82,1000000.0,1000000.0,0,0,0,0,0,0,0,0,21,2026-02-05 10:07:40.240604
RTM1C53,1.27,1.26,1.28,1000000.0,1000000.0,0,0,0,0,0,0,0,0,21,2026-02-05 10:07:40.240604
RTM1P53,3.34,3.33,3.35,1000000.0,1000000.0,0,0,0,0,0,0,0,0,21,2026-02-05 10:07:40.240604
RTM1C54,1.04,1.03,1.05,1000000.0,1000000.0,0,0,0,0,0,0,0,0,21,2026-02-05 10:07:40.240604
RTM1P54,4.1,4.09,4.11,1000000.0,1000000.0,0,0,0,0,0,0,0,0,21,2026-02-05 10:07:40.240604
RTM,50.75,50.73,50.75,100000000.0,100000000.0,0,0,0,0,0,0,0,0,22,2026-02-05 10:07:41.317716
RTM1C45,6.07,6.06,6.08,1000000.0,1000000.0,0,0,0,0,0,0,0,0,22,2026-02-05 10:07:41.317716
RTM1P45,0.33,0.32,0.34,1000000.0,1000000.0,0,0,0,0,0,0,0,0,22,2026-02-05 10:07:41.317716
RTM1C46,5.2,5.19,5.21,1000000.0,1000000.0,0,0,0,0,0,0,0,0,22,2026-02-05 10:07:41.317716
RTM1P46,0.46,0.45,0.47,1000000.0,1000000.0,0,0,0,0,0,0,0,0,22,2026-02-05 10:07:41.317716
RTM1C47,4.49,4.48,4.5,1000000.0,1000000.0,0,0,0,0,0,0,0,0,22,2026-02-05 10:07:41.317716
RTM1P47,0.75,0.74,0.76,1000000.0,1000000.0,0,0,0,0,0,0,0,0,22,2026-02-05 10:07:41.317716
RTM1C48,3.85,3.84,3.86,1000000.0,1000000.0,0,0,0,0,0,0,0,0,22,2026-02-05 10:07:41.317716
RTM1P48,1.11,1.1,1.12,1000000.0,1000000.0,0,0,0,0,0,0,0,0,22,2026-02-05 10:07:41.317716
RTM1C49,3.2,3.19,3.21,1000000.0,1000000.0,0,0,0,0,0,0,0,0,22,2026-02-05 10:07:41.317716
RTM1P49,1.46,1.45,1.47,1000000.0,1000000.0,0,0,0,0,0,0,0,0,22,2026-02-05 10:07:41.317716
RTM1C50,2.49,2.48,2.5,1000000.0,1000000.0,0,0,0,0,0,0,0,0,22,2026-02-05 10:07:41.317716
RTM1P50,1.75,1.74,1.76,1000000.0,1000000.0,0,0,0,0,0,0,0,0,22,2026-02-05 10:07:41.317716
RTM1C51,2.2,2.19,2.21,1000000.0,1000000.0,0,0,0,0,0,0,0,0,22,2026-02-05 10:07:41.317716
RTM1P51,2.46,2.45,2.47,1000000.0,1000000.0,0,0,0,0,0,0,0,0,22,2026-02-05 10:07:41.317716
RTM1C52,1.63,1.62,1.64,1000000.0,1000000.0,0,0,0,0,0,0,0,0,22,2026-02-05 10:07:41.317716
RTM1P52,2.89,2.88,2.9,1000000.0,1000000.0,0,0,0,0,0,0,0,0,22,2026-02-05 10:07:41.317716
RTM1C53,1.32,1.31,1.33,1000000.0,1000000.0,0,0,0,0,0,0,0,0,22,2026-02-05 10:07:41.317716
RTM1P53,3.58,3.57,3.59,1000000.0,1000000.0,0,0,0,0,0,0,0,0,22,2026-02-05 10:07:41.317716
RTM1C54,1.07,1.06,1.08,1000000.0,1000000.0,0,0,0,0,0,0,0,0,22,2026-02-05 10:07:41.317716
RTM1P54,4.33,4.32,4.34,1000000.0,1000000.0,0,0,0,0,0,0,0,0,22,2026-02-05 10:07:41.317716
RTM,50.65,50.63,50.65,100000000.0,100000000.0,0,0,0,0,0,0,0,0,23,2026-02-05 10:07:42.374156
RTM1C45,5.98,5.97,5.99,1000000.0,1000000.0,0,0,0,0,0,0,0,0,23,2026-02-05 10:07:42.374156
RTM1P45,0.34,0.33,0.35,1000000.0,1000000.0,0,0,0,0,0,0,0,0,23,2026-02-05 10:07:42.374156
RTM1C46,5.11,5.1,5.12,1000000.0,1000000.0,0,0,0,0,0,0,0,0,23,2026-02-05 10:07:42.374156
RTM1P46,0.47,0.46,0.48,1000000.0,1000000.0,0,0,0,0,0,0,0,0,23,2026-02-05 10:07:42.374156
RTM1C47,4.49,4.48,4.5,1000000.0,1000000.0,0,0,0,0,0,0,0,0,23,2026-02-05 10:07:42.374156
RTM1P47,0.85,0.84,0.86,1000000.0,1000000.0,0,0,0,0,0,0,0,0,23,2026-02-05 10:07:42.374156
RTM1C48,3.61,3.6,3.62,1000000.0,1000000.0,0,0,0,0,0,0,0,0,23,2026-02-05 10:07:42.374156
RTM1P48,0.97,0.96,0.98,1000000.0,1000000.0,0,0,0,0,0,0,0,0,23,2026-02-05 10:07:42.374156
RTM1C49,3.05,3.04,3.06,1000000.0,1000000.0,0,0,0,0,0,0,0,0,23,2026-02-05 10:07:42.374156
RTM1P49,1.41,1.4,1.42,1000000.0,1000000.0,0,0,0,0,0,0,0,0,23,2026-02-05 10:07:42.374156
RTM1C50,2.6,2.59,2.61,1000000.0,1000000.0,0,0,0,0,0,0,0,0,23,2026-02-05 10:07:42.374156
RTM1P50,1.96,1.95,1.97,1000000.0,1000000.0,0,0,0,0,0,0,0,0,23,2026-02-05 10:07:42.374156
RTM1C51,1.93,1.92,1.94,1000000.0,1000000.0,0,0,0,0,0,0,0,0,23,2026-02-05 10:07:42.374156
RTM1P51,2.29,2.28,2.3,1000000.0,1000000.0,0,0,0,0,0,0,0,0,23,2026-02-05 10:07:42.374156
RTM1C52,1.51,1.5,1.52,1000000.0,1000000.0,0,0,0,0,0,0,0,0,23,2026-02-05 10:07:42.374156
RTM1P52,2.86,2.85,2.87,1000000.0,1000000.0,0,0,0,0,0,0,0,0,23,2026-02-05 10:07:42.374156
RTM1C53,1.16,1.15,1.17,1000000.0,1000000.0,0,0,0,0,0,0,0,0,23,2026-02-05 10:07:42.374156
RTM1P53,3.52,3.51,3.53,1000000.0,1000000.0,0,0,0,0,0,0,0,0,23,2026-02-05 10:07:42.374156
RTM1C54,0.88,0.87,0.89,1000000.0,1000000.0,0,0,0,0,0,0,0,0,23,2026-02-05 10:07:42.374156
RTM1P54,4.24,4.23,4.25,1000000.0,1000000.0,0,0,0,0,0,0,0,0,23,2026-02-05 10:07:42.374156
RTM,50.68,50.66,50.68,100000000.0,100000000.0,0,0,0,0,0,0,0,0,24,2026-02-05 10:07:43.425439
RTM1C45,6.03,6.02,6.04,1000000.0,1000000.0,0,0,0,0,0,0,0,0,24,2026-02-05 10:07:43.425439
RTM1P45,0.36,0.35,0.37,1000000.0,1000000.0,0,0,0,0,0,0,0,0,24,2026-02-05 10:07:43.425439
RTM1C46,5.17,5.16,5.18,1000000.0,1000000.0,0,0,0,0,0,0,0,0,24,2026-02-05 10:07:43.425439
RTM1P46,0.5,0.49,0.51,1000000.0,1000000.0,0,0,0,0,0,0,0,0,24,2026-02-05 10:07:43.425439
RTM1C47,4.42,4.41,4.43,1000000.0,1000000.0,0,0,0,0,0,0,0,0,24,2026-02-05 10:07:43.425439
RTM1P47,0.75,0.74,0.76,1000000.0,1000000.0,0,0,0,0,0,0,0,0,24,2026-02-05 10:07:43.425439
RTM1C48,3.65,3.64,3.66,1000000.0,1000000.0,0,0,0,0,0,0,0,0,24,2026-02-05 10:07:43.425439
RTM1P48,0.98,0.97,0.99,1000000.0,1000000.0,0,0,0,0,0,0,0,0,24,2026-02-05 10:07:43.425439
RTM1C49,3.04,3.03,3.05,1000000.0,1000000.0,0,0,0,0,0,0,0,0,24,2026-02-05 10:07:43.425439
RTM1P49,1.37,1.36,1.38,1000000.0,1000000.0,0,0,0,0,0,0,0,0,24,2026-02-05 10:07:43.425439
RTM1C50,2.43,2.42,2.44,1000000.0,1000000.0,0,0,0,0,0,0,0,0,24,2026-02-05 10:07:43.425439
RTM1P50,1.76,1.75,1.77,1000000.0,1000000.0,0,0,0,0,0,0,0,0,24,2026-02-05 10:07:43.425439
RTM1C51,1.94,1.93,1.95,1000000.0,1000000.0,0,0,0,0,0,0,0,0,24,2026-02-05 10:07:43.425439
RTM1P51,2.27,2.26,2.28,1000000.0,1000000.0,0,0,0,0,0,0,0,0,24,2026-02-05 10:07:43.425439
RTM1C52,1.68,1.67,1.69,1000000.0,1000000.0,0,0,0,0,0,0,0,0,24,2026-02-05 10:07:43.425439
RTM1P52,3.01,3.0,3.02,1000000.0,1000000.0,0,0,0,0,0,0,0,0,24,2026-02-05 10:07:43.425439
RTM1C53,1.3,1.29,1.31,1000000.0,1000000.0,0,0,0,0,0,0,0,0,24,2026-02-05 10:07:43.425439
RTM1P53,3.63,3.62,3.64,1000000.0,1000000.0,0,0,0,0,0,0,0,0,24,2026-02-05 10:07:43.425439
RTM1C54,0.95,0.94,0.96,1000000.0,1000000.0,0,0,0,0,0,0,0,0,24,2026-02-05 10:07:43.425439
RTM1P54,4.28,4.27,4.29,1000000.0,1000000.0,0,0,0,0,0,0,0,0,24,2026-02-05 10:07:43.425439
RTM,51.16,51.15,51.17,100000000.0,100000000.0,0,0,0,0,0,0,0,0,25,2026-02-05 10:07:44.486530
RTM1C45,6.45,6.44,6.46,1000000.0,1000000.0,0,0,0,0,0,0,0,0,25,2026-02-05 10:07:44.486530
RTM1P45,0.28,0.27,0.29,1000000.0,1000000.0,0,0,0,0,0,0,0,0,25,2026-02-05 10:07:44.486530
RTM1C46,5.64,5.63,5.65,1000000.0,1000000.0,0,0,0,0,0,0,0,0,25,2026-02-05 10:07:44.486530
RTM1P46,0.48,0.47,0.49,1000000.0,1000000.0,0,0,0,0,0,0,0,0,25,2026-02-05 10:07:44.486530
RTM1C47,4.76,4.75,4.77,1000000.0,1000000.0,0,0,0,0,0,0,0,0,25,2026-02-05 10:07:44.486530
RTM1P47,0.6,0.59,0.61,1000000.0,1000000.0,0,0,0,0,0,0,0,0,25,2026-02-05 10:07:44.486530
RTM1C48,4.05,4.04,4.06,1000000.0,1000000.0,0,0,0,0,0,0,0,0,25,2026-02-05 10:07:44.486530
RTM1P48,0.88,0.87,0.89,1000000.0,1000000.0,0,0,0,0,0,0,0,0,25,2026-02-05 10:07:44.486530
RTM1C49,3.36,3.35,3.37,1000000.0,1000000.0,0,0,0,0,0,0,0,0,25,2026-02-05 10:07:44.486530
RTM1P49,1.2,1.19,1.21,1000000.0,1000000.0,0,0,0,0,0,0,0,0,25,2026-02-05 10:07:44.486530
RTM1C50,2.69,2.68,2.7,1000000.0,1000000.0,0,0,0,0,0,0,0,0,25,2026-02-05 10:07:44.486530
RTM1P50,1.53,1.52,1.54,1000000.0,1000000.0,0,0,0,0,0,0,0,0,25,2026-02-05 10:07:44.486530
RTM1C51,2.29,2.28,2.3,1000000.0,1000000.0,0,0,0,0,0,0,0,0,25,2026-02-05 10:07:44.486530
RTM1P51,2.13,2.12,2.14,1000000.0,1000000.0,0,0,0,0,0,0,0,0,25,2026-02-05 10:07:44.486530
RTM1C52,1.79,1.78,1.8,1000000.0,1000000.0,0,0,0,0,0,0,0,0,25,2026-02-05 10:07:44.486530
RTM1P52,2.63,2.62,2.64,1000000.0,1000000.0,0,0,0,0,0,0,0,0,25,2026-02-05 10:07:44.486530
RTM1C53,1.37,1.36,1.38,1000000.0,1000000.0,0,0,0,0,0,0,0,0,25,2026-02-05 10:07:44.486530
RTM1P53,3.21,3.2,3.22,1000000.0,1000000.0,0,0,0,0,0,0,0,0,25,2026-02-05 10:07:44.486530
RTM1C54,1.02,1.01,1.03,1000000.0,1000000.0,0,0,0,0,0,0,0,0,25,2026-02-05 10:07:44.486530
RTM1P54,3.86,3.85,3.87,1000000.0,1000000.0,0,0,0,0,0,0,0,0,25,2026-02-05 10:07:44.486530
RTM,50.93,50.92,50.94,100000000.0,100000000.0,0,0,0,0,0,0,0,0,26,2026-02-05 10:07:45.533958
RTM1C45,6.23,6.22,6.24,1000000.0,1000000.0,0,0,0,0,0,0,0,0,26,2026-02-05 10:07:45.533958
RTM1P45,0.3,0.29,0.31,1000000.0,1000000.0,0,0,0,0,0,0,0,0,26,2026-02-05 10:07:45.533958
RTM1C46,5.45,5.44,5.46,1000000.0,1000000.0,0,0,0,0,0,0,0,0,26,2026-02-05 10:07:45.533958
RTM1P46,0.52,0.51,0.53,1000000.0,1000000.0,0,0,0,0,0,0,0,0,26,2026-02-05 10:07:45.533958
RTM1C47,4.59,4.58,4.6,1000000.0,1000000.0,0,0,0,0,0,0,0,0,26,2026-02-05 10:07:45.533958
RTM1P47,0.66,0.65,0.67,1000000.0,1000000.0,0,0,0,0,0,0,0,0,26,2026-02-05 10:07:45.533958
RTM1C48,3.88,3.87,3.89,1000000.0,1000000.0,0,0,0,0,0,0,0,0,26,2026-02-05 10:07:45.533958
RTM1P48,0.95,0.94,0.96,1000000.0,1000000.0,0,0,0,0,0,0,0,0,26,2026-02-05 10:07:45.533958
RTM1C49,3.15,3.14,3.16,1000000.0,1000000.0,0,0,0,0,0,0,0,0,26,2026-02-05 10:07:45.533958
RTM1P49,1.22,1.21,1.23,1000000.0,1000000.0,0,0,0,0,0,0,0,0,26,2026-02-05 10:07:45.533958
RTM1C50,2.8,2.79,2.81,1000000.0,1000000.0,0,0,0,0,0,0,0,0,26,2026-02-05 10:07:45.533958
RTM1P50,1.87,1.86,1.88,1000000.0,1000000.0,0,0,0,0,0,0,0,0,26,2026-02-05 10:07:45.533958
RTM1C51,2.1,2.09,2.11,1000000.0,1000000.0,0,0,0,0,0,0,0,0,26,2026-02-05 10:07:45.533958
RTM1P51,2.17,2.16,2.18,1000000.0,1000000.0,0,0,0,0,0,0,0,0,26,2026-02-05 10:07:45.533958
RTM1C52,1.79,1.78,1.8,1000000.0,1000000.0,0,0,0,0,0,0,0,0,26,2026-02-05 10:07:45.533958
RTM1P52,2.86,2.85,2.87,1000000.0,1000000.0,0,0,0,0,0,0,0,0,26,2026-02-05 10:07:45.533958
RTM1C53,1.36,1.35,1.37,1000000.0,1000000.0,0,0,0,0,0,0,0,0,26,2026-02-05 10:07:45.533958
RTM1P53,3.44,3.43,3.45,1000000.0,1000000.0,0,0,0,0,0,0,0,0,26,2026-02-05 10:07:45.533958
RTM1C54,1.11,1.1,1.12,1000000.0,1000000.0,0,0,0,0,0,0,0,0,26,2026-02-05 10:07:45.533958
RTM1P54,4.19,4.18,4.2,1000000.0,1000000.0,0,0,0,0,0,0,0,0,26,2026-02-05 10:07:45.533958
RTM,50.95,50.95,50.97,100000000.0,100000000.0,0,0,0,0,0,0,0,0,27,2026-02-05 10:07:46.589968
RTM1C45,6.27,6.26,6.28,1000000.0,1000000.0,0,0,0,0,0,0,0,0,27,2026-02-05 10:07:46.589968
RTM1P45,0.31,0.3,0.32,1000000.0,1000000.0,0,0,0,0,0,0,0,0,27,2026-02-05 10:07:46.589968
RTM1C46,5.41,5.4,5.42,1000000.0,1000000.0,0,0,0,0,0,0,0,0,27,2026-02-05 10:07:46.589968
RTM1P46,0.45,0.44,0.46,1000000.0,1000000.0,0,0,0,0,0,0,0,0,27,2026-02-05 10:07:46.589968
RTM1C47,4.62,4.61,4.63,1000000.0,1000000.0,0,0,0,0,0,0,0,0,27,2026-02-05 10:07:46.589968
RTM1P47,0.66,0.65,0.67,1000000.0,1000000.0,0,0,0,0,0,0,0,0,27,2026-02-05 10:07:46.589968
RTM1C48,3.95,3.94,3.96,1000000.0,1000000.0,0,0,0,0,0,0,0,0,27,2026-02-05 10:07:46.589968
RTM1P48,0.99,0.98,1.0,1000000.0,1000000.0,0,0,0,0,0,0,0,0,27,2026-02-05 10:07:46.589968
RTM1C49,3.26,3.25,3.27,1000000.0,1000000.0,0,0,0,0,0,0,0,0,27,2026-02-05 10:07:46.589968
RTM1P49,1.3,1.29,1.31,1000000.0,1000000.0,0,0,0,0,0,0,0,0,27,2026-02-05 10:07:46.589968
RTM1C50,2.74,2.73,2.75,1000000.0,1000000.0,0,0,0,0,0,0,0,0,27,2026-02-05 10:07:46.589968
RTM1P50,1.78,1.77,1.79,1000000.0,1000000.0,0,0,0,0,0,0,0,0,27,2026-02-05 10:07:46.589968
RTM1C51,2.22,2.21,2.23,1000000.0,1000000.0,0,0,0,0,0,0,0,0,27,2026-02-05 10:07:46.589968
RTM1P51,2.27,2.26,2.28,1000000.0,1000000.0,0,0,0,0,0,0,0,0,27,2026-02-05 10:07:46.589968
RTM1C52,1.77,1.76,1.78,1000000.0,1000000.0,0,0,0,0,0,0,0,0,27,2026-02-05 10:07:46.589968
RTM1P52,2.81,2.8,2.82,1000000.0,1000000.0,0,0,0,0,0,0,0,0,27,2026-02-05 10:07:46.589968
RTM1C53,1.27,1.26,1.28,1000000.0,1000000.0,0,0,0,0,0,0,0,0,27,2026-02-05 10:07:46.589968
RTM1P53,3.32,3.31,3.33,1000000.0,1000000.0,0,0,0,0,0,0,0,0,27,2026-02-05 10:07:46.589968
RTM1C54,1.07,1.06,1.08,1000000.0,1000000.0,0,0,0,0,0,0,0,0,27,2026-02-05 10:07:46.589968
RTM1P54,4.12,4.11,4.13,1000000.0,1000000.0,0,0,0,0,0,0,0,0,27,2026-02-05 10:07:46.589968
RTM,51.12,51.11,51.13,100000000.0,100000000.0,0,0,0,0,0,0,0,0,28,2026-02-05 10:07:47.165343
RTM1C45,6.42,6.41,6.43,1000000.0,1000000.0,0,0,0,0,0,0,0,0,28,2026-02-05 10:07:47.165343
RTM1P45,0.3,0.29,0.31,1000000.0,1000000.0,0,0,0,0,0,0,0,0,28,2026-02-05 10:07:47.165343
RTM1C46,5.56,5.55,5.57,1000000.0,1000000.0,0,0,0,0,0,0,0,0,28,2026-02-05 10:07:47.165343
RTM1P46,0.45,0.44,0.46,1000000.0,1000000.0,0,0,0,0,0,0,0,0,28,2026-02-05 10:07:47.165343
RTM1C47,4.79,4.78,4.8,1000000.0,1000000.0,0,0,0,0,0,0,0,0,28,2026-02-05 10:07:47.165343
RTM1P47,0.67,0.66,0.68,1000000.0,1000000.0,0,0,0,0,0,0,0,0,28,2026-02-05 10:07:47.165343
RTM1C48,4.05,4.04,4.06,1000000.0,1000000.0,0,0,0,0,0,0,0,0,28,2026-02-05 10:07:47.165343
RTM1P48,0.93,0.92,0.94,1000000.0,1000000.0,0,0,0,0,0,0,0,0,28,2026-02-05 10:07:47.165343
RTM1C49,3.28,3.27,3.29,1000000.0,1000000.0,0,0,0,0,0,0,0,0,28,2026-02-05 10:07:47.165343
RTM1P49,1.16,1.15,1.17,1000000.0,1000000.0,0,0,0,0,0,0,0,0,28,2026-02-05 10:07:47.165343
RTM1C50,2.83,2.82,2.84,1000000.0,1000000.0,0,0,0,0,0,0,0,0,28,2026-02-05 10:07:47.165343
RTM1P50,1.71,1.7,1.72,1000000.0,1000000.0,0,0,0,0,0,0,0,0,28,2026-02-05 10:07:47.165343
RTM1C51,2.13,2.12,2.14,1000000.0,1000000.0,0,0,0,0,0,0,0,0,28,2026-02-05 10:07:47.165343
RTM1P51,2.02,2.01,2.03,1000000.0,1000000.0,0,0,0,0,0,0,0,0,28,2026-02-05 10:07:47.165343
RTM1C52,1.72,1.71,1.73,1000000.0,1000000.0,0,0,0,0,0,0,0,0,28,2026-02-05 10:07:47.165343
RTM1P52,2.6,2.59,2.61,1000000.0,1000000.0,0,0,0,0,0,0,0,0,28,2026-02-05 10:07:47.165343
RTM1C53,1.36,1.35,1.37,1000000.0,1000000.0,0,0,0,0,0,0,0,0,28,2026-02-05 10:07:47.165343
RTM1P53,3.24,3.23,3.25,1000000.0,1000000.0,0,0,0,0,0,0,0,0,28,2026-02-05 10:07:47.165343
RTM1C54,1.11,1.1,1.12,1000000.0,1000000.0,0,0,0,0,0,0,0,0,28,2026-02-05 10:07:47.165343
RTM1P54,3.99,3.98,4.0,1000000.0,1000000.0,0,0,0,0,0,0,0,0,28,2026-02-05 10:07:47.165343
RTM,51.37,51.36,51.38,100000000.0,100000000.0,0,0,0,0,0,0,0,0,29,2026-02-05 10:07:48.234952
RTM1C45,6.64,6.63,6.65,1000000.0,1000000.0,0,0,0,0,0,0,0,0,29,2026-02-05 10:07:48.234952
RTM1P45,0.27,0.26,0.28,1000000.0,1000000.0,0,0,0,0,0,0,0,0,29,2026-02-05 10:07:48.234952
RTM1C46,5.81,5.8,5.82,1000000.0,1000000.0,0,0,0,0,0,0,0,0,29,2026-02-05 10:07:48.234952
RTM1P46,0.43,0.42,0.44,1000000.0,1000000.0,0,0,0,0,0,0,0,0,29,2026-02-05 10:07:48.234952
RTM1C47,5.0,4.99,5.01,1000000.0,1000000.0,0,0,0,0,0,0,0,0,29,2026-02-05 10:07:48.234952
RTM1P47,0.62,0.61,0.63,1000000.0,1000000.0,0,0,0,0,0,0,0,0,29,2026-02-05 10:07:48.234952
RTM1C48,4.17,4.16,4.18,1000000.0,1000000.0,0,0,0,0,0,0,0,0,29,2026-02-05 10:07:48.234952
RTM1P48,0.79,0.78,0.8,1000000.0,1000000.0,0,0,0,0,0,0,0,0,29,2026-02-05 10:07:48.234952
RTM1C49,3.5,3.49,3.51,1000000.0,1000000.0,0,0,0,0,0,0,0,0,29,2026-02-05 10:07:48.234952
RTM1P49,1.12,1.11,1.13,1000000.0,1000000.0,0,0,0,0,0,0,0,0,29,2026-02-05 10:07:48.234952
RTM1C50,2.91,2.9,2.92,1000000.0,1000000.0,0,0,0,0,0,0,0,0,29,2026-02-05 10:07:48.234952
RTM1P50,1.54,1.53,1.55,1000000.0,1000000.0,0,0,0,0,0,0,0,0,29,2026-02-05 10:07:48.234952
RTM1C51,2.27,2.26,2.28,1000000.0,1000000.0,0,0,0,0,0,0,0,0,29,2026-02-05 10:07:48.234952
RTM1P51,1.9,1.89,1.91,1000000.0,1000000.0,0,0,0,0,0,0,0,0,29,2026-02-05 10:07:48.234952
RTM1C52,1.78,1.77,1.79,1000000.0,1000000.0,0,0,0,0,0,0,0,0,29,2026-02-05 10:07:48.234952
RTM1P52,2.41,2.4,2.42,1000000.0,1000000.0,0,0,0,0,0,0,0,0,29,2026-02-05 10:07:48.234952
RTM1C53,1.39,1.38,1.4,1000000.0,1000000.0,0,0,0,0,0,0,0,0,29,2026-02-05 10:07:48.234952
RTM1P53,3.02,3.01,3.03,1000000.0,1000000.0,0,0,0,0,0,0,0,0,29,2026-02-05 10:07:48.234952
RTM1C54,1.14,1.13,1.15,1000000.0,1000000.0,0,0,0,0,0,0,0,0,29,2026-02-05 10:07:48.234952
RTM1P54,3.76,3.75,3.77,1000000.0,1000000.0,0,0,0,0,0,0,0,0,29,2026-02-05 10:07:48.234952
RTM,51.53,51.52,51.54,100000000.0,100000000.0,0,0,0,0,0,0,0,0,30,2026-02-05 10:07:49.305033
RTM1C45,6.76,6.75,6.77,1000000.0,1000000.0,0,0,0,0,0,0,0,0,30,2026-02-05 10:07:49.305033
RTM1P45,0.23,0.22,0.24,1000000.0,1000000.0,0,0,0,0,0,0,0,0,30,2026-02-05 10:07:49.305033
RTM1C46,5.89,5.88,5.9,1000000.0,1000000.0,0,0,0,0,0,0,0,0,30,2026-02-05 10:07:49.305033
RTM1P46,0.36,0.35,0.37,1000000.0,1000000.0,0,0,0,0,0,0,0,0,30,2026-02-05 10:07:49.305033
RTM1C47,5.07,5.06,5.08,1000000.0,1000000.0,0,0,0,0,0,0,0,0,30,2026-02-05 10:07:49.305033
RTM1P47,0.54,0.53,0.55,1000000.0,1000000.0,0,0,0,0,0,0,0,0,30,2026-02-05 10:07:49.305033
RTM1C48,4.25,4.24,4.26,1000000.0,1000000.0,0,0,0,0,0,0,0,0,30,2026-02-05 10:07:49.305033
RTM1P48,0.72,0.71,0.73,1000000.0,1000000.0,0,0,0,0,0,0,0,0,30,2026-02-05 10:07:49.305033
RTM1C49,3.64,3.63,3.65,1000000.0,1000000.0,0,0,0,0,0,0,0,0,30,2026-02-05 10:07:49.305033
RTM1P49,1.11,1.1,1.12,1000000.0,1000000.0,0,0,0,0,0,0,0,0,30,2026-02-05 10:07:49.305033
RTM1C50,2.93,2.92,2.94,1000000.0,1000000.0,0,0,0,0,0,0,0,0,30,2026-02-05 10:07:49.305033
RTM1P50,1.4,1.39,1.41,1000000.0,1000000.0,0,0,0,0,0,0,0,0,30,2026-02-05 10:07:49.305033
RTM1C51,2.38,2.37,2.39,1000000.0,1000000.0,0,0,0,0,0,0,0,0,30,2026-02-05 10:07:49.305033
RTM1P51,1.85,1.84,1.86,1000000.0,1000000.0,0,0,0,0,0,0,0,0,30,2026-02-05 10:07:49.305033
RTM1C52,1.84,1.83,1.85,1000000.0,1000000.0,0,0,0,0,0,0,0,0,30,2026-02-05 10:07:49.305033
RTM1P52,2.3,2.29,2.31,1000000.0,1000000.0,0,0,0,0,0,0,0,0,30,2026-02-05 10:07:49.305033
RTM1C53,1.5,1.49,1.51,1000000.0,1000000.0,0,0,0,0,0,0,0,0,30,2026-02-05 10:07:49.305033
RTM1P53,2.97,2.96,2.98,1000000.0,1000000.0,0,0,0,0,0,0,0,0,30,2026-02-05 10:07:49.305033
RTM1C54,1.17,1.16,1.18,1000000.0,1000000.0,0,0,0,0,0,0,0,0,30,2026-02-05 10:07:49.305033
RTM1P54,3.64,3.63,3.65,1000000.0,1000000.0,0,0,0,0,0,0,0,0,30,2026-02-05 10:07:49.305033
RTM,51.61,51.6,51.62,100000000.0,100000000.0,0,0,0,0,0,0,0,0,31,2026-02-05 10:07:50.385357
RTM1C45,6.83,6.82,6.84,1000000.0,1000000.0,0,0,0,0,0,0,0,0,31,2026-02-05 10:07:50.385357
RTM1P45,0.22,0.21,0.23,1000000.0,1000000.0,0,0,0,0,0,0,0,0,31,2026-02-05 10:07:50.385357
RTM1C46,5.98,5.97,5.99,1000000.0,1000000.0,0,0,0,0,0,0,0,0,31,2026-02-05 10:07:50.385357
RTM1P46,0.37,0.36,0.38,1000000.0,1000000.0,0,0,0,0,0,0,0,0,31,2026-02-05 10:07:50.385357
RTM1C47,5.15,5.14,5.16,1000000.0,1000000.0,0,0,0,0,0,0,0,0,31,2026-02-05 10:07:50.385357
RTM1P47,0.54,0.53,0.55,1000000.0,1000000.0,0,0,0,0,0,0,0,0,31,2026-02-05 10:07:50.385357
RTM1C48,4.41,4.4,4.42,1000000.0,1000000.0,0,0,0,0,0,0,0,0,31,2026-02-05 10:07:50.385357
RTM1P48,0.79,0.78,0.8,1000000.0,1000000.0,0,0,0,0,0,0,0,0,31,2026-02-05 10:07:50.385357
RTM1C49,3.64,3.63,3.65,1000000.0,1000000.0,0,0,0,0,0,0,0,0,31,2026-02-05 10:07:50.385357
RTM1P49,1.02,1.01,1.03,1000000.0,1000000.0,0,0,0,0,0,0,0,0,31,2026-02-05 10:07:50.385357
RTM1C50,2.97,2.96,2.98,1000000.0,1000000.0,0,0,0,0,0,0,0,0,31,2026-02-05 10:07:50.385357
RTM1P50,1.36,1.35,1.37,1000000.0,1000000.0,0,0,0,0,0,0,0,0,31,2026-02-05 10:07:50.385357
RTM1C51,2.38,2.37,2.39,1000000.0,1000000.0,0,0,0,0,0,0,0,0,31,2026-02-05 10:07:50.385357
RTM1P51,1.77,1.76,1.78,1000000.0,1000000.0,0,0,0,0,0,0,0,0,31,2026-02-05 10:07:50.385357
RTM1C52,1.94,1.93,1.95,1000000.0,1000000.0,0,0,0,0,0,0,0,0,31,2026-02-05 10:07:50.385357
RTM1P52,2.32,2.31,2.33,1000000.0,1000000.0,0,0,0,0,0,0,0,0,31,2026-02-05 10:07:50.385357
RTM1C53,1.52,1.51,1.53,1000000.0,1000000.0,0,0,0,0,0,0,0,0,31,2026-02-05 10:07:50.385357
RTM1P53,2.91,2.9,2.92,1000000.0,1000000.0,0,0,0,0,0,0,0,0,31,2026-02-05 10:07:50.385357
RTM1C54,1.21,1.2,1.22,1000000.0,1000000.0,0,0,0,0,0,0,0,0,31,2026-02-05 10:07:50.385357
RTM1P54,3.6,3.59,3.61,1000000.0,1000000.0,0,0,0,0,0,0,0,0,31,2026-02-05 10:07:50.385357
RTM,51.34,51.33,51.35,100000000.0,100000000.0,0,0,0,0,0,0,0,0,32,2026-02-05 10:07:51.462914
RTM1C45,6.59,6.58,6.6,1000000.0,1000000.0,0,0,0,0,0,0,0,0,32,2026-02-05 10:07:51.462914
RTM1P45,0.25,0.24,0.26,1000000.0,1000000.0,0,0,0,0,0,0,0,0,32,2026-02-05 10:07:51.462914
RTM1C46,5.66,5.65,5.67,1000000.0,1000000.0,0,0,0,0,0,0,0,0,32,2026-02-05 10:07:51.462914
RTM1P46,0.32,0.31,0.33,1000000.0,1000000.0,0,0,0,0,0,0,0,0,32,2026-02-05 10:07:51.462914
RTM1C47,4.9,4.89,4.91,1000000.0,1000000.0,0,0,0,0,0,0,0,0,32,2026-02-05 10:07:51.462914
RTM1P47,0.57,0.56,0.58,1000000.0,1000000.0,0,0,0,0,0,0,0,0,32,2026-02-05 10:07:51.462914
RTM1C48,4.06,4.05,4.07,1000000.0,1000000.0,0,0,0,0,0,0,0,0,32,2026-02-05 10:07:51.462914
RTM1P48,0.72,0.71,0.73,1000000.0,1000000.0,0,0,0,0,0,0,0,0,32,2026-02-05 10:07:51.462914
RTM1C49,3.49,3.48,3.5,1000000.0,1000000.0,0,0,0,0,0,0,0,0,32,2026-02-05 10:07:51.462914
RTM1P49,1.15,1.14,1.16,1000000.0,1000000.0,0,0,0,0,0,0,0,0,32,2026-02-05 10:07:51.462914
RTM1C50,2.83,2.82,2.84,1000000.0,1000000.0,0,0,0,0,0,0,0,0,32,2026-02-05 10:07:51.462914
RTM1P50,1.5,1.49,1.51,1000000.0,1000000.0,0,0,0,0,0,0,0,0,32,2026-02-05 10:07:51.462914
RTM1C51,2.24,2.23,2.25,1000000.0,1000000.0,0,0,0,0,0,0,0,0,32,2026-02-05 10:07:51.462914
RTM1P51,1.9,1.89,1.91,1000000.0,1000000.0,0,0,0,0,0,0,0,0,32,2026-02-05 10:07:51.462914
RTM1C52,1.89,1.88,1.9,1000000.0,1000000.0,0,0,0,0,0,0,0,0,32,2026-02-05 10:07:51.462914
RTM1P52,2.55,2.54,2.56,1000000.0,1000000.0,0,0,0,0,0,0,0,0,32,2026-02-05 10:07:51.462914
RTM1C53,1.42,1.41,1.43,1000000.0,1000000.0,0,0,0,0,0,0,0,0,32,2026-02-05 10:07:51.462914
RTM1P53,3.08,3.07,3.09,1000000.0,1000000.0,0,0,0,0,0,0,0,0,32,2026-02-05 10:07:51.462914
RTM1C54,1.02,1.01,1.03,1000000.0,1000000.0,0,0,0,0,0,0,0,0,32,2026-02-05 10:07:51.462914
RTM1P54,3.68,3.67,3.69,1000000.0,1000000.0,0,0,0,0,0,0,0,0,32,2026-02-05 10:07:51.462914
RTM,50.94,50.93,50.95,100000000.0,100000000.0,0,0,0,0,0,0,0,0,33,2026-02-05 10:07:52.526835
RTM1C45,6.18,6.17,6.19,1000000.0,1000000.0,0,0,0,0,0,0,0,0,33,2026-02-05 10:07:52.526835
RTM1P45,0.24,0.23,0.25,1000000.0,1000000.0,0,0,0,0,0,0,0,0,33,2026-02-05 10:07:52.526835
RTM1C46,5.36,5.35,5.37,1000000.0,1000000.0,0,0,0,0,0,0,0,0,33,2026-02-05 10:07:52.526835
RTM1P46,0.43,0.42,0.44,1000000.0,1000000.0,0,0,0,0,0,0,0,0,33,2026-02-05 10:07:52.526835
RTM1C47,4.59,4.58,4.6,1000000.0,1000000.0,0,0,0,0,0,0,0,0,33,2026-02-05 10:07:52.526835
RTM1P47,0.65,0.64,0.66,1000000.0,1000000.0,0,0,0,0,0,0,0,0,33,2026-02-05 10:07:52.526835
RTM1C48,3.8,3.79,3.81,1000000.0,1000000.0,0,0,0,0,0,0,0,0,33,2026-02-05 10:07:52.526835
RTM1P48,0.86,0.85,0.87,1000000.0,1000000.0,0,0,0,0,0,0,0,0,33,2026-02-05 10:07:52.526835
RTM1C49,3.09,3.08,3.1,1000000.0,1000000.0,0,0,0,0,0,0,0,0,33,2026-02-05 10:07:52.526835
RTM1P49,1.15,1.14,1.16,1000000.0,1000000.0,0,0,0,0,0,0,0,0,33,2026-02-05 10:07:52.526835
RTM1C50,2.6,2.59,2.61,1000000.0,1000000.0,0,0,0,0,0,0,0,0,33,2026-02-05 10:07:52.526835
RTM1P50,1.67,1.66,1.68,1000000.0,1000000.0,0,0,0,0,0,0,0,0,33,2026-02-05 10:07:52.526835
RTM1C51,2.05,2.04,2.06,1000000.0,1000000.0,0,0,0,0,0,0,0,0,33,2026-02-05 10:07:52.526835
RTM1P51,2.11,2.1,2.12,1000000.0,1000000.0,0,0,0,0,0,0,0,0,33,2026-02-05 10:07:52.526835
RTM1C52,1.55,1.54,1.56,1000000.0,1000000.0,0,0,0,0,0,0,0,0,33,2026-02-05 10:07:52.526835
RTM1P52,2.61,2.6,2.62,1000000.0,1000000.0,0,0,0,0,0,0,0,0,33,2026-02-05 10:07:52.526835
RTM1C53,1.17,1.16,1.18,1000000.0,1000000.0,0,0,0,0,0,0,0,0,33,2026-02-05 10:07:52.526835
RTM1P53,3.23,3.22,3.24,1000000.0,1000000.0,0,0,0,0,0,0,0,0,33,2026-02-05 10:07:52.526835
RTM1C54,0.94,0.93,0.95,1000000.0,1000000.0,0,0,0,0,0,0,0,0,33,2026-02-05 10:07:52.526835
RTM1P54,4.0,3.99,4.01,1000000.0,1000000.0,0,0,0,0,0,0,0,0,33,2026-02-05 10:07:52.526835
RTM,50.78,50.78,50.8,100000000.0,100000000.0,0,0,0,0,0,0,0,0,34,2026-02-05 10:07:53.590128
RTM1C45,6.09,6.08,6.1,1000000.0,1000000.0,0,0,0,0,0,0,0,0,34,2026-02-05 10:07:53.590128
RTM1P45,0.29,0.28,0.3,1000000.0,1000000.0,0,0,0,0,0,0,0,0,34,2026-02-05 10:07:53.590128
RTM1C46,5.22,5.21,5.23,1000000.0,1000000.0,0,0,0,0,0,0,0,0,34,2026-02-05 10:07:53.590128
RTM1P46,0.43,0.42,0.44,1000000.0,1000000.0,0,0,0,0,0,0,0,0,34,2026-02-05 10:07:53.590128
RTM1C47,4.41,4.4,4.42,1000000.0,1000000.0,0,0,0,0,0,0,0,0,34,2026-02-05 10:07:53.590128
RTM1P47,0.62,0.61,0.63,1000000.0,1000000.0,0,0,0,0,0,0,0,0,34,2026-02-05 10:07:53.590128
RTM1C48,3.76,3.75,3.77,1000000.0,1000000.0,0,0,0,0,0,0,0,0,34,2026-02-05 10:07:53.590128
RTM1P48,0.96,0.95,0.97,1000000.0,1000000.0,0,0,0,0,0,0,0,0,34,2026-02-05 10:07:53.590128
RTM1C49,3.05,3.04,3.06,1000000.0,1000000.0,0,0,0,0,0,0,0,0,34,2026-02-05 10:07:53.590128
RTM1P49,1.26,1.25,1.27,1000000.0,1000000.0,0,0,0,0,0,0,0,0,34,2026-02-05 10:07:53.590128
RTM1C50,2.4,2.39,2.41,1000000.0,1000000.0,0,0,0,0,0,0,0,0,34,2026-02-05 10:07:53.590128
RTM1P50,1.6,1.59,1.61,1000000.0,1000000.0,0,0,0,0,0,0,0,0,34,2026-02-05 10:07:53.590128
RTM1C51,1.94,1.93,1.95,1000000.0,1000000.0,0,0,0,0,0,0,0,0,34,2026-02-05 10:07:53.590128
RTM1P51,2.15,2.14,2.16,1000000.0,1000000.0,0,0,0,0,0,0,0,0,34,2026-02-05 10:07:53.590128
RTM1C52,1.59,1.58,1.6,1000000.0,1000000.0,0,0,0,0,0,0,0,0,34,2026-02-05 10:07:53.590128
RTM1P52,2.8,2.79,2.81,1000000.0,1000000.0,0,0,0,0,0,0,0,0,34,2026-02-05 10:07:53.590128
RTM1C53,1.18,1.17,1.19,1000000.0,1000000.0,0,0,0,0,0,0,0,0,34,2026-02-05 10:07:53.590128
RTM1P53,3.38,3.37,3.39,1000000.0,1000000.0,0,0,0,0,0,0,0,0,34,2026-02-05 10:07:53.590128
RTM1C54,0.86,0.85,0.87,1000000.0,1000000.0,0,0,0,0,0,0,0,0,34,2026-02-05 10:07:53.590128
RTM1P54,4.06,4.05,4.07,1000000.0,1000000.0,0,0,0,0,0,0,0,0,34,2026-02-05 10:07:53.590128
RTM,51.22,51.21,51.23,100000000.0,100000000.0,0,0,0,0,0,0,0,0,35,2026-02-05 10:07:54.163232
RTM1C45,6.44,6.43,6.45,1000000.0,1000000.0,0,0,0,0,0,0,0,0,35,2026-02-05 10:07:54.163232
RTM1P45,0.22,0.21,0.23,1000000.0,1000000.0,0,0,0,0,0,0,0,0,35,2026-02-05 10:07:54.163232
RTM1C46,5.58,5.57,5.59,1000000.0,1000000.0,0,0,0,0,0,0,0,0,35,2026-02-05 10:07:54.163232
RTM1P46,0.36,0.35,0.37,1000000.0,1000000.0,0,0,0,0,0,0,0,0,35,2026-02-05 10:07:54.163232
RTM1C47,4.73,4.72,4.74,1000000.0,1000000.0,0,0,0,0,0,0,0,0,35,2026-02-05 10:07:54.163232
RTM1P47,0.51,0.5,0.52,1000000.0,1000000.0,0,0,0,0,0,0,0,0,35,2026-02-05 10:07:54.163232
RTM1C48,4.01,4.0,4.02,1000000.0,1000000.0,0,0,0,0,0,0,0,0,35,2026-02-05 10:07:54.163232
RTM1P48,0.79,0.78,0.8,1000000.0,1000000.0,0,0,0,0,0,0,0,0,35,2026-02-05 10:07:54.163232
RTM1C49,3.29,3.28,3.3,1000000.0,1000000.0,0,0,0,0,0,0,0,0,35,2026-02-05 10:07:54.163232
RTM1P49,1.07,1.06,1.08,1000000.0,1000000.0,0,0,0,0,0,0,0,0,35,2026-02-05 10:07:54.163232
RTM1C50,2.77,2.76,2.78,1000000.0,1000000.0,0,0,0,0,0,0,0,0,35,2026-02-05 10:07:54.163232
RTM1P50,1.55,1.54,1.56,1000000.0,1000000.0,0,0,0,0,0,0,0,0,35,2026-02-05 10:07:54.163232
RTM1C51,2.22,2.21,2.23,1000000.0,1000000.0,0,0,0,0,0,0,0,0,35,2026-02-05 10:07:54.163232
RTM1P51,2.0,1.99,2.01,1000000.0,1000000.0,0,0,0,0,0,0,0,0,35,2026-02-05 10:07:54.163232
RTM1C52,1.73,1.72,1.74,1000000.0,1000000.0,0,0,0,0,0,0,0,0,35,2026-02-05 10:07:54.163232
RTM1P52,2.51,2.5,2.52,1000000.0,1000000.0,0,0,0,0,0,0,0,0,35,2026-02-05 10:07:54.163232
RTM1C53,1.36,1.35,1.37,1000000.0,1000000.0,0,0,0,0,0,0,0,0,35,2026-02-05 10:07:54.163232
RTM1P53,3.14,3.13,3.15,1000000.0,1000000.0,0,0,0,0,0,0,0,0,35,2026-02-05 10:07:54.163232
RTM1C54,0.97,0.96,0.98,1000000.0,1000000.0,0,0,0,0,0,0,0,0,35,2026-02-05 10:07:54.163232
RTM1P54,3.75,3.74,3.76,1000000.0,1000000.0,0,0,0,0,0,0,0,0,35,2026-02-05 10:07:54.163232
RTM,51.0,50.99,51.01,100000000.0,100000000.0,0,0,0,0,0,0,0,0,36,2026-02-05 10:07:55.261415,3.0,1.0,35.0,,News 1,The analysts have informed you that the realized volatility of RTM next week will be between 09% and 14%
RTM1C45,6.22,6.21,6.23,1000000.0,1000000.0,0,0,0,0,0,0,0,0,36,2026-02-05 10:07:55.261415,,,,,,
RTM1P45,0.21,0.2,0.22,1000000.0,1000000.0,0,0,0,0,0,0,0,0,36,2026-02-05 10:07:55.261415,,,,,,
RTM1C46,5.36,5.35,5.37,1000000.0,1000000.0,0,0,0,0,0,0,0,0,36,2026-02-05 10:07:55.261415,,,,,,
RTM1P46,0.36,0.35,0.37,1000000.0,1000000.0,0,0,0,0,0,0,0,0,36,2026-02-05 10:07:55.261415,,,,,,
RTM1C47,4.6,4.59,4.61,1000000.0,1000000.0,0,0,0,0,0,0,0,0,36,2026-02-05 10:07:55.261415,,,,,,
RTM1P47,0.59,0.58,0.6,1000000.0,1000000.0,0,0,0,0,0,0,0,0,36,2026-02-05 10:07:55.261415,,,,,,
RTM1C48,3.81,3.8,3.82,1000000.0,1000000.0,0,0,0,0,0,0,0,0,36,2026-02-05 10:07:55.261415,,,,,,
RTM1P48,0.8,0.79,0.81,1000000.0,1000000.0,0,0,0,0,0,0,0,0,36,2026-02-05 10:07:55.261415,,,,,,
RTM1C49,3.11,3.1,3.12,1000000.0,1000000.0,0,0,0,0,0,0,0,0,36,2026-02-05 10:07:55.261415,,,,,,
RTM1P49,1.11,1.1,1.12,1000000.0,1000000.0,0,0,0,0,0,0,0,0,36,2026-02-05 10:07:55.261415,,,,,,
RTM1C50,2.56,2.55,2.57,1000000.0,1000000.0,0,0,0,0,0,0,0,0,36,2026-02-05 10:07:55.261415,,,,,,
RTM1P50,1.55,1.54,1.56,1000000.0,1000000.0,0,0,0,0,0,0,0,0,36,2026-02-05 10:07:55.261415,,,,,,
RTM1C51,1.99,1.98,2.0,1000000.0,1000000.0,0,0,0,0,0,0,0,0,36,2026-02-05 10:07:55.261415,,,,,,
RTM1P51,1.99,1.98,2.0,1000000.0,1000000.0,0,0,0,0,0,0,0,0,36,2026-02-05 10:07:55.261415,,,,,,
RTM1C52,1.56,1.55,1.57,1000000.0,1000000.0,0,0,0,0,0,0,0,0,36,2026-02-05 10:07:55.261415,,,,,,
RTM1P52,2.56,2.55,2.57,1000000.0,1000000.0,0,0,0,0,0,0,0,0,36,2026-02-05 10:07:55.261415,,,,,,
RTM1C53,1.27,1.26,1.28,1000000.0,1000000.0,0,0,0,0,0,0,0,0,36,2026-02-05 10:07:55.261415,,,,,,
RTM1P53,3.27,3.26,3.28,1000000.0,1000000.0,0,0,0,0,0,0,0,0,36,2026-02-05 10:07:55.261415,,,,,,
RTM1C54,0.88,0.87,0.89,1000000.0,1000000.0,0,0,0,0,0,0,0,0,36,2026-02-05 10:07:55.261415,,,,,,
RTM1P54,3.87,3.86,3.88,1000000.0,1000000.0,0,0,0,0,0,0,0,0,36,2026-02-05 10:07:55.261415,,,,,,
RTM,51.03,51.02,51.04,100000000.0,100000000.0,0,0,0,0,0,0,0,0,37,2026-02-05 10:07:56.341339
RTM1C45,6.25,6.24,6.26,1000000.0,1000000.0,0,0,0,0,0,0,0,0,37,2026-02-05 10:07:56.341339
RTM1P45,0.22,0.21,0.23,1000000.0,1000000.0,0,0,0,0,0,0,0,0,37,2026-02-05 10:07:56.341339
RTM1C46,5.42,5.41,5.43,1000000.0,1000000.0,0,0,0,0,0,0,0,0,37,2026-02-05 10:07:56.341339
RTM1P46,0.39,0.38,0.4,1000000.0,1000000.0,0,0,0,0,0,0,0,0,37,2026-02-05 10:07:56.341339
RTM1C47,4.58,4.57,4.59,1000000.0,1000000.0,0,0,0,0,0,0,0,0,37,2026-02-05 10:07:56.341339
RTM1P47,0.56,0.55,0.57,1000000.0,1000000.0,0,0,0,0,0,0,0,0,37,2026-02-05 10:07:56.341339
RTM1C48,3.79,3.78,3.8,1000000.0,1000000.0,0,0,0,0,0,0,0,0,37,2026-02-05 10:07:56.341339
RTM1P48,0.77,0.76,0.78,1000000.0,1000000.0,0,0,0,0,0,0,0,0,37,2026-02-05 10:07:56.341339
RTM1C49,3.13,3.12,3.14,1000000.0,1000000.0,0,0,0,0,0,0,0,0,37,2026-02-05 10:07:56.341339
RTM1P49,1.11,1.1,1.12,1000000.0,1000000.0,0,0,0,0,0,0,0,0,37,2026-02-05 10:07:56.341339
RTM1C50,2.52,2.51,2.53,1000000.0,1000000.0,0,0,0,0,0,0,0,0,37,2026-02-05 10:07:56.341339
RTM1P50,1.49,1.48,1.5,1000000.0,1000000.0,0,0,0,0,0,0,0,0,37,2026-02-05 10:07:56.341339
RTM1C51,2.06,2.05,2.07,1000000.0,1000000.0,0,0,0,0,0,0,0,0,37,2026-02-05 10:07:56.341339
RTM1P51,2.04,2.03,2.05,1000000.0,1000000.0,0,0,0,0,0,0,0,0,37,2026-02-05 10:07:56.341339
RTM1C52,1.64,1.63,1.65,1000000.0,1000000.0,0,0,0,0,0,0,0,0,37,2026-02-05 10:07:56.341339
RTM1P52,2.61,2.6,2.62,1000000.0,1000000.0,0,0,0,0,0,0,0,0,37,2026-02-05 10:07:56.341339
RTM1C53,1.26,1.25,1.27,1000000.0,1000000.0,0,0,0,0,0,0,0,0,37,2026-02-05 10:07:56.341339
RTM1P53,3.23,3.22,3.24,1000000.0,1000000.0,0,0,0,0,0,0,0,0,37,2026-02-05 10:07:56.341339
RTM1C54,0.92,0.91,0.93,1000000.0,1000000.0,0,0,0,0,0,0,0,0,37,2026-02-05 10:07:56.341339
RTM1P54,3.9,3.89,3.91,1000000.0,1000000.0,0,0,0,0,0,0,0,0,37,2026-02-05 10:07:56.341339
RTM,50.97,50.96,50.98,100000000.0,100000000.0,0,0,0,0,0,0,0,0,38,2026-02-05 10:07:57.439896
RTM1C45,6.19,6.18,6.2,1000000.0,1000000.0,0,0,0,0,0,0,0,0,38,2026-02-05 10:07:57.439896
RTM1P45,0.22,0.21,0.23,1000000.0,1000000.0,0,0,0,0,0,0,0,0,38,2026-02-05 10:07:57.439896
RTM1C46,5.32,5.31,5.33,1000000.0,1000000.0,0,0,0,0,0,0,0,0,38,2026-02-05 10:07:57.439896
RTM1P46,0.35,0.34,0.36,1000000.0,1000000.0,0,0,0,0,0,0,0,0,38,2026-02-05 10:07:57.439896
RTM1C47,4.58,4.57,4.59,1000000.0,1000000.0,0,0,0,0,0,0,0,0,38,2026-02-05 10:07:57.439896
RTM1P47,0.61,0.6,0.62,1000000.0,1000000.0,0,0,0,0,0,0,0,0,38,2026-02-05 10:07:57.439896
RTM1C48,3.79,3.78,3.8,1000000.0,1000000.0,0,0,0,0,0,0,0,0,38,2026-02-05 10:07:57.439896
RTM1P48,0.82,0.81,0.83,1000000.0,1000000.0,0,0,0,0,0,0,0,0,38,2026-02-05 10:07:57.439896
RTM1C49,3.11,3.1,3.12,1000000.0,1000000.0,0,0,0,0,0,0,0,0,38,2026-02-05 10:07:57.439896
RTM1P49,1.14,1.13,1.15,1000000.0,1000000.0,0,0,0,0,0,0,0,0,38,2026-02-05 10:07:57.439896
RTM1C50,2.47,2.46,2.48,1000000.0,1000000.0,0,0,0,0,0,0,0,0,38,2026-02-05 10:07:57.439896
RTM1P50,1.5,1.49,1.51,1000000.0,1000000.0,0,0,0,0,0,0,0,0,38,2026-02-05 10:07:57.439896
RTM1C51,1.96,1.95,1.97,1000000.0,1000000.0,0,0,0,0,0,0,0,0,38,2026-02-05 10:07:57.439896
RTM1P51,1.99,1.98,2.0,1000000.0,1000000.0,0,0,0,0,0,0,0,0,38,2026-02-05 10:07:57.439896
RTM1C52,1.57,1.56,1.58,1000000.0,1000000.0,0,0,0,0,0,0,0,0,38,2026-02-05 10:07:57.439896
RTM1P52,2.6,2.59,2.61,1000000.0,1000000.0,0,0,0,0,0,0,0,0,38,2026-02-05 10:07:57.439896
RTM1C53,1.18,1.17,1.19,1000000.0,1000000.0,0,0,0,0,0,0,0,0,38,2026-02-05 10:07:57.439896
RTM1P53,3.22,3.21,3.23,1000000.0,1000000.0,0,0,0,0,0,0,0,0,38,2026-02-05 10:07:57.439896
RTM1C54,0.89,0.88,0.9,1000000.0,1000000.0,0,0,0,0,0,0,0,0,38,2026-02-05 10:07:57.439896
RTM1P54,3.92,3.91,3.93,1000000.0,1000000.0,0,0,0,0,0,0,0,0,38,2026-02-05 10:07:57.439896
RTM,51.0,50.99,51.01,100000000.0,100000000.0,0,0,0,0,0,0,0,0,39,2026-02-05 10:07:58.524693
RTM1C45,6.24,6.23,6.25,1000000.0,1000000.0,0,0,0,0,0,0,0,0,39,2026-02-05 10:07:58.524693
RTM1P45,0.24,0.23,0.25,1000000.0,1000000.0,0,0,0,0,0,0,0,0,39,2026-02-05 10:07:58.524693
RTM1C46,5.36,5.35,5.37,1000000.0,1000000.0,0,0,0,0,0,0,0,0,39,2026-02-05 10:07:58.524693
RTM1P46,0.37,0.36,0.38,1000000.0,1000000.0,0,0,0,0,0,0,0,0,39,2026-02-05 10:07:58.524693
RTM1C47,4.57,4.56,4.58,1000000.0,1000000.0,0,0,0,0,0,0,0,0,39,2026-02-05 10:07:58.524693
RTM1P47,0.57,0.56,0.58,1000000.0,1000000.0,0,0,0,0,0,0,0,0,39,2026-02-05 10:07:58.524693
RTM1C48,3.78,3.77,3.79,1000000.0,1000000.0,0,0,0,0,0,0,0,0,39,2026-02-05 10:07:58.524693
RTM1P48,0.79,0.78,0.8,1000000.0,1000000.0,0,0,0,0,0,0,0,0,39,2026-02-05 10:07:58.524693
RTM1C49,3.15,3.14,3.16,1000000.0,1000000.0,0,0,0,0,0,0,0,0,39,2026-02-05 10:07:58.524693
RTM1P49,1.15,1.14,1.16,1000000.0,1000000.0,0,0,0,0,0,0,0,0,39,2026-02-05 10:07:58.524693
RTM1C50,2.48,2.47,2.49,1000000.0,1000000.0,0,0,0,0,0,0,0,0,39,2026-02-05 10:07:58.524693
RTM1P50,1.48,1.47,1.49,1000000.0,1000000.0,0,0,0,0,0,0,0,0,39,2026-02-05 10:07:58.524693
RTM1C51,1.99,1.98,2.0,1000000.0,1000000.0,0,0,0,0,0,0,0,0,39,2026-02-05 10:07:58.524693
RTM1P51,1.99,1.98,2.0,1000000.0,1000000.0,0,0,0,0,0,0,0,0,39,2026-02-05 10:07:58.524693
RTM1C52,1.61,1.6,1.62,1000000.0,1000000.0,0,0,0,0,0,0,0,0,39,2026-02-05 10:07:58.524693
RTM1P52,2.61,2.6,2.62,1000000.0,1000000.0,0,0,0,0,0,0,0,0,39,2026-02-05 10:07:58.524693
RTM1C53,1.21,1.2,1.22,1000000.0,1000000.0,0,0,0,0,0,0,0,0,39,2026-02-05 10:07:58.524693
RTM1P53,3.21,3.2,3.22,1000000.0,1000000.0,0,0,0,0,0,0,0,0,39,2026-02-05 10:07:58.524693
RTM1C54,0.87,0.86,0.88,1000000.0,1000000.0,0,0,0,0,0,0,0,0,39,2026-02-05 10:07:58.524693
RTM1P54,3.87,3.86,3.88,1000000.0,1000000.0,0,0,0,0,0,0,0,0,39,2026-02-05 10:07:58.524693
RTM,50.76,50.76,50.78,100000000.0,100000000.0,0,0,0,0,0,0,0,0,40,2026-02-05 10:07:59.674927
RTM1C45,6.03,6.02,6.04,1000000.0,1000000.0,0,0,0,0,0,0,0,0,40,2026-02-05 10:07:59.674927
RTM1P45,0.26,0.25,0.27,1000000.0,1000000.0,0,0,0,0,0,0,0,0,40,2026-02-05 10:07:59.674927
RTM1C46,5.13,5.12,5.14,1000000.0,1000000.0,0,0,0,0,0,0,0,0,40,2026-02-05 10:07:59.674927
RTM1P46,0.36,0.35,0.37,1000000.0,1000000.0,0,0,0,0,0,0,0,0,40,2026-02-05 10:07:59.674927
RTM1C47,4.32,4.31,4.33,1000000.0,1000000.0,0,0,0,0,0,0,0,0,40,2026-02-05 10:07:59.674927
RTM1P47,0.55,0.54,0.56,1000000.0,1000000.0,0,0,0,0,0,0,0,0,40,2026-02-05 10:07:59.674927
RTM1C48,3.65,3.64,3.66,1000000.0,1000000.0,0,0,0,0,0,0,0,0,40,2026-02-05 10:07:59.674927
RTM1P48,0.87,0.86,0.88,1000000.0,1000000.0,0,0,0,0,0,0,0,0,40,2026-02-05 10:07:59.674927
RTM1C49,2.96,2.95,2.97,1000000.0,1000000.0,0,0,0,0,0,0,0,0,40,2026-02-05 10:07:59.674927
RTM1P49,1.19,1.18,1.2,1000000.0,1000000.0,0,0,0,0,0,0,0,0,40,2026-02-05 10:07:59.674927
RTM1C50,2.39,2.38,2.4,1000000.0,1000000.0,0,0,0,0,0,0,0,0,40,2026-02-05 10:07:59.674927
RTM1P50,1.62,1.61,1.63,1000000.0,1000000.0,0,0,0,0,0,0,0,0,40,2026-02-05 10:07:59.674927
RTM1C51,1.91,1.9,1.92,1000000.0,1000000.0,0,0,0,0,0,0,0,0,40,2026-02-05 10:07:59.674927
RTM1P51,2.14,2.13,2.15,1000000.0,1000000.0,0,0,0,0,0,0,0,0,40,2026-02-05 10:07:59.674927
RTM1C52,1.5,1.49,1.51,1000000.0,1000000.0,0,0,0,0,0,0,0,0,40,2026-02-05 10:07:59.674927
RTM1P52,2.73,2.72,2.74,1000000.0,1000000.0,0,0,0,0,0,0,0,0,40,2026-02-05 10:07:59.674927
RTM1C53,1.05,1.04,1.06,1000000.0,1000000.0,0,0,0,0,0,0,0,0,40,2026-02-05 10:07:59.674927
RTM1P53,3.28,3.27,3.29,1000000.0,1000000.0,0,0,0,0,0,0,0,0,40,2026-02-05 10:07:59.674927
RTM1C54,0.86,0.85,0.87,1000000.0,1000000.0,0,0,0,0,0,0,0,0,40,2026-02-05 10:07:59.674927
RTM1P54,4.09,4.08,4.1,1000000.0,1000000.0,0,0,0,0,0,0,0,0,40,2026-02-05 10:07:59.674927
RTM,50.93,50.92,50.94,100000000.0,100000000.0,0,0,0,0,0,0,0,0,41,2026-02-05 10:08:00.235931
RTM1C45,6.17,6.16,6.18,1000000.0,1000000.0,0,0,0,0,0,0,0,0,41,2026-02-05 10:08:00.235931
RTM1P45,0.24,0.23,0.25,1000000.0,1000000.0,0,0,0,0,0,0,0,0,41,2026-02-05 10:08:00.235931
RTM1C46,5.26,5.25,5.27,1000000.0,1000000.0,0,0,0,0,0,0,0,0,41,2026-02-05 10:08:00.235931
RTM1P46,0.32,0.31,0.33,1000000.0,1000000.0,0,0,0,0,0,0,0,0,41,2026-02-05 10:08:00.235931
RTM1C47,4.49,4.48,4.5,1000000.0,1000000.0,0,0,0,0,0,0,0,0,41,2026-02-05 10:08:00.235931
RTM1P47,0.56,0.55,0.57,1000000.0,1000000.0,0,0,0,0,0,0,0,0,41,2026-02-05 10:08:00.235931
RTM1C48,3.69,3.68,3.7,1000000.0,1000000.0,0,0,0,0,0,0,0,0,41,2026-02-05 10:08:00.235931
RTM1P48,0.76,0.75,0.77,1000000.0,1000000.0,0,0,0,0,0,0,0,0,41,2026-02-05 10:08:00.235931
RTM1C49,3.03,3.02,3.04,1000000.0,1000000.0,0,0,0,0,0,0,0,0,41,2026-02-05 10:08:00.235931
RTM1P49,1.09,1.08,1.1,1000000.0,1000000.0,0,0,0,0,0,0,0,0,41,2026-02-05 10:08:00.235931
RTM1C50,2.41,2.4,2.42,1000000.0,1000000.0,0,0,0,0,0,0,0,0,41,2026-02-05 10:08:00.235931
RTM1P50,1.47,1.46,1.48,1000000.0,1000000.0,0,0,0,0,0,0,0,0,41,2026-02-05 10:08:00.235931
RTM1C51,1.96,1.95,1.97,1000000.0,1000000.0,0,0,0,0,0,0,0,0,41,2026-02-05 10:08:00.235931
RTM1P51,2.03,2.02,2.04,1000000.0,1000000.0,0,0,0,0,0,0,0,0,41,2026-02-05 10:08:00.235931
RTM1C52,1.49,1.48,1.5,1000000.0,1000000.0,0,0,0,0,0,0,0,0,41,2026-02-05 10:08:00.235931
RTM1P52,2.55,2.54,2.56,1000000.0,1000000.0,0,0,0,0,0,0,0,0,41,2026-02-05 10:08:00.235931
RTM1C53,1.16,1.15,1.17,1000000.0,1000000.0,0,0,0,0,0,0,0,0,41,2026-02-05 10:08:00.235931
RTM1P53,3.23,3.22,3.24,1000000.0,1000000.0,0,0,0,0,0,0,0,0,41,2026-02-05 10:08:00.235931
RTM1C54,0.88,0.87,0.89,1000000.0,1000000.0,0,0,0,0,0,0,0,0,41,2026-02-05 10:08:00.235931
RTM1P54,3.94,3.93,3.95,1000000.0,1000000.0,0,0,0,0,0,0,0,0,41,2026-02-05 10:08:00.235931
RTM,51.17,51.16,51.18,100000000.0,100000000.0,0,0,0,0,0,0,0,0,42,2026-02-05 10:08:01.297524
RTM1C45,6.36,6.35,6.37,1000000.0,1000000.0,0,0,0,0,0,0,0,0,42,2026-02-05 10:08:01.297524
RTM1P45,0.19,0.18,0.2,1000000.0,1000000.0,0,0,0,0,0,0,0,0,42,2026-02-05 10:08:01.297524
RTM1C46,5.49,5.48,5.5,1000000.0,1000000.0,0,0,0,0,0,0,0,0,42,2026-02-05 10:08:01.297524
RTM1P46,0.31,0.3,0.32,1000000.0,1000000.0,0,0,0,0,0,0,0,0,42,2026-02-05 10:08:01.297524
RTM1C47,4.69,4.68,4.7,1000000.0,1000000.0,0,0,0,0,0,0,0,0,42,2026-02-05 10:08:01.297524
RTM1P47,0.52,0.51,0.53,1000000.0,1000000.0,0,0,0,0,0,0,0,0,42,2026-02-05 10:08:01.297524
RTM1C48,3.86,3.85,3.87,1000000.0,1000000.0,0,0,0,0,0,0,0,0,42,2026-02-05 10:08:01.297524
RTM1P48,0.69,0.68,0.7,1000000.0,1000000.0,0,0,0,0,0,0,0,0,42,2026-02-05 10:08:01.297524
RTM1C49,3.16,3.15,3.17,1000000.0,1000000.0,0,0,0,0,0,0,0,0,42,2026-02-05 10:08:01.297524
RTM1P49,0.99,0.98,1.0,1000000.0,1000000.0,0,0,0,0,0,0,0,0,42,2026-02-05 10:08:01.297524
RTM1C50,2.63,2.62,2.64,1000000.0,1000000.0,0,0,0,0,0,0,0,0,42,2026-02-05 10:08:01.297524
RTM1P50,1.45,1.44,1.46,1000000.0,1000000.0,0,0,0,0,0,0,0,0,42,2026-02-05 10:08:01.297524
RTM1C51,2.03,2.02,2.04,1000000.0,1000000.0,0,0,0,0,0,0,0,0,42,2026-02-05 10:08:01.297524
RTM1P51,1.86,1.85,1.87,1000000.0,1000000.0,0,0,0,0,0,0,0,0,42,2026-02-05 10:08:01.297524
RTM1C52,1.55,1.54,1.56,1000000.0,1000000.0,0,0,0,0,0,0,0,0,42,2026-02-05 10:08:01.297524
RTM1P52,2.38,2.37,2.39,1000000.0,1000000.0,0,0,0,0,0,0,0,0,42,2026-02-05 10:08:01.297524
RTM1C53,1.21,1.2,1.22,1000000.0,1000000.0,0,0,0,0,0,0,0,0,42,2026-02-05 10:08:01.297524
RTM1P53,3.04,3.03,3.05,1000000.0,1000000.0,0,0,0,0,0,0,0,0,42,2026-02-05 10:08:01.297524
RTM1C54,0.9,0.89,0.91,1000000.0,1000000.0,0,0,0,0,0,0,0,0,42,2026-02-05 10:08:01.297524
RTM1P54,3.73,3.72,3.74,1000000.0,1000000.0,0,0,0,0,0,0,0,0,42,2026-02-05 10:08:01.297524
RTM,51.23,51.22,51.24,100000000.0,100000000.0,0,0,0,0,0,0,0,0,43,2026-02-05 10:08:02.367700
RTM1C45,6.43,6.42,6.44,1000000.0,1000000.0,0,0,0,0,0,0,0,0,43,2026-02-05 10:08:02.367700
RTM1P45,0.2,0.19,0.21,1000000.0,1000000.0,0,0,0,0,0,0,0,0,43,2026-02-05 10:08:02.367700
RTM1C46,5.53,5.52,5.54,1000000.0,1000000.0,0,0,0,0,0,0,0,0,43,2026-02-05 10:08:02.367700
RTM1P46,0.3,0.29,0.31,1000000.0,1000000.0,0,0,0,0,0,0,0,0,43,2026-02-05 10:08:02.367700
RTM1C47,4.7,4.69,4.71,1000000.0,1000000.0,0,0,0,0,0,0,0,0,43,2026-02-05 10:08:02.367700
RTM1P47,0.47,0.46,0.48,1000000.0,1000000.0,0,0,0,0,0,0,0,0,43,2026-02-05 10:08:02.367700
RTM1C48,3.91,3.9,3.92,1000000.0,1000000.0,0,0,0,0,0,0,0,0,43,2026-02-05 10:08:02.367700
RTM1P48,0.68,0.67,0.69,1000000.0,1000000.0,0,0,0,0,0,0,0,0,43,2026-02-05 10:08:02.367700
RTM1C49,3.21,3.2,3.22,1000000.0,1000000.0,0,0,0,0,0,0,0,0,43,2026-02-05 10:08:02.367700
RTM1P49,0.98,0.97,0.99,1000000.0,1000000.0,0,0,0,0,0,0,0,0,43,2026-02-05 10:08:02.367700
RTM1C50,2.64,2.63,2.65,1000000.0,1000000.0,0,0,0,0,0,0,0,0,43,2026-02-05 10:08:02.367700
RTM1P50,1.41,1.4,1.42,1000000.0,1000000.0,0,0,0,0,0,0,0,0,43,2026-02-05 10:08:02.367700
RTM1C51,2.02,2.01,2.03,1000000.0,1000000.0,0,0,0,0,0,0,0,0,43,2026-02-05 10:08:02.367700
RTM1P51,1.79,1.78,1.8,1000000.0,1000000.0,0,0,0,0,0,0,0,0,43,2026-02-05 10:08:02.367700
RTM1C52,1.61,1.6,1.62,1000000.0,1000000.0,0,0,0,0,0,0,0,0,43,2026-02-05 10:08:02.367700
RTM1P52,2.38,2.37,2.39,1000000.0,1000000.0,0,0,0,0,0,0,0,0,43,2026-02-05 10:08:02.367700
RTM1C53,1.21,1.2,1.22,1000000.0,1000000.0,0,0,0,0,0,0,0,0,43,2026-02-05 10:08:02.367700
RTM1P53,2.98,2.97,2.99,1000000.0,1000000.0,0,0,0,0,0,0,0,0,43,2026-02-05 10:08:02.367700
RTM1C54,0.9,0.89,0.91,1000000.0,1000000.0,0,0,0,0,0,0,0,0,43,2026-02-05 10:08:02.367700
RTM1P54,3.67,3.66,3.68,1000000.0,1000000.0,0,0,0,0,0,0,0,0,43,2026-02-05 10:08:02.367700
RTM,51.0,50.99,51.01,100000000.0,100000000.0,0,0,0,0,0,0,0,0,44,2026-02-05 10:08:03.437319
RTM1C45,6.21,6.2,6.22,1000000.0,1000000.0,0,0,0,0,0,0,0,0,44,2026-02-05 10:08:03.437319
RTM1P45,0.21,0.2,0.22,1000000.0,1000000.0,0,0,0,0,0,0,0,0,44,2026-02-05 10:08:03.437319
RTM1C46,5.34,5.33,5.35,1000000.0,1000000.0,0,0,0,0,0,0,0,0,44,2026-02-05 10:08:03.437319
RTM1P46,0.34,0.33,0.35,1000000.0,1000000.0,0,0,0,0,0,0,0,0,44,2026-02-05 10:08:03.437319
RTM1C47,4.5,4.49,4.51,1000000.0,1000000.0,0,0,0,0,0,0,0,0,44,2026-02-05 10:08:03.437319
RTM1P47,0.5,0.49,0.51,1000000.0,1000000.0,0,0,0,0,0,0,0,0,44,2026-02-05 10:08:03.437319
RTM1C48,3.78,3.77,3.79,1000000.0,1000000.0,0,0,0,0,0,0,0,0,44,2026-02-05 10:08:03.437319
RTM1P48,0.78,0.77,0.79,1000000.0,1000000.0,0,0,0,0,0,0,0,0,44,2026-02-05 10:08:03.437319
RTM1C49,3.05,3.04,3.06,1000000.0,1000000.0,0,0,0,0,0,0,0,0,44,2026-02-05 10:08:03.437319
RTM1P49,1.05,1.04,1.06,1000000.0,1000000.0,0,0,0,0,0,0,0,0,44,2026-02-05 10:08:03.437319
RTM1C50,2.47,2.46,2.48,1000000.0,1000000.0,0,0,0,0,0,0,0,0,44,2026-02-05 10:08:03.437319
RTM1P50,1.47,1.46,1.48,1000000.0,1000000.0,0,0,0,0,0,0,0,0,44,2026-02-05 10:08:03.437319
RTM1C51,1.96,1.95,1.97,1000000.0,1000000.0,0,0,0,0,0,0,0,0,44,2026-02-05 10:08:03.437319
RTM1P51,1.96,1.95,1.97,1000000.0,1000000.0,0,0,0,0,0,0,0,0,44,2026-02-05 10:08:03.437319
RTM1C52,1.47,1.46,1.48,1000000.0,1000000.0,0,0,0,0,0,0,0,0,44,2026-02-05 10:08:03.437319
RTM1P52,2.47,2.46,2.48,1000000.0,1000000.0,0,0,0,0,0,0,0,0,44,2026-02-05 10:08:03.437319
RTM1C53,1.1,1.09,1.11,1000000.0,1000000.0,0,0,0,0,0,0,0,0,44,2026-02-05 10:08:03.437319
RTM1P53,3.1,3.09,3.11,1000000.0,1000000.0,0,0,0,0,0,0,0,0,44,2026-02-05 10:08:03.437319
RTM1C54,0.84,0.83,0.85,1000000.0,1000000.0,0,0,0,0,0,0,0,0,44,2026-02-05 10:08:03.437319
RTM1P54,3.84,3.83,3.85,1000000.0,1000000.0,0,0,0,0,0,0,0,0,44,2026-02-05 10:08:03.437319
RTM,50.77,50.76,50.78,100000000.0,100000000.0,0,0,0,0,0,0,0,0,45,2026-02-05 10:08:04.507027
RTM1C45,5.99,5.98,6.0,1000000.0,1000000.0,0,0,0,0,0,0,0,0,45,2026-02-05 10:08:04.507027
RTM1P45,0.22,0.21,0.23,1000000.0,1000000.0,0,0,0,0,0,0,0,0,45,2026-02-05 10:08:04.507027
RTM1C46,5.12,5.11,5.13,1000000.0,1000000.0,0,0,0,0,0,0,0,0,45,2026-02-05 10:08:04.507027
RTM1P46,0.35,0.34,0.36,1000000.0,1000000.0,0,0,0,0,0,0,0,0,45,2026-02-05 10:08:04.507027
RTM1C47,4.3,4.29,4.31,1000000.0,1000000.0,0,0,0,0,0,0,0,0,45,2026-02-05 10:08:04.507027
RTM1P47,0.53,0.52,0.54,1000000.0,1000000.0,0,0,0,0,0,0,0,0,45,2026-02-05 10:08:04.507027
RTM1C48,3.56,3.55,3.57,1000000.0,1000000.0,0,0,0,0,0,0,0,0,45,2026-02-05 10:08:04.507027
RTM1P48,0.79,0.78,0.8,1000000.0,1000000.0,0,0,0,0,0,0,0,0,45,2026-02-05 10:08:04.507027
RTM1C49,2.91,2.9,2.92,1000000.0,1000000.0,0,0,0,0,0,0,0,0,45,2026-02-05 10:08:04.507027
RTM1P49,1.14,1.13,1.15,1000000.0,1000000.0,0,0,0,0,0,0,0,0,45,2026-02-05 10:08:04.507027
RTM1C50,2.35,2.34,2.36,1000000.0,1000000.0,0,0,0,0,0,0,0,0,45,2026-02-05 10:08:04.507027
RTM1P50,1.58,1.57,1.59,1000000.0,1000000.0,0,0,0,0,0,0,0,0,45,2026-02-05 10:08:04.507027
RTM1C51,1.83,1.82,1.84,1000000.0,1000000.0,0,0,0,0,0,0,0,0,45,2026-02-05 10:08:04.507027
RTM1P51,2.06,2.05,2.07,1000000.0,1000000.0,0,0,0,0,0,0,0,0,45,2026-02-05 10:08:04.507027
RTM1C52,1.42,1.41,1.43,1000000.0,1000000.0,0,0,0,0,0,0,0,0,45,2026-02-05 10:08:04.507027
RTM1P52,2.65,2.64,2.66,1000000.0,1000000.0,0,0,0,0,0,0,0,0,45,2026-02-05 10:08:04.507027
RTM1C53,1.07,1.06,1.08,1000000.0,1000000.0,0,0,0,0,0,0,0,0,45,2026-02-05 10:08:04.507027
RTM1P53,3.3,3.29,3.31,1000000.0,1000000.0,0,0,0,0,0,0,0,0,45,2026-02-05 10:08:04.507027
RTM1C54,0.78,0.77,0.79,1000000.0,1000000.0,0,0,0,0,0,0,0,0,45,2026-02-05 10:08:04.507027
RTM1P54,4.01,4.0,4.02,1000000.0,1000000.0,0,0,0,0,0,0,0,0,45,2026-02-05 10:08:04.507027
RTM,50.86,50.85,50.87,100000000.0,100000000.0,0,0,0,0,0,0,0,0,46,2026-02-05 10:08:05.580665
RTM1C45,6.06,6.05,6.07,1000000.0,1000000.0,0,0,0,0,0,0,0,0,46,2026-02-05 10:08:05.580665
RTM1P45,0.21,0.2,0.22,1000000.0,1000000.0,0,0,0,0,0,0,0,0,46,2026-02-05 10:08:05.580665
RTM1C46,5.2,5.19,5.21,1000000.0,1000000.0,0,0,0,0,0,0,0,0,46,2026-02-05 10:08:05.580665
RTM1P46,0.35,0.34,0.36,1000000.0,1000000.0,0,0,0,0,0,0,0,0,46,2026-02-05 10:08:05.580665
RTM1C47,4.35,4.34,4.36,1000000.0,1000000.0,0,0,0,0,0,0,0,0,46,2026-02-05 10:08:05.580665
RTM1P47,0.5,0.49,0.51,1000000.0,1000000.0,0,0,0,0,0,0,0,0,46,2026-02-05 10:08:05.580665
RTM1C48,3.64,3.63,3.65,1000000.0,1000000.0,0,0,0,0,0,0,0,0,46,2026-02-05 10:08:05.580665
RTM1P48,0.78,0.77,0.79,1000000.0,1000000.0,0,0,0,0,0,0,0,0,46,2026-02-05 10:08:05.580665
RTM1C49,2.94,2.93,2.95,1000000.0,1000000.0,0,0,0,0,0,0,0,0,46,2026-02-05 10:08:05.580665
RTM1P49,1.08,1.07,1.09,1000000.0,1000000.0,0,0,0,0,0,0,0,0,46,2026-02-05 10:08:05.580665
RTM1C50,2.35,2.34,2.36,1000000.0,1000000.0,0,0,0,0,0,0,0,0,46,2026-02-05 10:08:05.580665
RTM1P50,1.49,1.48,1.5,1000000.0,1000000.0,0,0,0,0,0,0,0,0,46,2026-02-05 10:08:05.580665
RTM1C51,1.8,1.79,1.81,1000000.0,1000000.0,0,0,0,0,0,0,0,0,46,2026-02-05 10:08:05.580665
RTM1P51,1.95,1.94,1.96,1000000.0,1000000.0,0,0,0,0,0,0,0,0,46,2026-02-05 10:08:05.580665
RTM1C52,1.38,1.37,1.39,1000000.0,1000000.0,0,0,0,0,0,0,0,0,46,2026-02-05 10:08:05.580665
RTM1P52,2.52,2.51,2.53,1000000.0,1000000.0,0,0,0,0,0,0,0,0,46,2026-02-05 10:08:05.580665
RTM1C53,1.04,1.03,1.05,1000000.0,1000000.0,0,0,0,0,0,0,0,0,46,2026-02-05 10:08:05.580665
RTM1P53,3.18,3.17,3.19,1000000.0,1000000.0,0,0,0,0,0,0,0,0,46,2026-02-05 10:08:05.580665
RTM1C54,0.79,0.78,0.8,1000000.0,1000000.0,0,0,0,0,0,0,0,0,46,2026-02-05 10:08:05.580665
RTM1P54,3.93,3.92,3.94,1000000.0,1000000.0,0,0,0,0,0,0,0,0,46,2026-02-05 10:08:05.580665
RTM,51.01,51.0,51.02,100000000.0,100000000.0,0,0,0,0,0,0,0,0,47,2026-02-05 10:08:06.651279
RTM1C45,6.19,6.18,6.2,1000000.0,1000000.0,0,0,0,0,0,0,0,0,47,2026-02-05 10:08:06.651279
RTM1P45,0.18,0.17,0.19,1000000.0,1000000.0,0,0,0,0,0,0,0,0,47,2026-02-05 10:08:06.651279
RTM1C46,5.3,5.29,5.31,1000000.0,1000000.0,0,0,0,0,0,0,0,0,47,2026-02-05 10:08:06.651279
RTM1P46,0.29,0.28,0.3,1000000.0,1000000.0,0,0,0,0,0,0,0,0,47,2026-02-05 10:08:06.651279
RTM1C47,4.46,4.45,4.47,1000000.0,1000000.0,0,0,0,0,0,0,0,0,47,2026-02-05 10:08:06.651279
RTM1P47,0.45,0.44,0.46,1000000.0,1000000.0,0,0,0,0,0,0,0,0,47,2026-02-05 10:08:06.651279
RTM1C48,3.7,3.69,3.71,1000000.0,1000000.0,0,0,0,0,0,0,0,0,47,2026-02-05 10:08:06.651279
RTM1P48,0.69,0.68,0.7,1000000.0,1000000.0,0,0,0,0,0,0,0,0,47,2026-02-05 10:08:06.651279
RTM1C49,3.05,3.04,3.06,1000000.0,1000000.0,0,0,0,0,0,0,0,0,47,2026-02-05 10:08:06.651279
RTM1P49,1.04,1.03,1.05,1000000.0,1000000.0,0,0,0,0,0,0,0,0,47,2026-02-05 10:08:06.651279
RTM1C50,2.42,2.41,2.43,1000000.0,1000000.0,0,0,0,0,0,0,0,0,47,2026-02-05 10:08:06.651279
RTM1P50,1.41,1.4,1.42,1000000.0,1000000.0,0,0,0,0,0,0,0,0,47,2026-02-05 10:08:06.651279
RTM1C51,1.9,1.89,1.91,1000000.0,1000000.0,0,0,0,0,0,0,0,0,47,2026-02-05 10:08:06.651279
RTM1P51,1.9,1.89,1.91,1000000.0,1000000.0,0,0,0,0,0,0,0,0,47,2026-02-05 10:08:06.651279
RTM1C52,1.45,1.44,1.46,1000000.0,1000000.0,0,0,0,0,0,0,0,0,47,2026-02-05 10:08:06.651279
RTM1P52,2.44,2.43,2.45,1000000.0,1000000.0,0,0,0,0,0,0,0,0,47,2026-02-05 10:08:06.651279
RTM1C53,1.1,1.09,1.11,1000000.0,1000000.0,0,0,0,0,0,0,0,0,47,2026-02-05 10:08:06.651279
RTM1P53,3.09,3.08,3.1,1000000.0,1000000.0,0,0,0,0,0,0,0,0,47,2026-02-05 10:08:06.651279
RTM1C54,0.84,0.83,0.85,1000000.0,1000000.0,0,0,0,0,0,0,0,0,47,2026-02-05 10:08:06.651279
RTM1P54,3.83,3.82,3.84,1000000.0,1000000.0,0,0,0,0,0,0,0,0,47,2026-02-05 10:08:06.651279
RTM,51.17,51.16,51.18,100000000.0,100000000.0,0,0,0,0,0,0,0,0,48,2026-02-05 10:08:07.237828
RTM1C45,6.34,6.33,6.35,1000000.0,1000000.0,0,0,0,0,0,0,0,0,48,2026-02-05 10:08:07.237828
RTM1P45,0.16,0.15,0.17,1000000.0,1000000.0,0,0,0,0,0,0,0,0,48,2026-02-05 10:08:07.237828
RTM1C46,5.44,5.43,5.45,1000000.0,1000000.0,0,0,0,0,0,0,0,0,48,2026-02-05 10:08:07.237828
RTM1P46,0.26,0.25,0.27,1000000.0,1000000.0,0,0,0,0,0,0,0,0,48,2026-02-05 10:08:07.237828
RTM1C47,4.63,4.62,4.64,1000000.0,1000000.0,0,0,0,0,0,0,0,0,48,2026-02-05 10:08:07.237828
RTM1P47,0.46,0.45,0.47,1000000.0,1000000.0,0,0,0,0,0,0,0,0,48,2026-02-05 10:08:07.237828
RTM1C48,3.83,3.82,3.84,1000000.0,1000000.0,0,0,0,0,0,0,0,0,48,2026-02-05 10:08:07.237828
RTM1P48,0.66,0.65,0.67,1000000.0,1000000.0,0,0,0,0,0,0,0,0,48,2026-02-05 10:08:07.237828
RTM1C49,3.11,3.1,3.12,1000000.0,1000000.0,0,0,0,0,0,0,0,0,48,2026-02-05 10:08:07.237828
RTM1P49,0.94,0.93,0.95,1000000.0,1000000.0,0,0,0,0,0,0,0,0,48,2026-02-05 10:08:07.237828
RTM1C50,2.54,2.53,2.55,1000000.0,1000000.0,0,0,0,0,0,0,0,0,48,2026-02-05 10:08:07.237828
RTM1P50,1.36,1.35,1.37,1000000.0,1000000.0,0,0,0,0,0,0,0,0,48,2026-02-05 10:08:07.237828
RTM1C51,1.98,1.97,1.99,1000000.0,1000000.0,0,0,0,0,0,0,0,0,48,2026-02-05 10:08:07.237828
RTM1P51,1.81,1.8,1.82,1000000.0,1000000.0,0,0,0,0,0,0,0,0,48,2026-02-05 10:08:07.237828
RTM1C52,1.51,1.5,1.52,1000000.0,1000000.0,0,0,0,0,0,0,0,0,48,2026-02-05 10:08:07.237828
RTM1P52,2.34,2.33,2.35,1000000.0,1000000.0,0,0,0,0,0,0,0,0,48,2026-02-05 10:08:07.237828
RTM1C53,1.15,1.14,1.16,1000000.0,1000000.0,0,0,0,0,0,0,0,0,48,2026-02-05 10:08:07.237828
RTM1P53,2.98,2.97,2.99,1000000.0,1000000.0,0,0,0,0,0,0,0,0,48,2026-02-05 10:08:07.237828
RTM1C54,0.83,0.82,0.84,1000000.0,1000000.0,0,0,0,0,0,0,0,0,48,2026-02-05 10:08:07.237828
RTM1P54,3.66,3.65,3.67,1000000.0,1000000.0,0,0,0,0,0,0,0,0,48,2026-02-05 10:08:07.237828
RTM,51.1,51.09,51.11,100000000.0,100000000.0,0,0,0,0,0,0,0,0,49,2026-02-05 10:08:08.312129
RTM1C45,6.26,6.25,6.27,1000000.0,1000000.0,0,0,0,0,0,0,0,0,49,2026-02-05 10:08:08.312129
RTM1P45,0.16,0.15,0.17,1000000.0,1000000.0,0,0,0,0,0,0,0,0,49,2026-02-05 10:08:08.312129
RTM1C46,5.38,5.37,5.39,1000000.0,1000000.0,0,0,0,0,0,0,0,0,49,2026-02-05 10:08:08.312129
RTM1P46,0.28,0.27,0.29,1000000.0,1000000.0,0,0,0,0,0,0,0,0,49,2026-02-05 10:08:08.312129
RTM1C47,4.53,4.52,4.54,1000000.0,1000000.0,0,0,0,0,0,0,0,0,49,2026-02-05 10:08:08.312129
RTM1P47,0.43,0.42,0.44,1000000.0,1000000.0,0,0,0,0,0,0,0,0,49,2026-02-05 10:08:08.312129
RTM1C48,3.82,3.81,3.83,1000000.0,1000000.0,0,0,0,0,0,0,0,0,49,2026-02-05 10:08:08.312129
RTM1P48,0.72,0.71,0.73,1000000.0,1000000.0,0,0,0,0,0,0,0,0,49,2026-02-05 10:08:08.312129
RTM1C49,3.1,3.09,3.11,1000000.0,1000000.0,0,0,0,0,0,0,0,0,49,2026-02-05 10:08:08.312129
RTM1P49,1.0,0.99,1.01,1000000.0,1000000.0,0,0,0,0,0,0,0,0,49,2026-02-05 10:08:08.312129
RTM1C50,2.47,2.46,2.48,1000000.0,1000000.0,0,0,0,0,0,0,0,0,49,2026-02-05 10:08:08.312129
RTM1P50,1.37,1.36,1.38,1000000.0,1000000.0,0,0,0,0,0,0,0,0,49,2026-02-05 10:08:08.312129
RTM1C51,1.94,1.93,1.95,1000000.0,1000000.0,0,0,0,0,0,0,0,0,49,2026-02-05 10:08:08.312129
RTM1P51,1.84,1.83,1.85,1000000.0,1000000.0,0,0,0,0,0,0,0,0,49,2026-02-05 10:08:08.312129
RTM1C52,1.5,1.49,1.51,1000000.0,1000000.0,0,0,0,0,0,0,0,0,49,2026-02-05 10:08:08.312129
RTM1P52,2.4,2.39,2.41,1000000.0,1000000.0,0,0,0,0,0,0,0,0,49,2026-02-05 10:08:08.312129
RTM1C53,1.08,1.07,1.09,1000000.0,1000000.0,0,0,0,0,0,0,0,0,49,2026-02-05 10:08:08.312129
RTM1P53,2.98,2.97,2.99,1000000.0,1000000.0,0,0,0,0,0,0,0,0,49,2026-02-05 10:08:08.312129
RTM1C54,0.8,0.79,0.81,1000000.0,1000000.0,0,0,0,0,0,0,0,0,49,2026-02-05 10:08:08.312129
RTM1P54,3.7,3.69,3.71,1000000.0,1000000.0,0,0,0,0,0,0,0,0,49,2026-02-05 10:08:08.312129
RTM,51.3,51.29,51.31,100000000.0,100000000.0,0,0,0,0,0,0,0,0,50,2026-02-05 10:08:09.389312
RTM1C45,6.45,6.44,6.46,1000000.0,1000000.0,0,0,0,0,0,0,0,0,50,2026-02-05 10:08:09.389312
RTM1P45,0.15,0.14,0.16,1000000.0,1000000.0,0,0,0,0,0,0,0,0,50,2026-02-05 10:08:09.389312
RTM1C46,5.55,5.54,5.56,1000000.0,1000000.0,0,0,0,0,0,0,0,0,50,2026-02-05 10:08:09.389312
RTM1P46,0.24,0.23,0.25,1000000.0,1000000.0,0,0,0,0,0,0,0,0,50,2026-02-05 10:08:09.389312
RTM1C47,4.7,4.69,4.71,1000000.0,1000000.0,0,0,0,0,0,0,0,0,50,2026-02-05 10:08:09.389312
RTM1P47,0.4,0.39,0.41,1000000.0,1000000.0,0,0,0,0,0,0,0,0,50,2026-02-05 10:08:09.389312
RTM1C48,3.96,3.95,3.97,1000000.0,1000000.0,0,0,0,0,0,0,0,0,50,2026-02-05 10:08:09.389312
RTM1P48,0.66,0.65,0.67,1000000.0,1000000.0,0,0,0,0,0,0,0,0,50,2026-02-05 10:08:09.389312
RTM1C49,3.2,3.19,3.21,1000000.0,1000000.0,0,0,0,0,0,0,0,0,50,2026-02-05 10:08:09.389312
RTM1P49,0.9,0.89,0.91,1000000.0,1000000.0,0,0,0,0,0,0,0,0,50,2026-02-05 10:08:09.389312
RTM1C50,2.54,2.53,2.55,1000000.0,1000000.0,0,0,0,0,0,0,0,0,50,2026-02-05 10:08:09.389312
RTM1P50,1.24,1.23,1.25,1000000.0,1000000.0,0,0,0,0,0,0,0,0,50,2026-02-05 10:08:09.389312
RTM1C51,1.99,1.98,2.0,1000000.0,1000000.0,0,0,0,0,0,0,0,0,50,2026-02-05 10:08:09.389312
RTM1P51,1.69,1.68,1.7,1000000.0,1000000.0,0,0,0,0,0,0,0,0,50,2026-02-05 10:08:09.389312
RTM1C52,1.54,1.53,1.55,1000000.0,1000000.0,0,0,0,0,0,0,0,0,50,2026-02-05 10:08:09.389312
RTM1P52,2.24,2.23,2.25,1000000.0,1000000.0,0,0,0,0,0,0,0,0,50,2026-02-05 10:08:09.389312
RTM1C53,1.16,1.15,1.17,1000000.0,1000000.0,0,0,0,0,0,0,0,0,50,2026-02-05 10:08:09.389312
RTM1P53,2.86,2.85,2.87,1000000.0,1000000.0,0,0,0,0,0,0,0,0,50,2026-02-05 10:08:09.389312
RTM1C54,0.85,0.84,0.86,1000000.0,1000000.0,0,0,0,0,0,0,0,0,50,2026-02-05 10:08:09.389312
RTM1P54,3.55,3.54,3.56,1000000.0,1000000.0,0,0,0,0,0,0,0,0,50,2026-02-05 10:08:09.389312
RTM,50.81,50.8,50.82,100000000.0,100000000.0,0,0,0,0,0,0,0,0,51,2026-02-05 10:08:10.478617
RTM1C45,5.98,5.97,5.99,1000000.0,1000000.0,0,0,0,0,0,0,0,0,51,2026-02-05 10:08:10.478617
RTM1P45,0.17,0.16,0.18,1000000.0,1000000.0,0,0,0,0,0,0,0,0,51,2026-02-05 10:08:10.478617
RTM1C46,5.11,5.1,5.12,1000000.0,1000000.0,0,0,0,0,0,0,0,0,51,2026-02-05 10:08:10.478617
RTM1P46,0.3,0.29,0.31,1000000.0,1000000.0,0,0,0,0,0,0,0,0,51,2026-02-05 10:08:10.478617
RTM1C47,4.29,4.28,4.3,1000000.0,1000000.0,0,0,0,0,0,0,0,0,51,2026-02-05 10:08:10.478617
RTM1P47,0.48,0.47,0.49,1000000.0,1000000.0,0,0,0,0,0,0,0,0,51,2026-02-05 10:08:10.478617
RTM1C48,3.57,3.56,3.58,1000000.0,1000000.0,0,0,0,0,0,0,0,0,51,2026-02-05 10:08:10.478617
RTM1P48,0.76,0.75,0.77,1000000.0,1000000.0,0,0,0,0,0,0,0,0,51,2026-02-05 10:08:10.478617
RTM1C49,2.88,2.87,2.89,1000000.0,1000000.0,0,0,0,0,0,0,0,0,51,2026-02-05 10:08:10.478617
RTM1P49,1.07,1.06,1.08,1000000.0,1000000.0,0,0,0,0,0,0,0,0,51,2026-02-05 10:08:10.478617
RTM1C50,2.25,2.24,2.26,1000000.0,1000000.0,0,0,0,0,0,0,0,0,51,2026-02-05 10:08:10.478617
RTM1P50,1.44,1.43,1.45,1000000.0,1000000.0,0,0,0,0,0,0,0,0,51,2026-02-05 10:08:10.478617
RTM1C51,1.75,1.74,1.76,1000000.0,1000000.0,0,0,0,0,0,0,0,0,51,2026-02-05 10:08:10.478617
RTM1P51,1.94,1.93,1.95,1000000.0,1000000.0,0,0,0,0,0,0,0,0,51,2026-02-05 10:08:10.478617
RTM1C52,1.31,1.3,1.32,1000000.0,1000000.0,0,0,0,0,0,0,0,0,51,2026-02-05 10:08:10.478617
RTM1P52,2.5,2.49,2.51,1000000.0,1000000.0,0,0,0,0,0,0,0,0,51,2026-02-05 10:08:10.478617
RTM1C53,1.02,1.01,1.03,1000000.0,1000000.0,0,0,0,0,0,0,0,0,51,2026-02-05 10:08:10.478617
RTM1P53,3.21,3.2,3.22,1000000.0,1000000.0,0,0,0,0,0,0,0,0,51,2026-02-05 10:08:10.478617
RTM1C54,0.71,0.7,0.72,1000000.0,1000000.0,0,0,0,0,0,0,0,0,51,2026-02-05 10:08:10.478617
RTM1P54,3.9,3.89,3.91,1000000.0,1000000.0,0,0,0,0,0,0,0,0,51,2026-02-05 10:08:10.478617
RTM,50.82,50.81,50.83,100000000.0,100000000.0,0,0,0,0,0,0,0,0,52,2026-02-05 10:08:11.554205
RTM1C45,6.0,5.99,6.01,1000000.0,1000000.0,0,0,0,0,0,0,0,0,52,2026-02-05 10:08:11.554205
RTM1P45,0.17,0.16,0.18,1000000.0,1000000.0,0,0,0,0,0,0,0,0,52,2026-02-05 10:08:11.554205
RTM1C46,5.11,5.1,5.12,1000000.0,1000000.0,0,0,0,0,0,0,0,0,52,2026-02-05 10:08:11.554205
RTM1P46,0.28,0.27,0.29,1000000.0,1000000.0,0,0,0,0,0,0,0,0,52,2026-02-05 10:08:11.554205
RTM1C47,4.28,4.27,4.29,1000000.0,1000000.0,0,0,0,0,0,0,0,0,52,2026-02-05 10:08:11.554205
RTM1P47,0.46,0.45,0.47,1000000.0,1000000.0,0,0,0,0,0,0,0,0,52,2026-02-05 10:08:11.554205
RTM1C48,3.57,3.56,3.58,1000000.0,1000000.0,0,0,0,0,0,0,0,0,52,2026-02-05 10:08:11.554205
RTM1P48,0.74,0.73,0.75,1000000.0,1000000.0,0,0,0,0,0,0,0,0,52,2026-02-05 10:08:11.554205
RTM1C49,2.86,2.85,2.87,1000000.0,1000000.0,0,0,0,0,0,0,0,0,52,2026-02-05 10:08:11.554205
RTM1P49,1.04,1.03,1.05,1000000.0,1000000.0,0,0,0,0,0,0,0,0,52,2026-02-05 10:08:11.554205
RTM1C50,2.24,2.23,2.25,1000000.0,1000000.0,0,0,0,0,0,0,0,0,52,2026-02-05 10:08:11.554205
RTM1P50,1.41,1.4,1.42,1000000.0,1000000.0,0,0,0,0,0,0,0,0,52,2026-02-05 10:08:11.554205
RTM1C51,1.76,1.75,1.77,1000000.0,1000000.0,0,0,0,0,0,0,0,0,52,2026-02-05 10:08:11.554205
RTM1P51,1.94,1.93,1.95,1000000.0,1000000.0,0,0,0,0,0,0,0,0,52,2026-02-05 10:08:11.554205
RTM1C52,1.3,1.29,1.31,1000000.0,1000000.0,0,0,0,0,0,0,0,0,52,2026-02-05 10:08:11.554205
RTM1P52,2.47,2.46,2.48,1000000.0,1000000.0,0,0,0,0,0,0,0,0,52,2026-02-05 10:08:11.554205
RTM1C53,1.03,1.02,1.04,1000000.0,1000000.0,0,0,0,0,0,0,0,0,52,2026-02-05 10:08:11.554205
RTM1P53,3.2,3.19,3.21,1000000.0,1000000.0,0,0,0,0,0,0,0,0,52,2026-02-05 10:08:11.554205
RTM1C54,0.72,0.71,0.73,1000000.0,1000000.0,0,0,0,0,0,0,0,0,52,2026-02-05 10:08:11.554205
RTM1P54,3.89,3.88,3.9,1000000.0,1000000.0,0,0,0,0,0,0,0,0,52,2026-02-05 10:08:11.554205
RTM,50.65,50.64,50.66,100000000.0,100000000.0,0,0,0,0,0,0,0,0,53,2026-02-05 10:08:12.625712
RTM1C45,5.84,5.83,5.85,1000000.0,1000000.0,0,0,0,0,0,0,0,0,53,2026-02-05 10:08:12.625712
RTM1P45,0.19,0.18,0.2,1000000.0,1000000.0,0,0,0,0,0,0,0,0,53,2026-02-05 10:08:12.625712
RTM1C46,4.96,4.95,4.97,1000000.0,1000000.0,0,0,0,0,0,0,0,0,53,2026-02-05 10:08:12.625712
RTM1P46,0.31,0.3,0.32,1000000.0,1000000.0,0,0,0,0,0,0,0,0,53,2026-02-05 10:08:12.625712
RTM1C47,4.13,4.12,4.14,1000000.0,1000000.0,0,0,0,0,0,0,0,0,53,2026-02-05 10:08:12.625712
RTM1P47,0.48,0.47,0.49,1000000.0,1000000.0,0,0,0,0,0,0,0,0,53,2026-02-05 10:08:12.625712
RTM1C48,3.43,3.42,3.44,1000000.0,1000000.0,0,0,0,0,0,0,0,0,53,2026-02-05 10:08:12.625712
RTM1P48,0.78,0.77,0.79,1000000.0,1000000.0,0,0,0,0,0,0,0,0,53,2026-02-05 10:08:12.625712
