ticker,last_price,bid_price,ask_price,BUY_ANON,SELL_ANON,SELL_COLB-2,BUY_COLB-2,tick,timestamp,news_news_id,news_period,news_tick,news_ticker,news_headline,news_body
RTM,50.0,0.0,0.0,100000000.0,100000000.0,0,0,1,2026-02-03 00:14:18.345102,2.0,1.0,1.0,Week 1,Delta limit and penalty,The delta limit for this sub-heat is 6000 and the penalty percentage is 4%
RTM1C45,5.0,0.0,0.0,1000000.0,1000000.0,0,0,1,2026-02-03 00:14:18.345102,1.0,1.0,1.0,Week 1,Risk free rate and current annualized volatility of RTM,The current risk free rate is 0%. RTM is an ETF that mimics one of the major indices in the simulated world and its current annualized realized volatility is 16%. This simulation consists of 20 trading days that are each 15 ticks in length.
RTM1P45,0.02,0.0,0.0,1000000.0,1000000.0,0,0,1,2026-02-03 00:14:18.345102,,,,,,
RTM1C46,4.0,0.0,0.0,1000000.0,1000000.0,0,0,1,2026-02-03 00:14:18.345102,,,,,,
RTM1P46,0.02,0.0,0.0,1000000.0,1000000.0,0,0,1,2026-02-03 00:14:18.345102,,,,,,
RTM1C47,3.02,0.0,0.0,1000000.0,1000000.0,0,0,1,2026-02-03 00:14:18.345102,,,,,,
RTM1P47,0.02,0.0,0.0,1000000.0,1000000.0,0,0,1,2026-02-03 00:14:18.345102,,,,,,
RTM1C48,2.08,0.0,0.0,1000000.0,1000000.0,0,0,1,2026-02-03 00:14:18.345102,,,,,,
RTM1P48,0.08,0.0,0.0,1000000.0,1000000.0,0,0,1,2026-02-03 00:14:18.345102,,,,,,
RTM1C49,1.2,0.0,0.0,1000000.0,1000000.0,0,0,1,2026-02-03 00:14:18.345102,,,,,,
RTM1P49,0.2,0.0,0.0,1000000.0,1000000.0,0,0,1,2026-02-03 00:14:18.345102,,,,,,
RTM1C50,0.62,0.0,0.0,1000000.0,1000000.0,0,0,1,2026-02-03 00:14:18.345102,,,,,,
RTM1P50,0.62,0.0,0.0,1000000.0,1000000.0,0,0,1,2026-02-03 00:14:18.345102,,,,,,
RTM1C51,0.26,0.0,0.0,1000000.0,1000000.0,0,0,1,2026-02-03 00:14:18.345102,,,,,,
RTM1P51,1.26,0.0,0.0,1000000.0,1000000.0,0,0,1,2026-02-03 00:14:18.345102,,,,,,
RTM1C52,0.12,0.0,0.0,1000000.0,1000000.0,0,0,1,2026-02-03 00:14:18.345102,,,,,,
RTM1P52,2.12,0.0,0.0,1000000.0,1000000.0,0,0,1,2026-02-03 00:14:18.345102,,,,,,
RTM1C53,0.02,0.0,0.0,1000000.0,1000000.0,0,0,1,2026-02-03 00:14:18.345102,,,,,,
RTM1P53,3.02,0.0,0.0,1000000.0,1000000.0,0,0,1,2026-02-03 00:14:18.345102,,,,,,
RTM1C54,0.02,0.0,0.0,1000000.0,1000000.0,0,0,1,2026-02-03 00:14:18.345102,,,,,,
RTM1P54,4.01,0.0,0.0,1000000.0,1000000.0,0,0,1,2026-02-03 00:14:18.345102,,,,,,
RTM,50.21,50.2,50.22,100000000.0,100000000.0,0,0,2,2026-02-03 00:14:19.421028
RTM1C45,5.21,5.2,5.22,1000000.0,1000000.0,0,0,2,2026-02-03 00:14:19.421028
RTM1P45,0.02,0.01,0.03,1000000.0,1000000.0,0,0,2,2026-02-03 00:14:19.421028
RTM1C46,4.21,4.2,4.22,1000000.0,1000000.0,0,0,2,2026-02-03 00:14:19.421028
RTM1P46,0.02,0.01,0.03,1000000.0,1000000.0,0,0,2,2026-02-03 00:14:19.421028
RTM1C47,3.22,3.21,3.23,1000000.0,1000000.0,0,0,2,2026-02-03 00:14:19.421028
RTM1P47,0.02,0.01,0.03,1000000.0,1000000.0,0,0,2,2026-02-03 00:14:19.421028
RTM1C48,2.28,2.27,2.29,1000000.0,1000000.0,0,0,2,2026-02-03 00:14:19.421028
RTM1P48,0.07,0.06,0.08,1000000.0,1000000.0,0,0,2,2026-02-03 00:14:19.421028
RTM1C49,1.39,1.38,1.4,1000000.0,1000000.0,0,0,2,2026-02-03 00:14:19.421028
RTM1P49,0.19,0.18,0.2,1000000.0,1000000.0,0,0,2,2026-02-03 00:14:19.421028
RTM1C50,0.67,0.66,0.68,1000000.0,1000000.0,0,0,2,2026-02-03 00:14:19.421028
RTM1P50,0.47,0.46,0.48,1000000.0,1000000.0,0,0,2,2026-02-03 00:14:19.421028
RTM1C51,0.3,0.29,0.31,1000000.0,1000000.0,0,0,2,2026-02-03 00:14:19.421028
RTM1P51,1.1,1.09,1.11,1000000.0,1000000.0,0,0,2,2026-02-03 00:14:19.421028
RTM1C52,0.15,0.14,0.16,1000000.0,1000000.0,0,0,2,2026-02-03 00:14:19.421028
RTM1P52,1.94,1.93,1.95,1000000.0,1000000.0,0,0,2,2026-02-03 00:14:19.421028
RTM1C53,0.02,0.01,0.03,1000000.0,1000000.0,0,0,2,2026-02-03 00:14:19.421028
RTM1P53,2.81,2.8,2.82,1000000.0,1000000.0,0,0,2,2026-02-03 00:14:19.421028
RTM1C54,0.02,0.01,0.03,1000000.0,1000000.0,0,0,2,2026-02-03 00:14:19.421028
RTM1P54,3.8,3.79,3.81,1000000.0,1000000.0,0,0,2,2026-02-03 00:14:19.421028
RTM,50.06,50.05,50.07,100000000.0,100000000.0,0,0,3,2026-02-03 00:14:19.970635
RTM1C45,5.06,5.05,5.07,1000000.0,1000000.0,0,0,3,2026-02-03 00:14:19.970635
RTM1P45,0.02,0.01,0.03,1000000.0,1000000.0,0,0,3,2026-02-03 00:14:19.970635
RTM1C46,4.06,4.05,4.07,1000000.0,1000000.0,0,0,3,2026-02-03 00:14:19.970635
RTM1P46,0.02,0.01,0.03,1000000.0,1000000.0,0,0,3,2026-02-03 00:14:19.970635
RTM1C47,3.06,3.05,3.07,1000000.0,1000000.0,0,0,3,2026-02-03 00:14:19.970635
RTM1P47,0.02,0.01,0.03,1000000.0,1000000.0,0,0,3,2026-02-03 00:14:19.970635
RTM1C48,2.12,2.11,2.13,1000000.0,1000000.0,0,0,3,2026-02-03 00:14:19.970635
RTM1P48,0.06,0.05,0.07,1000000.0,1000000.0,0,0,3,2026-02-03 00:14:19.970635
RTM1C49,1.36,1.35,1.37,1000000.0,1000000.0,0,0,3,2026-02-03 00:14:19.970635
RTM1P49,0.31,0.3,0.32,1000000.0,1000000.0,0,0,3,2026-02-03 00:14:19.970635
RTM1C50,0.7,0.69,0.71,1000000.0,1000000.0,0,0,3,2026-02-03 00:14:19.970635
RTM1P50,0.64,0.63,0.65,1000000.0,1000000.0,0,0,3,2026-02-03 00:14:19.970635
RTM1C51,0.23,0.22,0.24,1000000.0,1000000.0,0,0,3,2026-02-03 00:14:19.970635
RTM1P51,1.17,1.16,1.18,1000000.0,1000000.0,0,0,3,2026-02-03 00:14:19.970635
RTM1C52,0.08,0.07,0.09,1000000.0,1000000.0,0,0,3,2026-02-03 00:14:19.970635
RTM1P52,2.02,2.01,2.03,1000000.0,1000000.0,0,0,3,2026-02-03 00:14:19.970635
RTM1C53,0.04,0.03,0.05,1000000.0,1000000.0,0,0,3,2026-02-03 00:14:19.970635
RTM1P53,2.99,2.98,3.0,1000000.0,1000000.0,0,0,3,2026-02-03 00:14:19.970635
RTM1C54,0.02,0.01,0.03,1000000.0,1000000.0,0,0,3,2026-02-03 00:14:19.970635
RTM1P54,3.95,3.94,3.96,1000000.0,1000000.0,0,0,3,2026-02-03 00:14:19.970635
RTM,50.26,50.25,50.27,100000000.0,100000000.0,0,0,4,2026-02-03 00:14:21.038530
RTM1C45,5.26,5.25,5.27,1000000.0,1000000.0,0,0,4,2026-02-03 00:14:21.038530
RTM1P45,0.02,0.01,0.03,1000000.0,1000000.0,0,0,4,2026-02-03 00:14:21.038530
RTM1C46,4.26,4.25,4.27,1000000.0,1000000.0,0,0,4,2026-02-03 00:14:21.038530
RTM1P46,0.02,0.01,0.03,1000000.0,1000000.0,0,0,4,2026-02-03 00:14:21.038530
RTM1C47,3.27,3.26,3.28,1000000.0,1000000.0,0,0,4,2026-02-03 00:14:21.038530
RTM1P47,0.02,0.01,0.03,1000000.0,1000000.0,0,0,4,2026-02-03 00:14:21.038530
RTM1C48,2.36,2.35,2.37,1000000.0,1000000.0,0,0,4,2026-02-03 00:14:21.038530
RTM1P48,0.09,0.08,0.1,1000000.0,1000000.0,0,0,4,2026-02-03 00:14:21.038530
RTM1C49,1.48,1.47,1.49,1000000.0,1000000.0,0,0,4,2026-02-03 00:14:21.038530
RTM1P49,0.22,0.21,0.23,1000000.0,1000000.0,0,0,4,2026-02-03 00:14:21.038530
RTM1C50,0.81,0.8,0.82,1000000.0,1000000.0,0,0,4,2026-02-03 00:14:21.038530
RTM1P50,0.55,0.54,0.56,1000000.0,1000000.0,0,0,4,2026-02-03 00:14:21.038530
RTM1C51,0.29,0.28,0.3,1000000.0,1000000.0,0,0,4,2026-02-03 00:14:21.038530
RTM1P51,1.03,1.02,1.04,1000000.0,1000000.0,0,0,4,2026-02-03 00:14:21.038530
RTM1C52,0.13,0.12,0.14,1000000.0,1000000.0,0,0,4,2026-02-03 00:14:21.038530
RTM1P52,1.86,1.85,1.87,1000000.0,1000000.0,0,0,4,2026-02-03 00:14:21.038530
RTM1C53,0.02,0.01,0.03,1000000.0,1000000.0,0,0,4,2026-02-03 00:14:21.038530
RTM1P53,2.76,2.75,2.77,1000000.0,1000000.0,0,0,4,2026-02-03 00:14:21.038530
RTM1C54,0.02,0.01,0.03,1000000.0,1000000.0,0,0,4,2026-02-03 00:14:21.038530
RTM1P54,3.74,3.73,3.75,1000000.0,1000000.0,0,0,4,2026-02-03 00:14:21.038530
RTM,50.28,50.27,50.29,100000000.0,100000000.0,0,0,5,2026-02-03 00:14:22.095675
RTM1C45,5.28,5.27,5.29,1000000.0,1000000.0,0,0,5,2026-02-03 00:14:22.095675
RTM1P45,0.02,0.01,0.03,1000000.0,1000000.0,0,0,5,2026-02-03 00:14:22.095675
RTM1C46,4.28,4.27,4.29,1000000.0,1000000.0,0,0,5,2026-02-03 00:14:22.095675
RTM1P46,0.02,0.01,0.03,1000000.0,1000000.0,0,0,5,2026-02-03 00:14:22.095675
RTM1C47,3.29,3.28,3.3,1000000.0,1000000.0,0,0,5,2026-02-03 00:14:22.095675
RTM1P47,0.02,0.01,0.03,1000000.0,1000000.0,0,0,5,2026-02-03 00:14:22.095675
RTM1C48,2.33,2.32,2.34,1000000.0,1000000.0,0,0,5,2026-02-03 00:14:22.095675
RTM1P48,0.04,0.03,0.05,1000000.0,1000000.0,0,0,5,2026-02-03 00:14:22.095675
RTM1C49,1.43,1.42,1.44,1000000.0,1000000.0,0,0,5,2026-02-03 00:14:22.095675
RTM1P49,0.14,0.13,0.15,1000000.0,1000000.0,0,0,5,2026-02-03 00:14:22.095675
RTM1C50,0.79,0.78,0.8,1000000.0,1000000.0,0,0,5,2026-02-03 00:14:22.095675
RTM1P50,0.5,0.49,0.51,1000000.0,1000000.0,0,0,5,2026-02-03 00:14:22.095675
RTM1C51,0.42,0.41,0.43,1000000.0,1000000.0,0,0,5,2026-02-03 00:14:22.095675
RTM1P51,1.14,1.13,1.15,1000000.0,1000000.0,0,0,5,2026-02-03 00:14:22.095675
RTM1C52,0.15,0.14,0.16,1000000.0,1000000.0,0,0,5,2026-02-03 00:14:22.095675
RTM1P52,1.86,1.85,1.87,1000000.0,1000000.0,0,0,5,2026-02-03 00:14:22.095675
RTM1C53,0.05,0.04,0.06,1000000.0,1000000.0,0,0,5,2026-02-03 00:14:22.095675
RTM1P53,2.76,2.75,2.77,1000000.0,1000000.0,0,0,5,2026-02-03 00:14:22.095675
RTM1C54,0.02,0.01,0.03,1000000.0,1000000.0,0,0,5,2026-02-03 00:14:22.095675
RTM1P54,3.72,3.71,3.73,1000000.0,1000000.0,0,0,5,2026-02-03 00:14:22.095675
RTM,50.16,50.15,50.17,100000000.0,100000000.0,0,0,6,2026-02-03 00:14:23.166029
RTM1C45,5.17,5.16,5.18,1000000.0,1000000.0,0,0,6,2026-02-03 00:14:23.166029
RTM1P45,0.02,0.01,0.03,1000000.0,1000000.0,0,0,6,2026-02-03 00:14:23.166029
RTM1C46,4.17,4.16,4.18,1000000.0,1000000.0,0,0,6,2026-02-03 00:14:23.166029
RTM1P46,0.02,0.01,0.03,1000000.0,1000000.0,0,0,6,2026-02-03 00:14:23.166029
RTM1C47,3.19,3.18,3.2,1000000.0,1000000.0,0,0,6,2026-02-03 00:14:23.166029
RTM1P47,0.02,0.01,0.03,1000000.0,1000000.0,0,0,6,2026-02-03 00:14:23.166029
RTM1C48,2.21,2.2,2.22,1000000.0,1000000.0,0,0,6,2026-02-03 00:14:23.166029
RTM1P48,0.04,0.03,0.05,1000000.0,1000000.0,0,0,6,2026-02-03 00:14:23.166029
RTM1C49,1.42,1.41,1.43,1000000.0,1000000.0,0,0,6,2026-02-03 00:14:23.166029
RTM1P49,0.25,0.24,0.26,1000000.0,1000000.0,0,0,6,2026-02-03 00:14:23.166029
RTM1C50,0.78,0.77,0.79,1000000.0,1000000.0,0,0,6,2026-02-03 00:14:23.166029
RTM1P50,0.62,0.61,0.63,1000000.0,1000000.0,0,0,6,2026-02-03 00:14:23.166029
RTM1C51,0.27,0.26,0.28,1000000.0,1000000.0,0,0,6,2026-02-03 00:14:23.166029
RTM1P51,1.11,1.1,1.12,1000000.0,1000000.0,0,0,6,2026-02-03 00:14:23.166029
RTM1C52,0.11,0.1,0.12,1000000.0,1000000.0,0,0,6,2026-02-03 00:14:23.166029
RTM1P52,1.95,1.94,1.96,1000000.0,1000000.0,0,0,6,2026-02-03 00:14:23.166029
RTM1C53,0.03,0.02,0.04,1000000.0,1000000.0,0,0,6,2026-02-03 00:14:23.166029
RTM1P53,2.87,2.86,2.88,1000000.0,1000000.0,0,0,6,2026-02-03 00:14:23.166029
RTM1C54,0.02,0.01,0.03,1000000.0,1000000.0,0,0,6,2026-02-03 00:14:23.166029
RTM1P54,3.84,3.83,3.85,1000000.0,1000000.0,0,0,6,2026-02-03 00:14:23.166029
RTM,50.08,50.07,50.09,100000000.0,100000000.0,0,0,7,2026-02-03 00:14:24.223195
RTM1C45,5.08,5.07,5.09,1000000.0,1000000.0,0,0,7,2026-02-03 00:14:24.223195
RTM1P45,0.02,0.01,0.03,1000000.0,1000000.0,0,0,7,2026-02-03 00:14:24.223195
RTM1C46,4.08,4.07,4.09,1000000.0,1000000.0,0,0,7,2026-02-03 00:14:24.223195
RTM1P46,0.02,0.01,0.03,1000000.0,1000000.0,0,0,7,2026-02-03 00:14:24.223195
RTM1C47,3.1,3.09,3.11,1000000.0,1000000.0,0,0,7,2026-02-03 00:14:24.223195
RTM1P47,0.02,0.01,0.03,1000000.0,1000000.0,0,0,7,2026-02-03 00:14:24.223195
RTM1C48,2.17,2.16,2.18,1000000.0,1000000.0,0,0,7,2026-02-03 00:14:24.223195
RTM1P48,0.09,0.08,0.1,1000000.0,1000000.0,0,0,7,2026-02-03 00:14:24.223195
RTM1C49,1.36,1.35,1.37,1000000.0,1000000.0,0,0,7,2026-02-03 00:14:24.223195
RTM1P49,0.29,0.28,0.3,1000000.0,1000000.0,0,0,7,2026-02-03 00:14:24.223195
RTM1C50,0.63,0.62,0.64,1000000.0,1000000.0,0,0,7,2026-02-03 00:14:24.223195
RTM1P50,0.55,0.54,0.56,1000000.0,1000000.0,0,0,7,2026-02-03 00:14:24.223195
RTM1C51,0.32,0.31,0.33,1000000.0,1000000.0,0,0,7,2026-02-03 00:14:24.223195
RTM1P51,1.25,1.24,1.26,1000000.0,1000000.0,0,0,7,2026-02-03 00:14:24.223195
RTM1C52,0.1,0.09,0.11,1000000.0,1000000.0,0,0,7,2026-02-03 00:14:24.223195
RTM1P52,2.03,2.02,2.04,1000000.0,1000000.0,0,0,7,2026-02-03 00:14:24.223195
RTM1C53,0.02,0.01,0.03,1000000.0,1000000.0,0,0,7,2026-02-03 00:14:24.223195
RTM1P53,2.94,2.93,2.95,1000000.0,1000000.0,0,0,7,2026-02-03 00:14:24.223195
RTM1C54,0.02,0.01,0.03,1000000.0,1000000.0,0,0,7,2026-02-03 00:14:24.223195
RTM1P54,3.93,3.92,3.94,1000000.0,1000000.0,0,0,7,2026-02-03 00:14:24.223195
RTM,50.23,50.22,50.24,100000000.0,100000000.0,0,0,8,2026-02-03 00:14:25.278848
RTM1C45,5.23,5.22,5.24,1000000.0,1000000.0,0,0,8,2026-02-03 00:14:25.278848
RTM1P45,0.02,0.01,0.03,1000000.0,1000000.0,0,0,8,2026-02-03 00:14:25.278848
RTM1C46,4.23,4.22,4.24,1000000.0,1000000.0,0,0,8,2026-02-03 00:14:25.278848
RTM1P46,0.02,0.01,0.03,1000000.0,1000000.0,0,0,8,2026-02-03 00:14:25.278848
RTM1C47,3.24,3.23,3.25,1000000.0,1000000.0,0,0,8,2026-02-03 00:14:25.278848
RTM1P47,0.02,0.01,0.03,1000000.0,1000000.0,0,0,8,2026-02-03 00:14:25.278848
RTM1C48,2.32,2.31,2.33,1000000.0,1000000.0,0,0,8,2026-02-03 00:14:25.278848
RTM1P48,0.09,0.08,0.1,1000000.0,1000000.0,0,0,8,2026-02-03 00:14:25.278848
RTM1C49,1.47,1.46,1.48,1000000.0,1000000.0,0,0,8,2026-02-03 00:14:25.278848
RTM1P49,0.24,0.23,0.25,1000000.0,1000000.0,0,0,8,2026-02-03 00:14:25.278848
RTM1C50,0.85,0.84,0.86,1000000.0,1000000.0,0,0,8,2026-02-03 00:14:25.278848
RTM1P50,0.62,0.61,0.63,1000000.0,1000000.0,0,0,8,2026-02-03 00:14:25.278848
RTM1C51,0.4,0.39,0.41,1000000.0,1000000.0,0,0,8,2026-02-03 00:14:25.278848
RTM1P51,1.17,1.16,1.18,1000000.0,1000000.0,0,0,8,2026-02-03 00:14:25.278848
RTM1C52,0.14,0.13,0.15,1000000.0,1000000.0,0,0,8,2026-02-03 00:14:25.278848
RTM1P52,1.91,1.9,1.92,1000000.0,1000000.0,0,0,8,2026-02-03 00:14:25.278848
RTM1C53,0.07,0.06,0.08,1000000.0,1000000.0,0,0,8,2026-02-03 00:14:25.278848
RTM1P53,2.84,2.83,2.85,1000000.0,1000000.0,0,0,8,2026-02-03 00:14:25.278848
RTM1C54,0.02,0.01,0.03,1000000.0,1000000.0,0,0,8,2026-02-03 00:14:25.278848
RTM1P54,3.78,3.77,3.79,1000000.0,1000000.0,0,0,8,2026-02-03 00:14:25.278848
RTM,50.16,50.15,50.17,100000000.0,100000000.0,0,0,9,2026-02-03 00:14:26.356772
RTM1C45,5.16,5.15,5.17,1000000.0,1000000.0,0,0,9,2026-02-03 00:14:26.356772
RTM1P45,0.02,0.01,0.03,1000000.0,1000000.0,0,0,9,2026-02-03 00:14:26.356772
RTM1C46,4.17,4.16,4.18,1000000.0,1000000.0,0,0,9,2026-02-03 00:14:26.356772
RTM1P46,0.02,0.01,0.03,1000000.0,1000000.0,0,0,9,2026-02-03 00:14:26.356772
RTM1C47,3.18,3.17,3.19,1000000.0,1000000.0,0,0,9,2026-02-03 00:14:26.356772
RTM1P47,0.02,0.01,0.03,1000000.0,1000000.0,0,0,9,2026-02-03 00:14:26.356772
RTM1C48,2.21,2.2,2.22,1000000.0,1000000.0,0,0,9,2026-02-03 00:14:26.356772
RTM1P48,0.05,0.04,0.06,1000000.0,1000000.0,0,0,9,2026-02-03 00:14:26.356772
RTM1C49,1.42,1.41,1.43,1000000.0,1000000.0,0,0,9,2026-02-03 00:14:26.356772
RTM1P49,0.26,0.25,0.27,1000000.0,1000000.0,0,0,9,2026-02-03 00:14:26.356772
RTM1C50,0.79,0.78,0.8,1000000.0,1000000.0,0,0,9,2026-02-03 00:14:26.356772
RTM1P50,0.63,0.62,0.64,1000000.0,1000000.0,0,0,9,2026-02-03 00:14:26.356772
RTM1C51,0.31,0.3,0.32,1000000.0,1000000.0,0,0,9,2026-02-03 00:14:26.356772
RTM1P51,1.15,1.14,1.16,1000000.0,1000000.0,0,0,9,2026-02-03 00:14:26.356772
RTM1C52,0.17,0.16,0.18,1000000.0,1000000.0,0,0,9,2026-02-03 00:14:26.356772
RTM1P52,2.01,2.0,2.02,1000000.0,1000000.0,0,0,9,2026-02-03 00:14:26.356772
RTM1C53,0.02,0.01,0.03,1000000.0,1000000.0,0,0,9,2026-02-03 00:14:26.356772
RTM1P53,2.86,2.85,2.87,1000000.0,1000000.0,0,0,9,2026-02-03 00:14:26.356772
RTM1C54,0.02,0.01,0.03,1000000.0,1000000.0,0,0,9,2026-02-03 00:14:26.356772
RTM1P54,3.85,3.84,3.86,1000000.0,1000000.0,0,0,9,2026-02-03 00:14:26.356772
RTM,50.24,50.23,50.25,100000000.0,100000000.0,0,0,10,2026-02-03 00:14:27.413691
RTM1C45,5.24,5.23,5.25,1000000.0,1000000.0,0,0,10,2026-02-03 00:14:27.413691
RTM1P45,0.02,0.01,0.03,1000000.0,1000000.0,0,0,10,2026-02-03 00:14:27.413691
RTM1C46,4.24,4.23,4.25,1000000.0,1000000.0,0,0,10,2026-02-03 00:14:27.413691
RTM1P46,0.02,0.01,0.03,1000000.0,1000000.0,0,0,10,2026-02-03 00:14:27.413691
RTM1C47,3.25,3.24,3.26,1000000.0,1000000.0,0,0,10,2026-02-03 00:14:27.413691
RTM1P47,0.02,0.01,0.03,1000000.0,1000000.0,0,0,10,2026-02-03 00:14:27.413691
RTM1C48,2.3,2.29,2.31,1000000.0,1000000.0,0,0,10,2026-02-03 00:14:27.413691
RTM1P48,0.06,0.05,0.07,1000000.0,1000000.0,0,0,10,2026-02-03 00:14:27.413691
RTM1C49,1.46,1.45,1.47,1000000.0,1000000.0,0,0,10,2026-02-03 00:14:27.413691
RTM1P49,0.22,0.21,0.23,1000000.0,1000000.0,0,0,10,2026-02-03 00:14:27.413691
RTM1C50,0.81,0.8,0.82,1000000.0,1000000.0,0,0,10,2026-02-03 00:14:27.413691
RTM1P50,0.57,0.56,0.58,1000000.0,1000000.0,0,0,10,2026-02-03 00:14:27.413691
RTM1C51,0.32,0.31,0.33,1000000.0,1000000.0,0,0,10,2026-02-03 00:14:27.413691
RTM1P51,1.08,1.07,1.09,1000000.0,1000000.0,0,0,10,2026-02-03 00:14:27.413691
RTM1C52,0.16,0.15,0.17,1000000.0,1000000.0,0,0,10,2026-02-03 00:14:27.413691
RTM1P52,1.92,1.91,1.93,1000000.0,1000000.0,0,0,10,2026-02-03 00:14:27.413691
RTM1C53,0.02,0.01,0.03,1000000.0,1000000.0,0,0,10,2026-02-03 00:14:27.413691
RTM1P53,2.78,2.77,2.79,1000000.0,1000000.0,0,0,10,2026-02-03 00:14:27.413691
RTM1C54,0.02,0.01,0.03,1000000.0,1000000.0,0,0,10,2026-02-03 00:14:27.413691
RTM1P54,3.76,3.75,3.77,1000000.0,1000000.0,0,0,10,2026-02-03 00:14:27.413691
RTM,49.95,49.94,49.96,100000000.0,100000000.0,0,0,11,2026-02-03 00:14:28.467614
RTM1C45,4.95,4.94,4.96,1000000.0,1000000.0,0,0,11,2026-02-03 00:14:28.467614
RTM1P45,0.02,0.01,0.03,1000000.0,1000000.0,0,0,11,2026-02-03 00:14:28.467614
RTM1C46,3.95,3.94,3.96,1000000.0,1000000.0,0,0,11,2026-02-03 00:14:28.467614
RTM1P46,0.02,0.01,0.03,1000000.0,1000000.0,0,0,11,2026-02-03 00:14:28.467614
RTM1C47,2.97,2.96,2.98,1000000.0,1000000.0,0,0,11,2026-02-03 00:14:28.467614
RTM1P47,0.02,0.01,0.03,1000000.0,1000000.0,0,0,11,2026-02-03 00:14:28.467614
RTM1C48,2.05,2.04,2.06,1000000.0,1000000.0,0,0,11,2026-02-03 00:14:28.467614
RTM1P48,0.1,0.09,0.11,1000000.0,1000000.0,0,0,11,2026-02-03 00:14:28.467614
RTM1C49,1.26,1.25,1.27,1000000.0,1000000.0,0,0,11,2026-02-03 00:14:28.467614
RTM1P49,0.31,0.3,0.32,1000000.0,1000000.0,0,0,11,2026-02-03 00:14:28.467614
RTM1C50,0.69,0.68,0.7,1000000.0,1000000.0,0,0,11,2026-02-03 00:14:28.467614
RTM1P50,0.75,0.74,0.76,1000000.0,1000000.0,0,0,11,2026-02-03 00:14:28.467614
RTM1C51,0.25,0.24,0.26,1000000.0,1000000.0,0,0,11,2026-02-03 00:14:28.467614
RTM1P51,1.31,1.3,1.32,1000000.0,1000000.0,0,0,11,2026-02-03 00:14:28.467614
RTM1C52,0.07,0.06,0.08,1000000.0,1000000.0,0,0,11,2026-02-03 00:14:28.467614
RTM1P52,2.12,2.11,2.13,1000000.0,1000000.0,0,0,11,2026-02-03 00:14:28.467614
RTM1C53,0.02,0.01,0.03,1000000.0,1000000.0,0,0,11,2026-02-03 00:14:28.467614
RTM1P53,3.07,3.06,3.08,1000000.0,1000000.0,0,0,11,2026-02-03 00:14:28.467614
RTM1C54,0.02,0.01,0.03,1000000.0,1000000.0,0,0,11,2026-02-03 00:14:28.467614
RTM1P54,4.07,4.06,4.08,1000000.0,1000000.0,0,0,11,2026-02-03 00:14:28.467614
RTM,50.11,50.1,50.12,100000000.0,100000000.0,0,0,12,2026-02-03 00:14:29.016319
RTM1C45,5.11,5.1,5.12,1000000.0,1000000.0,0,0,12,2026-02-03 00:14:29.016319
RTM1P45,0.02,0.01,0.03,1000000.0,1000000.0,0,0,12,2026-02-03 00:14:29.016319
RTM1C46,4.12,4.11,4.13,1000000.0,1000000.0,0,0,12,2026-02-03 00:14:29.016319
RTM1P46,0.02,0.01,0.03,1000000.0,1000000.0,0,0,12,2026-02-03 00:14:29.016319
RTM1C47,3.12,3.11,3.13,1000000.0,1000000.0,0,0,12,2026-02-03 00:14:29.016319
RTM1P47,0.02,0.01,0.03,1000000.0,1000000.0,0,0,12,2026-02-03 00:14:29.016319
RTM1C48,2.21,2.2,2.22,1000000.0,1000000.0,0,0,12,2026-02-03 00:14:29.016319
RTM1P48,0.1,0.09,0.11,1000000.0,1000000.0,0,0,12,2026-02-03 00:14:29.016319
RTM1C49,1.4,1.39,1.41,1000000.0,1000000.0,0,0,12,2026-02-03 00:14:29.016319
RTM1P49,0.29,0.28,0.3,1000000.0,1000000.0,0,0,12,2026-02-03 00:14:29.016319
RTM1C50,0.69,0.68,0.7,1000000.0,1000000.0,0,0,12,2026-02-03 00:14:29.016319
RTM1P50,0.58,0.57,0.59,1000000.0,1000000.0,0,0,12,2026-02-03 00:14:29.016319
RTM1C51,0.36,0.35,0.37,1000000.0,1000000.0,0,0,12,2026-02-03 00:14:29.016319
RTM1P51,1.25,1.24,1.26,1000000.0,1000000.0,0,0,12,2026-02-03 00:14:29.016319
RTM1C52,0.16,0.15,0.17,1000000.0,1000000.0,0,0,12,2026-02-03 00:14:29.016319
RTM1P52,2.05,2.04,2.06,1000000.0,1000000.0,0,0,12,2026-02-03 00:14:29.016319
RTM1C53,0.05,0.04,0.06,1000000.0,1000000.0,0,0,12,2026-02-03 00:14:29.016319
RTM1P53,2.94,2.93,2.95,1000000.0,1000000.0,0,0,12,2026-02-03 00:14:29.016319
RTM1C54,0.02,0.01,0.03,1000000.0,1000000.0,0,0,12,2026-02-03 00:14:29.016319
RTM1P54,3.89,3.88,3.9,1000000.0,1000000.0,0,0,12,2026-02-03 00:14:29.016319
RTM,50.08,50.07,50.09,100000000.0,100000000.0,0,0,13,2026-02-03 00:14:30.063404
RTM1C45,5.08,5.07,5.09,1000000.0,1000000.0,0,0,13,2026-02-03 00:14:30.063404
RTM1P45,0.02,0.01,0.03,1000000.0,1000000.0,0,0,13,2026-02-03 00:14:30.063404
RTM1C46,4.09,4.08,4.1,1000000.0,1000000.0,0,0,13,2026-02-03 00:14:30.063404
RTM1P46,0.02,0.01,0.03,1000000.0,1000000.0,0,0,13,2026-02-03 00:14:30.063404
RTM1C47,3.1,3.09,3.11,1000000.0,1000000.0,0,0,13,2026-02-03 00:14:30.063404
RTM1P47,0.02,0.01,0.03,1000000.0,1000000.0,0,0,13,2026-02-03 00:14:30.063404
RTM1C48,2.14,2.13,2.15,1000000.0,1000000.0,0,0,13,2026-02-03 00:14:30.063404
RTM1P48,0.06,0.05,0.07,1000000.0,1000000.0,0,0,13,2026-02-03 00:14:30.063404
RTM1C49,1.36,1.35,1.37,1000000.0,1000000.0,0,0,13,2026-02-03 00:14:30.063404
RTM1P49,0.28,0.27,0.29,1000000.0,1000000.0,0,0,13,2026-02-03 00:14:30.063404
RTM1C50,0.79,0.78,0.8,1000000.0,1000000.0,0,0,13,2026-02-03 00:14:30.063404
RTM1P50,0.71,0.7,0.72,1000000.0,1000000.0,0,0,13,2026-02-03 00:14:30.063404
RTM1C51,0.31,0.3,0.32,1000000.0,1000000.0,0,0,13,2026-02-03 00:14:30.063404
RTM1P51,1.23,1.22,1.24,1000000.0,1000000.0,0,0,13,2026-02-03 00:14:30.063404
RTM1C52,0.13,0.12,0.14,1000000.0,1000000.0,0,0,13,2026-02-03 00:14:30.063404
RTM1P52,2.06,2.05,2.07,1000000.0,1000000.0,0,0,13,2026-02-03 00:14:30.063404
RTM1C53,0.05,0.04,0.06,1000000.0,1000000.0,0,0,13,2026-02-03 00:14:30.063404
RTM1P53,2.97,2.96,2.98,1000000.0,1000000.0,0,0,13,2026-02-03 00:14:30.063404
RTM1C54,0.02,0.01,0.03,1000000.0,1000000.0,0,0,13,2026-02-03 00:14:30.063404
RTM1P54,3.93,3.92,3.94,1000000.0,1000000.0,0,0,13,2026-02-03 00:14:30.063404
RTM,50.03,50.02,50.04,100000000.0,100000000.0,0,0,14,2026-02-03 00:14:31.111812
RTM1C45,5.03,5.02,5.04,1000000.0,1000000.0,0,0,14,2026-02-03 00:14:31.111812
RTM1P45,0.02,0.01,0.03,1000000.0,1000000.0,0,0,14,2026-02-03 00:14:31.111812
RTM1C46,4.04,4.03,4.05,1000000.0,1000000.0,0,0,14,2026-02-03 00:14:31.111812
RTM1P46,0.02,0.01,0.03,1000000.0,1000000.0,0,0,14,2026-02-03 00:14:31.111812
RTM1C47,3.05,3.04,3.06,1000000.0,1000000.0,0,0,14,2026-02-03 00:14:31.111812
RTM1P47,0.02,0.01,0.03,1000000.0,1000000.0,0,0,14,2026-02-03 00:14:31.111812
RTM1C48,2.11,2.1,2.12,1000000.0,1000000.0,0,0,14,2026-02-03 00:14:31.111812
RTM1P48,0.08,0.07,0.09,1000000.0,1000000.0,0,0,14,2026-02-03 00:14:31.111812
RTM1C49,1.3,1.29,1.31,1000000.0,1000000.0,0,0,14,2026-02-03 00:14:31.111812
RTM1P49,0.27,0.26,0.28,1000000.0,1000000.0,0,0,14,2026-02-03 00:14:31.111812
RTM1C50,0.68,0.67,0.69,1000000.0,1000000.0,0,0,14,2026-02-03 00:14:31.111812
RTM1P50,0.65,0.64,0.66,1000000.0,1000000.0,0,0,14,2026-02-03 00:14:31.111812
RTM1C51,0.33,0.32,0.34,1000000.0,1000000.0,0,0,14,2026-02-03 00:14:31.111812
RTM1P51,1.3,1.29,1.31,1000000.0,1000000.0,0,0,14,2026-02-03 00:14:31.111812
RTM1C52,0.15,0.14,0.16,1000000.0,1000000.0,0,0,14,2026-02-03 00:14:31.111812
RTM1P52,2.13,2.12,2.14,1000000.0,1000000.0,0,0,14,2026-02-03 00:14:31.111812
RTM1C53,0.05,0.04,0.06,1000000.0,1000000.0,0,0,14,2026-02-03 00:14:31.111812
RTM1P53,3.03,3.02,3.04,1000000.0,1000000.0,0,0,14,2026-02-03 00:14:31.111812
RTM1C54,0.02,0.01,0.03,1000000.0,1000000.0,0,0,14,2026-02-03 00:14:31.111812
RTM1P54,3.98,3.97,3.99,1000000.0,1000000.0,0,0,14,2026-02-03 00:14:31.111812
RTM,49.95,49.94,49.96,100000000.0,100000000.0,0,0,15,2026-02-03 00:14:32.159894
RTM1C45,4.95,4.94,4.96,1000000.0,1000000.0,0,0,15,2026-02-03 00:14:32.159894
RTM1P45,0.02,0.01,0.03,1000000.0,1000000.0,0,0,15,2026-02-03 00:14:32.159894
RTM1C46,3.95,3.94,3.96,1000000.0,1000000.0,0,0,15,2026-02-03 00:14:32.159894
RTM1P46,0.02,0.01,0.03,1000000.0,1000000.0,0,0,15,2026-02-03 00:14:32.159894
RTM1C47,2.97,2.96,2.98,1000000.0,1000000.0,0,0,15,2026-02-03 00:14:32.159894
RTM1P47,0.03,0.02,0.04,1000000.0,1000000.0,0,0,15,2026-02-03 00:14:32.159894
RTM1C48,2.08,2.07,2.09,1000000.0,1000000.0,0,0,15,2026-02-03 00:14:32.159894
RTM1P48,0.13,0.12,0.14,1000000.0,1000000.0,0,0,15,2026-02-03 00:14:32.159894
RTM1C49,1.22,1.21,1.23,1000000.0,1000000.0,0,0,15,2026-02-03 00:14:32.159894
RTM1P49,0.27,0.26,0.28,1000000.0,1000000.0,0,0,15,2026-02-03 00:14:32.159894
RTM1C50,0.7,0.69,0.71,1000000.0,1000000.0,0,0,15,2026-02-03 00:14:32.159894
RTM1P50,0.75,0.74,0.76,1000000.0,1000000.0,0,0,15,2026-02-03 00:14:32.159894
RTM1C51,0.25,0.24,0.26,1000000.0,1000000.0,0,0,15,2026-02-03 00:14:32.159894
RTM1P51,1.3,1.29,1.31,1000000.0,1000000.0,0,0,15,2026-02-03 00:14:32.159894
RTM1C52,0.12,0.11,0.13,1000000.0,1000000.0,0,0,15,2026-02-03 00:14:32.159894
RTM1P52,2.17,2.16,2.18,1000000.0,1000000.0,0,0,15,2026-02-03 00:14:32.159894
RTM1C53,0.02,0.01,0.03,1000000.0,1000000.0,0,0,15,2026-02-03 00:14:32.159894
RTM1P53,3.07,3.06,3.08,1000000.0,1000000.0,0,0,15,2026-02-03 00:14:32.159894
RTM1C54,0.02,0.01,0.03,1000000.0,1000000.0,0,0,15,2026-02-03 00:14:32.159894
RTM1P54,4.06,4.05,4.07,1000000.0,1000000.0,0,0,15,2026-02-03 00:14:32.159894
RTM,49.79,49.78,49.8,100000000.0,100000000.0,0,0,16,2026-02-03 00:14:33.203060
RTM1C45,4.79,4.78,4.8,1000000.0,1000000.0,0,0,16,2026-02-03 00:14:33.203060
RTM1P45,0.02,0.01,0.03,1000000.0,1000000.0,0,0,16,2026-02-03 00:14:33.203060
RTM1C46,3.8,3.79,3.81,1000000.0,1000000.0,0,0,16,2026-02-03 00:14:33.203060
RTM1P46,0.02,0.01,0.03,1000000.0,1000000.0,0,0,16,2026-02-03 00:14:33.203060
RTM1C47,2.83,2.82,2.84,1000000.0,1000000.0,0,0,16,2026-02-03 00:14:33.203060
RTM1P47,0.03,0.02,0.04,1000000.0,1000000.0,0,0,16,2026-02-03 00:14:33.203060
RTM1C48,1.95,1.94,1.96,1000000.0,1000000.0,0,0,16,2026-02-03 00:14:33.203060
RTM1P48,0.16,0.15,0.17,1000000.0,1000000.0,0,0,16,2026-02-03 00:14:33.203060
RTM1C49,1.11,1.1,1.12,1000000.0,1000000.0,0,0,16,2026-02-03 00:14:33.203060
RTM1P49,0.31,0.3,0.32,1000000.0,1000000.0,0,0,16,2026-02-03 00:14:33.203060
RTM1C50,0.59,0.58,0.6,1000000.0,1000000.0,0,0,16,2026-02-03 00:14:33.203060
RTM1P50,0.79,0.78,0.8,1000000.0,1000000.0,0,0,16,2026-02-03 00:14:33.203060
RTM1C51,0.23,0.22,0.24,1000000.0,1000000.0,0,0,16,2026-02-03 00:14:33.203060
RTM1P51,1.44,1.43,1.45,1000000.0,1000000.0,0,0,16,2026-02-03 00:14:33.203060
RTM1C52,0.07,0.06,0.08,1000000.0,1000000.0,0,0,16,2026-02-03 00:14:33.203060
RTM1P52,2.28,2.27,2.29,1000000.0,1000000.0,0,0,16,2026-02-03 00:14:33.203060
RTM1C53,0.02,0.01,0.03,1000000.0,1000000.0,0,0,16,2026-02-03 00:14:33.203060
RTM1P53,3.23,3.22,3.24,1000000.0,1000000.0,0,0,16,2026-02-03 00:14:33.203060
RTM1C54,0.02,0.01,0.03,1000000.0,1000000.0,0,0,16,2026-02-03 00:14:33.203060
RTM1P54,4.21,4.2,4.22,1000000.0,1000000.0,0,0,16,2026-02-03 00:14:33.203060
RTM,49.8,49.79,49.81,100000000.0,100000000.0,0,0,17,2026-02-03 00:14:34.254741
RTM1C45,4.81,4.8,4.82,1000000.0,1000000.0,0,0,17,2026-02-03 00:14:34.254741
RTM1P45,0.02,0.01,0.03,1000000.0,1000000.0,0,0,17,2026-02-03 00:14:34.254741
RTM1C46,3.81,3.8,3.82,1000000.0,1000000.0,0,0,17,2026-02-03 00:14:34.254741
RTM1P46,0.02,0.01,0.03,1000000.0,1000000.0,0,0,17,2026-02-03 00:14:34.254741
RTM1C47,2.83,2.82,2.84,1000000.0,1000000.0,0,0,17,2026-02-03 00:14:34.254741
RTM1P47,0.03,0.02,0.04,1000000.0,1000000.0,0,0,17,2026-02-03 00:14:34.254741
RTM1C48,1.92,1.91,1.93,1000000.0,1000000.0,0,0,17,2026-02-03 00:14:34.254741
RTM1P48,0.11,0.1,0.12,1000000.0,1000000.0,0,0,17,2026-02-03 00:14:34.254741
RTM1C49,1.18,1.17,1.19,1000000.0,1000000.0,0,0,17,2026-02-03 00:14:34.254741
RTM1P49,0.38,0.37,0.39,1000000.0,1000000.0,0,0,17,2026-02-03 00:14:34.254741
RTM1C50,0.62,0.61,0.63,1000000.0,1000000.0,0,0,17,2026-02-03 00:14:34.254741
RTM1P50,0.82,0.81,0.83,1000000.0,1000000.0,0,0,17,2026-02-03 00:14:34.254741
RTM1C51,0.31,0.3,0.32,1000000.0,1000000.0,0,0,17,2026-02-03 00:14:34.254741
RTM1P51,1.51,1.5,1.52,1000000.0,1000000.0,0,0,17,2026-02-03 00:14:34.254741
RTM1C52,0.12,0.11,0.13,1000000.0,1000000.0,0,0,17,2026-02-03 00:14:34.254741
RTM1P52,2.31,2.3,2.32,1000000.0,1000000.0,0,0,17,2026-02-03 00:14:34.254741
RTM1C53,0.02,0.01,0.03,1000000.0,1000000.0,0,0,17,2026-02-03 00:14:34.254741
RTM1P53,3.21,3.2,3.22,1000000.0,1000000.0,0,0,17,2026-02-03 00:14:34.254741
RTM1C54,0.02,0.01,0.03,1000000.0,1000000.0,0,0,17,2026-02-03 00:14:34.254741
RTM1P54,4.2,4.19,4.21,1000000.0,1000000.0,0,0,17,2026-02-03 00:14:34.254741
RTM,49.69,49.68,49.7,100000000.0,100000000.0,0,0,18,2026-02-03 00:14:35.309563
RTM1C45,4.7,4.69,4.71,1000000.0,1000000.0,0,0,18,2026-02-03 00:14:35.309563
RTM1P45,0.02,0.01,0.03,1000000.0,1000000.0,0,0,18,2026-02-03 00:14:35.309563
RTM1C46,3.7,3.69,3.71,1000000.0,1000000.0,0,0,18,2026-02-03 00:14:35.309563
RTM1P46,0.02,0.01,0.03,1000000.0,1000000.0,0,0,18,2026-02-03 00:14:35.309563
RTM1C47,2.73,2.72,2.74,1000000.0,1000000.0,0,0,18,2026-02-03 00:14:35.309563
RTM1P47,0.04,0.03,0.05,1000000.0,1000000.0,0,0,18,2026-02-03 00:14:35.309563
RTM1C48,1.83,1.82,1.84,1000000.0,1000000.0,0,0,18,2026-02-03 00:14:35.309563
RTM1P48,0.14,0.13,0.15,1000000.0,1000000.0,0,0,18,2026-02-03 00:14:35.309563
RTM1C49,1.09,1.08,1.1,1000000.0,1000000.0,0,0,18,2026-02-03 00:14:35.309563
RTM1P49,0.39,0.38,0.4,1000000.0,1000000.0,0,0,18,2026-02-03 00:14:35.309563
RTM1C50,0.57,0.56,0.58,1000000.0,1000000.0,0,0,18,2026-02-03 00:14:35.309563
RTM1P50,0.87,0.86,0.88,1000000.0,1000000.0,0,0,18,2026-02-03 00:14:35.309563
RTM1C51,0.21,0.2,0.22,1000000.0,1000000.0,0,0,18,2026-02-03 00:14:35.309563
RTM1P51,1.51,1.5,1.52,1000000.0,1000000.0,0,0,18,2026-02-03 00:14:35.309563
RTM1C52,0.06,0.05,0.07,1000000.0,1000000.0,0,0,18,2026-02-03 00:14:35.309563
RTM1P52,2.36,2.35,2.37,1000000.0,1000000.0,0,0,18,2026-02-03 00:14:35.309563
RTM1C53,0.03,0.02,0.04,1000000.0,1000000.0,0,0,18,2026-02-03 00:14:35.309563
RTM1P53,3.33,3.32,3.34,1000000.0,1000000.0,0,0,18,2026-02-03 00:14:35.309563
RTM1C54,0.02,0.01,0.03,1000000.0,1000000.0,0,0,18,2026-02-03 00:14:35.309563
RTM1P54,4.31,4.3,4.32,1000000.0,1000000.0,0,0,18,2026-02-03 00:14:35.309563
RTM,49.67,49.66,49.68,100000000.0,100000000.0,0,0,19,2026-02-03 00:14:36.361989
RTM1C45,4.67,4.66,4.68,1000000.0,1000000.0,0,0,19,2026-02-03 00:14:36.361989
RTM1P45,0.02,0.01,0.03,1000000.0,1000000.0,0,0,19,2026-02-03 00:14:36.361989
RTM1C46,3.68,3.67,3.69,1000000.0,1000000.0,0,0,19,2026-02-03 00:14:36.361989
RTM1P46,0.02,0.01,0.03,1000000.0,1000000.0,0,0,19,2026-02-03 00:14:36.361989
RTM1C47,2.72,2.71,2.73,1000000.0,1000000.0,0,0,19,2026-02-03 00:14:36.361989
RTM1P47,0.05,0.04,0.06,1000000.0,1000000.0,0,0,19,2026-02-03 00:14:36.361989
RTM1C48,1.84,1.83,1.85,1000000.0,1000000.0,0,0,19,2026-02-03 00:14:36.361989
RTM1P48,0.17,0.16,0.18,1000000.0,1000000.0,0,0,19,2026-02-03 00:14:36.361989
RTM1C49,1.06,1.05,1.07,1000000.0,1000000.0,0,0,19,2026-02-03 00:14:36.361989
RTM1P49,0.39,0.38,0.4,1000000.0,1000000.0,0,0,19,2026-02-03 00:14:36.361989
RTM1C50,0.54,0.53,0.55,1000000.0,1000000.0,0,0,19,2026-02-03 00:14:36.361989
RTM1P50,0.87,0.86,0.88,1000000.0,1000000.0,0,0,19,2026-02-03 00:14:36.361989
RTM1C51,0.23,0.22,0.24,1000000.0,1000000.0,0,0,19,2026-02-03 00:14:36.361989
RTM1P51,1.56,1.55,1.57,1000000.0,1000000.0,0,0,19,2026-02-03 00:14:36.361989
RTM1C52,0.1,0.09,0.11,1000000.0,1000000.0,0,0,19,2026-02-03 00:14:36.361989
RTM1P52,2.44,2.43,2.45,1000000.0,1000000.0,0,0,19,2026-02-03 00:14:36.361989
RTM1C53,0.03,0.02,0.04,1000000.0,1000000.0,0,0,19,2026-02-03 00:14:36.361989
RTM1P53,3.36,3.35,3.37,1000000.0,1000000.0,0,0,19,2026-02-03 00:14:36.361989
RTM1C54,0.02,0.01,0.03,1000000.0,1000000.0,0,0,19,2026-02-03 00:14:36.361989
RTM1P54,4.34,4.33,4.35,1000000.0,1000000.0,0,0,19,2026-02-03 00:14:36.361989
RTM,49.78,49.77,49.79,100000000.0,100000000.0,0,0,20,2026-02-03 00:14:37.409703
RTM1C45,4.79,4.78,4.8,1000000.0,1000000.0,0,0,20,2026-02-03 00:14:37.409703
RTM1P45,0.02,0.01,0.03,1000000.0,1000000.0,0,0,20,2026-02-03 00:14:37.409703
RTM1C46,3.79,3.78,3.8,1000000.0,1000000.0,0,0,20,2026-02-03 00:14:37.409703
RTM1P46,0.02,0.01,0.03,1000000.0,1000000.0,0,0,20,2026-02-03 00:14:37.409703
RTM1C47,2.81,2.8,2.82,1000000.0,1000000.0,0,0,20,2026-02-03 00:14:37.409703
RTM1P47,0.03,0.02,0.04,1000000.0,1000000.0,0,0,20,2026-02-03 00:14:37.409703
RTM1C48,1.94,1.93,1.95,1000000.0,1000000.0,0,0,20,2026-02-03 00:14:37.409703
RTM1P48,0.16,0.15,0.17,1000000.0,1000000.0,0,0,20,2026-02-03 00:14:37.409703
RTM1C49,1.11,1.1,1.12,1000000.0,1000000.0,0,0,20,2026-02-03 00:14:37.409703
RTM1P49,0.33,0.32,0.34,1000000.0,1000000.0,0,0,20,2026-02-03 00:14:37.409703
RTM1C50,0.55,0.54,0.56,1000000.0,1000000.0,0,0,20,2026-02-03 00:14:37.409703
RTM1P50,0.76,0.75,0.77,1000000.0,1000000.0,0,0,20,2026-02-03 00:14:37.409703
RTM1C51,0.24,0.23,0.25,1000000.0,1000000.0,0,0,20,2026-02-03 00:14:37.409703
RTM1P51,1.46,1.45,1.47,1000000.0,1000000.0,0,0,20,2026-02-03 00:14:37.409703
RTM1C52,0.07,0.06,0.08,1000000.0,1000000.0,0,0,20,2026-02-03 00:14:37.409703
RTM1P52,2.29,2.28,2.3,1000000.0,1000000.0,0,0,20,2026-02-03 00:14:37.409703
RTM1C53,0.03,0.02,0.04,1000000.0,1000000.0,0,0,20,2026-02-03 00:14:37.409703
RTM1P53,3.24,3.23,3.25,1000000.0,1000000.0,0,0,20,2026-02-03 00:14:37.409703
RTM1C54,0.02,0.01,0.03,1000000.0,1000000.0,0,0,20,2026-02-03 00:14:37.409703
RTM1P54,4.22,4.21,4.23,1000000.0,1000000.0,0,0,20,2026-02-03 00:14:37.409703
RTM,49.57,49.56,49.58,100000000.0,100000000.0,0,0,21,2026-02-03 00:14:38.461471
RTM1C45,4.57,4.56,4.58,1000000.0,1000000.0,0,0,21,2026-02-03 00:14:38.461471
RTM1P45,0.02,0.01,0.03,1000000.0,1000000.0,0,0,21,2026-02-03 00:14:38.461471
RTM1C46,3.57,3.56,3.58,1000000.0,1000000.0,0,0,21,2026-02-03 00:14:38.461471
RTM1P46,0.02,0.01,0.03,1000000.0,1000000.0,0,0,21,2026-02-03 00:14:38.461471
RTM1C47,2.61,2.6,2.62,1000000.0,1000000.0,0,0,21,2026-02-03 00:14:38.461471
RTM1P47,0.04,0.03,0.05,1000000.0,1000000.0,0,0,21,2026-02-03 00:14:38.461471
RTM1C48,1.73,1.72,1.74,1000000.0,1000000.0,0,0,21,2026-02-03 00:14:38.461471
RTM1P48,0.17,0.16,0.18,1000000.0,1000000.0,0,0,21,2026-02-03 00:14:38.461471
RTM1C49,0.97,0.96,0.98,1000000.0,1000000.0,0,0,21,2026-02-03 00:14:38.461471
RTM1P49,0.41,0.4,0.42,1000000.0,1000000.0,0,0,21,2026-02-03 00:14:38.461471
RTM1C50,0.54,0.53,0.55,1000000.0,1000000.0,0,0,21,2026-02-03 00:14:38.461471
RTM1P50,0.97,0.96,0.98,1000000.0,1000000.0,0,0,21,2026-02-03 00:14:38.461471
RTM1C51,0.18,0.17,0.19,1000000.0,1000000.0,0,0,21,2026-02-03 00:14:38.461471
RTM1P51,1.61,1.6,1.62,1000000.0,1000000.0,0,0,21,2026-02-03 00:14:38.461471
RTM1C52,0.09,0.08,0.1,1000000.0,1000000.0,0,0,21,2026-02-03 00:14:38.461471
RTM1P52,2.53,2.52,2.54,1000000.0,1000000.0,0,0,21,2026-02-03 00:14:38.461471
RTM1C53,0.02,0.01,0.03,1000000.0,1000000.0,0,0,21,2026-02-03 00:14:38.461471
RTM1P53,3.46,3.45,3.47,1000000.0,1000000.0,0,0,21,2026-02-03 00:14:38.461471
RTM1C54,0.02,0.01,0.03,1000000.0,1000000.0,0,0,21,2026-02-03 00:14:38.461471
RTM1P54,4.44,4.43,4.45,1000000.0,1000000.0,0,0,21,2026-02-03 00:14:38.461471
RTM,49.52,49.51,49.53,100000000.0,100000000.0,0,0,22,2026-02-03 00:14:39.529344
RTM1C45,4.52,4.51,4.53,1000000.0,1000000.0,0,0,22,2026-02-03 00:14:39.529344
RTM1P45,0.02,0.01,0.03,1000000.0,1000000.0,0,0,22,2026-02-03 00:14:39.529344
RTM1C46,3.53,3.52,3.54,1000000.0,1000000.0,0,0,22,2026-02-03 00:14:39.529344
RTM1P46,0.02,0.01,0.03,1000000.0,1000000.0,0,0,22,2026-02-03 00:14:39.529344
RTM1C47,2.57,2.56,2.58,1000000.0,1000000.0,0,0,22,2026-02-03 00:14:39.529344
RTM1P47,0.05,0.04,0.06,1000000.0,1000000.0,0,0,22,2026-02-03 00:14:39.529344
RTM1C48,1.69,1.68,1.7,1000000.0,1000000.0,0,0,22,2026-02-03 00:14:39.529344
RTM1P48,0.17,0.16,0.18,1000000.0,1000000.0,0,0,22,2026-02-03 00:14:39.529344
RTM1C49,0.97,0.96,0.98,1000000.0,1000000.0,0,0,22,2026-02-03 00:14:39.529344
RTM1P49,0.45,0.44,0.46,1000000.0,1000000.0,0,0,22,2026-02-03 00:14:39.529344
RTM1C50,0.5,0.49,0.51,1000000.0,1000000.0,0,0,22,2026-02-03 00:14:39.529344
RTM1P50,0.98,0.97,0.99,1000000.0,1000000.0,0,0,22,2026-02-03 00:14:39.529344
RTM1C51,0.22,0.21,0.23,1000000.0,1000000.0,0,0,22,2026-02-03 00:14:39.529344
RTM1P51,1.7,1.69,1.71,1000000.0,1000000.0,0,0,22,2026-02-03 00:14:39.529344
RTM1C52,0.05,0.04,0.06,1000000.0,1000000.0,0,0,22,2026-02-03 00:14:39.529344
RTM1P52,2.53,2.52,2.54,1000000.0,1000000.0,0,0,22,2026-02-03 00:14:39.529344
RTM1C53,0.02,0.01,0.03,1000000.0,1000000.0,0,0,22,2026-02-03 00:14:39.529344
RTM1P53,3.51,3.5,3.52,1000000.0,1000000.0,0,0,22,2026-02-03 00:14:39.529344
RTM1C54,0.02,0.01,0.03,1000000.0,1000000.0,0,0,22,2026-02-03 00:14:39.529344
RTM1P54,4.48,4.47,4.49,1000000.0,1000000.0,0,0,22,2026-02-03 00:14:39.529344
RTM,49.5,49.49,49.51,100000000.0,100000000.0,0,0,23,2026-02-03 00:14:40.085608
RTM1C45,4.5,4.49,4.51,1000000.0,1000000.0,0,0,23,2026-02-03 00:14:40.085608
RTM1P45,0.02,0.01,0.03,1000000.0,1000000.0,0,0,23,2026-02-03 00:14:40.085608
RTM1C46,3.51,3.5,3.52,1000000.0,1000000.0,0,0,23,2026-02-03 00:14:40.085608
RTM1P46,0.02,0.01,0.03,1000000.0,1000000.0,0,0,23,2026-02-03 00:14:40.085608
RTM1C47,2.57,2.56,2.58,1000000.0,1000000.0,0,0,23,2026-02-03 00:14:40.085608
RTM1P47,0.07,0.06,0.08,1000000.0,1000000.0,0,0,23,2026-02-03 00:14:40.085608
RTM1C48,1.67,1.66,1.68,1000000.0,1000000.0,0,0,23,2026-02-03 00:14:40.085608
RTM1P48,0.17,0.16,0.18,1000000.0,1000000.0,0,0,23,2026-02-03 00:14:40.085608
RTM1C49,0.93,0.92,0.94,1000000.0,1000000.0,0,0,23,2026-02-03 00:14:40.085608
RTM1P49,0.43,0.42,0.44,1000000.0,1000000.0,0,0,23,2026-02-03 00:14:40.085608
RTM1C50,0.43,0.42,0.44,1000000.0,1000000.0,0,0,23,2026-02-03 00:14:40.085608
RTM1P50,0.93,0.92,0.94,1000000.0,1000000.0,0,0,23,2026-02-03 00:14:40.085608
RTM1C51,0.21,0.2,0.22,1000000.0,1000000.0,0,0,23,2026-02-03 00:14:40.085608
RTM1P51,1.71,1.7,1.72,1000000.0,1000000.0,0,0,23,2026-02-03 00:14:40.085608
RTM1C52,0.07,0.06,0.08,1000000.0,1000000.0,0,0,23,2026-02-03 00:14:40.085608
RTM1P52,2.57,2.56,2.58,1000000.0,1000000.0,0,0,23,2026-02-03 00:14:40.085608
RTM1C53,0.02,0.01,0.03,1000000.0,1000000.0,0,0,23,2026-02-03 00:14:40.085608
RTM1P53,3.52,3.51,3.53,1000000.0,1000000.0,0,0,23,2026-02-03 00:14:40.085608
RTM1C54,0.02,0.01,0.03,1000000.0,1000000.0,0,0,23,2026-02-03 00:14:40.085608
RTM1P54,4.51,4.5,4.52,1000000.0,1000000.0,0,0,23,2026-02-03 00:14:40.085608
RTM,49.44,49.43,49.45,100000000.0,100000000.0,0,0,24,2026-02-03 00:14:41.139457
RTM1C45,4.44,4.43,4.45,1000000.0,1000000.0,0,0,24,2026-02-03 00:14:41.139457
RTM1P45,0.02,0.01,0.03,1000000.0,1000000.0,0,0,24,2026-02-03 00:14:41.139457
RTM1C46,3.44,3.43,3.45,1000000.0,1000000.0,0,0,24,2026-02-03 00:14:41.139457
RTM1P46,0.02,0.01,0.03,1000000.0,1000000.0,0,0,24,2026-02-03 00:14:41.139457
RTM1C47,2.51,2.5,2.52,1000000.0,1000000.0,0,0,24,2026-02-03 00:14:41.139457
RTM1P47,0.07,0.06,0.08,1000000.0,1000000.0,0,0,24,2026-02-03 00:14:41.139457
RTM1C48,1.59,1.58,1.6,1000000.0,1000000.0,0,0,24,2026-02-03 00:14:41.139457
RTM1P48,0.16,0.15,0.17,1000000.0,1000000.0,0,0,24,2026-02-03 00:14:41.139457
RTM1C49,0.89,0.88,0.9,1000000.0,1000000.0,0,0,24,2026-02-03 00:14:41.139457
RTM1P49,0.45,0.44,0.46,1000000.0,1000000.0,0,0,24,2026-02-03 00:14:41.139457
RTM1C50,0.45,0.44,0.46,1000000.0,1000000.0,0,0,24,2026-02-03 00:14:41.139457
RTM1P50,1.01,1.0,1.02,1000000.0,1000000.0,0,0,24,2026-02-03 00:14:41.139457
RTM1C51,0.15,0.14,0.16,1000000.0,1000000.0,0,0,24,2026-02-03 00:14:41.139457
RTM1P51,1.71,1.7,1.72,1000000.0,1000000.0,0,0,24,2026-02-03 00:14:41.139457
RTM1C52,0.09,0.08,0.1,1000000.0,1000000.0,0,0,24,2026-02-03 00:14:41.139457
RTM1P52,2.65,2.64,2.66,1000000.0,1000000.0,0,0,24,2026-02-03 00:14:41.139457
RTM1C53,0.02,0.01,0.03,1000000.0,1000000.0,0,0,24,2026-02-03 00:14:41.139457
RTM1P53,3.58,3.57,3.59,1000000.0,1000000.0,0,0,24,2026-02-03 00:14:41.139457
RTM1C54,0.02,0.01,0.03,1000000.0,1000000.0,0,0,24,2026-02-03 00:14:41.139457
RTM1P54,4.57,4.56,4.58,1000000.0,1000000.0,0,0,24,2026-02-03 00:14:41.139457
RTM,49.48,49.47,49.49,100000000.0,100000000.0,0,0,25,2026-02-03 00:14:42.191283
RTM1C45,4.48,4.47,4.49,1000000.0,1000000.0,0,0,25,2026-02-03 00:14:42.191283
RTM1P45,0.02,0.01,0.03,1000000.0,1000000.0,0,0,25,2026-02-03 00:14:42.191283
RTM1C46,3.49,3.48,3.5,1000000.0,1000000.0,0,0,25,2026-02-03 00:14:42.191283
RTM1P46,0.02,0.01,0.03,1000000.0,1000000.0,0,0,25,2026-02-03 00:14:42.191283
RTM1C47,2.55,2.54,2.56,1000000.0,1000000.0,0,0,25,2026-02-03 00:14:42.191283
RTM1P47,0.07,0.06,0.08,1000000.0,1000000.0,0,0,25,2026-02-03 00:14:42.191283
RTM1C48,1.7,1.69,1.71,1000000.0,1000000.0,0,0,25,2026-02-03 00:14:42.191283
RTM1P48,0.22,0.21,0.23,1000000.0,1000000.0,0,0,25,2026-02-03 00:14:42.191283
RTM1C49,0.96,0.95,0.97,1000000.0,1000000.0,0,0,25,2026-02-03 00:14:42.191283
RTM1P49,0.48,0.47,0.49,1000000.0,1000000.0,0,0,25,2026-02-03 00:14:42.191283
RTM1C50,0.52,0.51,0.53,1000000.0,1000000.0,0,0,25,2026-02-03 00:14:42.191283
RTM1P50,1.03,1.02,1.04,1000000.0,1000000.0,0,0,25,2026-02-03 00:14:42.191283
RTM1C51,0.18,0.17,0.19,1000000.0,1000000.0,0,0,25,2026-02-03 00:14:42.191283
RTM1P51,1.7,1.69,1.71,1000000.0,1000000.0,0,0,25,2026-02-03 00:14:42.191283
RTM1C52,0.07,0.06,0.08,1000000.0,1000000.0,0,0,25,2026-02-03 00:14:42.191283
RTM1P52,2.59,2.58,2.6,1000000.0,1000000.0,0,0,25,2026-02-03 00:14:42.191283
RTM1C53,0.02,0.01,0.03,1000000.0,1000000.0,0,0,25,2026-02-03 00:14:42.191283
RTM1P53,3.54,3.53,3.55,1000000.0,1000000.0,0,0,25,2026-02-03 00:14:42.191283
RTM1C54,0.02,0.01,0.03,1000000.0,1000000.0,0,0,25,2026-02-03 00:14:42.191283
RTM1P54,4.52,4.51,4.53,1000000.0,1000000.0,0,0,25,2026-02-03 00:14:42.191283
RTM,49.59,49.58,49.6,100000000.0,100000000.0,0,0,26,2026-02-03 00:14:43.248708
RTM1C45,4.59,4.58,4.6,1000000.0,1000000.0,0,0,26,2026-02-03 00:14:43.248708
RTM1P45,0.02,0.01,0.03,1000000.0,1000000.0,0,0,26,2026-02-03 00:14:43.248708
RTM1C46,3.6,3.59,3.61,1000000.0,1000000.0,0,0,26,2026-02-03 00:14:43.248708
RTM1P46,0.02,0.01,0.03,1000000.0,1000000.0,0,0,26,2026-02-03 00:14:43.248708
RTM1C47,2.64,2.63,2.65,1000000.0,1000000.0,0,0,26,2026-02-03 00:14:43.248708
RTM1P47,0.06,0.05,0.07,1000000.0,1000000.0,0,0,26,2026-02-03 00:14:43.248708
RTM1C48,1.74,1.73,1.75,1000000.0,1000000.0,0,0,26,2026-02-03 00:14:43.248708
RTM1P48,0.16,0.15,0.17,1000000.0,1000000.0,0,0,26,2026-02-03 00:14:43.248708
RTM1C49,1.06,1.05,1.07,1000000.0,1000000.0,0,0,26,2026-02-03 00:14:43.248708
RTM1P49,0.48,0.47,0.49,1000000.0,1000000.0,0,0,26,2026-02-03 00:14:43.248708
RTM1C50,0.54,0.53,0.55,1000000.0,1000000.0,0,0,26,2026-02-03 00:14:43.248708
RTM1P50,0.95,0.94,0.96,1000000.0,1000000.0,0,0,26,2026-02-03 00:14:43.248708
RTM1C51,0.26,0.25,0.27,1000000.0,1000000.0,0,0,26,2026-02-03 00:14:43.248708
RTM1P51,1.67,1.66,1.68,1000000.0,1000000.0,0,0,26,2026-02-03 00:14:43.248708
RTM1C52,0.06,0.05,0.07,1000000.0,1000000.0,0,0,26,2026-02-03 00:14:43.248708
RTM1P52,2.48,2.47,2.49,1000000.0,1000000.0,0,0,26,2026-02-03 00:14:43.248708
RTM1C53,0.02,0.01,0.03,1000000.0,1000000.0,0,0,26,2026-02-03 00:14:43.248708
RTM1P53,3.43,3.42,3.44,1000000.0,1000000.0,0,0,26,2026-02-03 00:14:43.248708
RTM1C54,0.02,0.01,0.03,1000000.0,1000000.0,0,0,26,2026-02-03 00:14:43.248708
RTM1P54,4.42,4.41,4.43,1000000.0,1000000.0,0,0,26,2026-02-03 00:14:43.248708
RTM,49.54,49.53,49.55,100000000.0,100000000.0,0,0,27,2026-02-03 00:14:44.296148
RTM1C45,4.54,4.53,4.55,1000000.0,1000000.0,0,0,27,2026-02-03 00:14:44.296148
RTM1P45,0.02,0.01,0.03,1000000.0,1000000.0,0,0,27,2026-02-03 00:14:44.296148
RTM1C46,3.55,3.54,3.56,1000000.0,1000000.0,0,0,27,2026-02-03 00:14:44.296148
RTM1P46,0.02,0.01,0.03,1000000.0,1000000.0,0,0,27,2026-02-03 00:14:44.296148
RTM1C47,2.6,2.59,2.61,1000000.0,1000000.0,0,0,27,2026-02-03 00:14:44.296148
RTM1P47,0.07,0.06,0.08,1000000.0,1000000.0,0,0,27,2026-02-03 00:14:44.296148
RTM1C48,1.75,1.74,1.76,1000000.0,1000000.0,0,0,27,2026-02-03 00:14:44.296148
RTM1P48,0.22,0.21,0.23,1000000.0,1000000.0,0,0,27,2026-02-03 00:14:44.296148
RTM1C49,1.0,0.99,1.01,1000000.0,1000000.0,0,0,27,2026-02-03 00:14:44.296148
RTM1P49,0.47,0.46,0.48,1000000.0,1000000.0,0,0,27,2026-02-03 00:14:44.296148
RTM1C50,0.51,0.5,0.52,1000000.0,1000000.0,0,0,27,2026-02-03 00:14:44.296148
RTM1P50,0.97,0.96,0.98,1000000.0,1000000.0,0,0,27,2026-02-03 00:14:44.296148
RTM1C51,0.21,0.2,0.22,1000000.0,1000000.0,0,0,27,2026-02-03 00:14:44.296148
RTM1P51,1.67,1.66,1.68,1000000.0,1000000.0,0,0,27,2026-02-03 00:14:44.296148
RTM1C52,0.07,0.06,0.08,1000000.0,1000000.0,0,0,27,2026-02-03 00:14:44.296148
RTM1P52,2.53,2.52,2.54,1000000.0,1000000.0,0,0,27,2026-02-03 00:14:44.296148
RTM1C53,0.03,0.02,0.04,1000000.0,1000000.0,0,0,27,2026-02-03 00:14:44.296148
RTM1P53,3.49,3.48,3.5,1000000.0,1000000.0,0,0,27,2026-02-03 00:14:44.296148
RTM1C54,0.02,0.01,0.03,1000000.0,1000000.0,0,0,27,2026-02-03 00:14:44.296148
RTM1P54,4.46,4.45,4.47,1000000.0,1000000.0,0,0,27,2026-02-03 00:14:44.296148
RTM,49.34,49.33,49.35,100000000.0,100000000.0,0,0,28,2026-02-03 00:14:45.339511
RTM1C45,4.34,4.33,4.35,1000000.0,1000000.0,0,0,28,2026-02-03 00:14:45.339511
RTM1P45,0.02,0.01,0.03,1000000.0,1000000.0,0,0,28,2026-02-03 00:14:45.339511
RTM1C46,3.35,3.34,3.36,1000000.0,1000000.0,0,0,28,2026-02-03 00:14:45.339511
RTM1P46,0.02,0.01,0.03,1000000.0,1000000.0,0,0,28,2026-02-03 00:14:45.339511
RTM1C47,2.42,2.41,2.43,1000000.0,1000000.0,0,0,28,2026-02-03 00:14:45.339511
RTM1P47,0.08,0.07,0.09,1000000.0,1000000.0,0,0,28,2026-02-03 00:14:45.339511
RTM1C48,1.54,1.53,1.55,1000000.0,1000000.0,0,0,28,2026-02-03 00:14:45.339511
RTM1P48,0.2,0.19,0.21,1000000.0,1000000.0,0,0,28,2026-02-03 00:14:45.339511
RTM1C49,0.92,0.91,0.93,1000000.0,1000000.0,0,0,28,2026-02-03 00:14:45.339511
RTM1P49,0.58,0.57,0.59,1000000.0,1000000.0,0,0,28,2026-02-03 00:14:45.339511
RTM1C50,0.44,0.43,0.45,1000000.0,1000000.0,0,0,28,2026-02-03 00:14:45.339511
RTM1P50,1.11,1.1,1.12,1000000.0,1000000.0,0,0,28,2026-02-03 00:14:45.339511
RTM1C51,0.21,0.2,0.22,1000000.0,1000000.0,0,0,28,2026-02-03 00:14:45.339511
RTM1P51,1.87,1.86,1.88,1000000.0,1000000.0,0,0,28,2026-02-03 00:14:45.339511
RTM1C52,0.06,0.05,0.07,1000000.0,1000000.0,0,0,28,2026-02-03 00:14:45.339511
RTM1P52,2.73,2.72,2.74,1000000.0,1000000.0,0,0,28,2026-02-03 00:14:45.339511
RTM1C53,0.02,0.01,0.03,1000000.0,1000000.0,0,0,28,2026-02-03 00:14:45.339511
RTM1P53,3.68,3.67,3.69,1000000.0,1000000.0,0,0,28,2026-02-03 00:14:45.339511
RTM1C54,0.02,0.01,0.03,1000000.0,1000000.0,0,0,28,2026-02-03 00:14:45.339511
RTM1P54,4.66,4.65,4.67,1000000.0,1000000.0,0,0,28,2026-02-03 00:14:45.339511
RTM,49.29,49.28,49.3,100000000.0,100000000.0,0,0,29,2026-02-03 00:14:46.388924
RTM1C45,4.29,4.28,4.3,1000000.0,1000000.0,0,0,29,2026-02-03 00:14:46.388924
RTM1P45,0.02,0.01,0.03,1000000.0,1000000.0,0,0,29,2026-02-03 00:14:46.388924
RTM1C46,3.3,3.29,3.31,1000000.0,1000000.0,0,0,29,2026-02-03 00:14:46.388924
RTM1P46,0.02,0.01,0.03,1000000.0,1000000.0,0,0,29,2026-02-03 00:14:46.388924
RTM1C47,2.36,2.35,2.37,1000000.0,1000000.0,0,0,29,2026-02-03 00:14:46.388924
RTM1P47,0.07,0.06,0.08,1000000.0,1000000.0,0,0,29,2026-02-03 00:14:46.388924
RTM1C48,1.54,1.53,1.55,1000000.0,1000000.0,0,0,29,2026-02-03 00:14:46.388924
RTM1P48,0.25,0.24,0.26,1000000.0,1000000.0,0,0,29,2026-02-03 00:14:46.388924
RTM1C49,0.9,0.89,0.91,1000000.0,1000000.0,0,0,29,2026-02-03 00:14:46.388924
RTM1P49,0.61,0.6,0.62,1000000.0,1000000.0,0,0,29,2026-02-03 00:14:46.388924
RTM1C50,0.37,0.36,0.38,1000000.0,1000000.0,0,0,29,2026-02-03 00:14:46.388924
RTM1P50,1.08,1.07,1.09,1000000.0,1000000.0,0,0,29,2026-02-03 00:14:46.388924
RTM1C51,0.19,0.18,0.2,1000000.0,1000000.0,0,0,29,2026-02-03 00:14:46.388924
RTM1P51,1.91,1.9,1.92,1000000.0,1000000.0,0,0,29,2026-02-03 00:14:46.388924
RTM1C52,0.07,0.06,0.08,1000000.0,1000000.0,0,0,29,2026-02-03 00:14:46.388924
RTM1P52,2.78,2.77,2.79,1000000.0,1000000.0,0,0,29,2026-02-03 00:14:46.388924
RTM1C53,0.02,0.01,0.03,1000000.0,1000000.0,0,0,29,2026-02-03 00:14:46.388924
RTM1P53,3.73,3.72,3.74,1000000.0,1000000.0,0,0,29,2026-02-03 00:14:46.388924
RTM1C54,0.02,0.01,0.03,1000000.0,1000000.0,0,0,29,2026-02-03 00:14:46.388924
RTM1P54,4.71,4.7,4.72,1000000.0,1000000.0,0,0,29,2026-02-03 00:14:46.388924
RTM,49.6,49.59,49.61,100000000.0,100000000.0,0,0,30,2026-02-03 00:14:47.436182
RTM1C45,4.6,4.59,4.61,1000000.0,1000000.0,0,0,30,2026-02-03 00:14:47.436182
RTM1P45,0.02,0.01,0.03,1000000.0,1000000.0,0,0,30,2026-02-03 00:14:47.436182
RTM1C46,3.61,3.6,3.62,1000000.0,1000000.0,0,0,30,2026-02-03 00:14:47.436182
RTM1P46,0.02,0.01,0.03,1000000.0,1000000.0,0,0,30,2026-02-03 00:14:47.436182
RTM1C47,2.66,2.65,2.67,1000000.0,1000000.0,0,0,30,2026-02-03 00:14:47.436182
RTM1P47,0.06,0.05,0.07,1000000.0,1000000.0,0,0,30,2026-02-03 00:14:47.436182
RTM1C48,1.77,1.76,1.78,1000000.0,1000000.0,0,0,30,2026-02-03 00:14:47.436182
RTM1P48,0.17,0.16,0.18,1000000.0,1000000.0,0,0,30,2026-02-03 00:14:47.436182
RTM1C49,1.01,1.0,1.02,1000000.0,1000000.0,0,0,30,2026-02-03 00:14:47.436182
RTM1P49,0.41,0.4,0.42,1000000.0,1000000.0,0,0,30,2026-02-03 00:14:47.436182
RTM1C50,0.57,0.56,0.58,1000000.0,1000000.0,0,0,30,2026-02-03 00:14:47.436182
RTM1P50,0.97,0.96,0.98,1000000.0,1000000.0,0,0,30,2026-02-03 00:14:47.436182
RTM1C51,0.24,0.23,0.25,1000000.0,1000000.0,0,0,30,2026-02-03 00:14:47.436182
RTM1P51,1.64,1.63,1.65,1000000.0,1000000.0,0,0,30,2026-02-03 00:14:47.436182
RTM1C52,0.11,0.1,0.12,1000000.0,1000000.0,0,0,30,2026-02-03 00:14:47.436182
RTM1P52,2.51,2.5,2.52,1000000.0,1000000.0,0,0,30,2026-02-03 00:14:47.436182
RTM1C53,0.03,0.02,0.04,1000000.0,1000000.0,0,0,30,2026-02-03 00:14:47.436182
RTM1P53,3.43,3.42,3.44,1000000.0,1000000.0,0,0,30,2026-02-03 00:14:47.436182
RTM1C54,0.02,0.01,0.03,1000000.0,1000000.0,0,0,30,2026-02-03 00:14:47.436182
RTM1P54,4.41,4.4,4.42,1000000.0,1000000.0,0,0,30,2026-02-03 00:14:47.436182
RTM,49.79,49.78,49.8,100000000.0,100000000.0,0,0,31,2026-02-03 00:14:48.484834
RTM1C45,4.79,4.78,4.8,1000000.0,1000000.0,0,0,31,2026-02-03 00:14:48.484834
RTM1P45,0.02,0.01,0.03,1000000.0,1000000.0,0,0,31,2026-02-03 00:14:48.484834
RTM1C46,3.79,3.78,3.8,1000000.0,1000000.0,0,0,31,2026-02-03 00:14:48.484834
RTM1P46,0.02,0.01,0.03,1000000.0,1000000.0,0,0,31,2026-02-03 00:14:48.484834
RTM1C47,2.83,2.82,2.84,1000000.0,1000000.0,0,0,31,2026-02-03 00:14:48.484834
RTM1P47,0.04,0.03,0.05,1000000.0,1000000.0,0,0,31,2026-02-03 00:14:48.484834
RTM1C48,1.94,1.93,1.95,1000000.0,1000000.0,0,0,31,2026-02-03 00:14:48.484834
RTM1P48,0.15,0.14,0.16,1000000.0,1000000.0,0,0,31,2026-02-03 00:14:48.484834
RTM1C49,1.21,1.2,1.22,1000000.0,1000000.0,0,0,31,2026-02-03 00:14:48.484834
RTM1P49,0.43,0.42,0.44,1000000.0,1000000.0,0,0,31,2026-02-03 00:14:48.484834
RTM1C50,0.6,0.59,0.61,1000000.0,1000000.0,0,0,31,2026-02-03 00:14:48.484834
RTM1P50,0.81,0.8,0.82,1000000.0,1000000.0,0,0,31,2026-02-03 00:14:48.484834
RTM1C51,0.24,0.23,0.25,1000000.0,1000000.0,0,0,31,2026-02-03 00:14:48.484834
RTM1P51,1.45,1.44,1.46,1000000.0,1000000.0,0,0,31,2026-02-03 00:14:48.484834
RTM1C52,0.09,0.08,0.1,1000000.0,1000000.0,0,0,31,2026-02-03 00:14:48.484834
RTM1P52,2.3,2.29,2.31,1000000.0,1000000.0,0,0,31,2026-02-03 00:14:48.484834
RTM1C53,0.03,0.02,0.04,1000000.0,1000000.0,0,0,31,2026-02-03 00:14:48.484834
RTM1P53,3.25,3.24,3.26,1000000.0,1000000.0,0,0,31,2026-02-03 00:14:48.484834
RTM1C54,0.02,0.01,0.03,1000000.0,1000000.0,0,0,31,2026-02-03 00:14:48.484834
RTM1P54,4.22,4.21,4.23,1000000.0,1000000.0,0,0,31,2026-02-03 00:14:48.484834
RTM,49.71,49.7,49.72,100000000.0,100000000.0,0,0,32,2026-02-03 00:14:49.539726
RTM1C45,4.71,4.7,4.72,1000000.0,1000000.0,0,0,32,2026-02-03 00:14:49.539726
RTM1P45,0.02,0.01,0.03,1000000.0,1000000.0,0,0,32,2026-02-03 00:14:49.539726
RTM1C46,3.72,3.71,3.73,1000000.0,1000000.0,0,0,32,2026-02-03 00:14:49.539726
RTM1P46,0.02,0.01,0.03,1000000.0,1000000.0,0,0,32,2026-02-03 00:14:49.539726
RTM1C47,2.77,2.76,2.78,1000000.0,1000000.0,0,0,32,2026-02-03 00:14:49.539726
RTM1P47,0.06,0.05,0.07,1000000.0,1000000.0,0,0,32,2026-02-03 00:14:49.539726
RTM1C48,1.87,1.86,1.88,1000000.0,1000000.0,0,0,32,2026-02-03 00:14:49.539726
RTM1P48,0.16,0.15,0.17,1000000.0,1000000.0,0,0,32,2026-02-03 00:14:49.539726
RTM1C49,1.09,1.08,1.1,1000000.0,1000000.0,0,0,32,2026-02-03 00:14:49.539726
RTM1P49,0.38,0.37,0.39,1000000.0,1000000.0,0,0,32,2026-02-03 00:14:49.539726
RTM1C50,0.55,0.54,0.56,1000000.0,1000000.0,0,0,32,2026-02-03 00:14:49.539726
RTM1P50,0.83,0.82,0.84,1000000.0,1000000.0,0,0,32,2026-02-03 00:14:49.539726
RTM1C51,0.27,0.26,0.28,1000000.0,1000000.0,0,0,32,2026-02-03 00:14:49.539726
RTM1P51,1.56,1.55,1.57,1000000.0,1000000.0,0,0,32,2026-02-03 00:14:49.539726
RTM1C52,0.12,0.11,0.13,1000000.0,1000000.0,0,0,32,2026-02-03 00:14:49.539726
RTM1P52,2.41,2.4,2.42,1000000.0,1000000.0,0,0,32,2026-02-03 00:14:49.539726
RTM1C53,0.02,0.01,0.03,1000000.0,1000000.0,0,0,32,2026-02-03 00:14:49.539726
RTM1P53,3.31,3.3,3.32,1000000.0,1000000.0,0,0,32,2026-02-03 00:14:49.539726
RTM1C54,0.02,0.01,0.03,1000000.0,1000000.0,0,0,32,2026-02-03 00:14:49.539726
RTM1P54,4.29,4.28,4.3,1000000.0,1000000.0,0,0,32,2026-02-03 00:14:49.539726
RTM,49.6,49.59,49.61,100000000.0,100000000.0,0,0,33,2026-02-03 00:14:50.587119
RTM1C45,4.6,4.59,4.61,1000000.0,1000000.0,0,0,33,2026-02-03 00:14:50.587119
RTM1P45,0.02,0.01,0.03,1000000.0,1000000.0,0,0,33,2026-02-03 00:14:50.587119
RTM1C46,3.62,3.61,3.63,1000000.0,1000000.0,0,0,33,2026-02-03 00:14:50.587119
RTM1P46,0.02,0.01,0.03,1000000.0,1000000.0,0,0,33,2026-02-03 00:14:50.587119
RTM1C47,2.66,2.65,2.67,1000000.0,1000000.0,0,0,33,2026-02-03 00:14:50.587119
RTM1P47,0.06,0.05,0.07,1000000.0,1000000.0,0,0,33,2026-02-03 00:14:50.587119
RTM1C48,1.77,1.76,1.78,1000000.0,1000000.0,0,0,33,2026-02-03 00:14:50.587119
RTM1P48,0.17,0.16,0.18,1000000.0,1000000.0,0,0,33,2026-02-03 00:14:50.587119
RTM1C49,1.01,1.0,1.02,1000000.0,1000000.0,0,0,33,2026-02-03 00:14:50.587119
RTM1P49,0.41,0.4,0.42,1000000.0,1000000.0,0,0,33,2026-02-03 00:14:50.587119
RTM1C50,0.51,0.5,0.52,1000000.0,1000000.0,0,0,33,2026-02-03 00:14:50.587119
RTM1P50,0.91,0.9,0.92,1000000.0,1000000.0,0,0,33,2026-02-03 00:14:50.587119
RTM1C51,0.21,0.2,0.22,1000000.0,1000000.0,0,0,33,2026-02-03 00:14:50.587119
RTM1P51,1.61,1.6,1.62,1000000.0,1000000.0,0,0,33,2026-02-03 00:14:50.587119
RTM1C52,0.07,0.06,0.08,1000000.0,1000000.0,0,0,33,2026-02-03 00:14:50.587119
RTM1P52,2.47,2.46,2.48,1000000.0,1000000.0,0,0,33,2026-02-03 00:14:50.587119
RTM1C53,0.03,0.02,0.04,1000000.0,1000000.0,0,0,33,2026-02-03 00:14:50.587119
RTM1P53,3.43,3.42,3.44,1000000.0,1000000.0,0,0,33,2026-02-03 00:14:50.587119
RTM1C54,0.02,0.01,0.03,1000000.0,1000000.0,0,0,33,2026-02-03 00:14:50.587119
RTM1P54,4.41,4.4,4.42,1000000.0,1000000.0,0,0,33,2026-02-03 00:14:50.587119
RTM,49.6,49.59,49.61,100000000.0,100000000.0,0,0,34,2026-02-03 00:14:51.141682
RTM1C45,4.61,4.6,4.62,1000000.0,1000000.0,0,0,34,2026-02-03 00:14:51.141682
RTM1P45,0.02,0.01,0.03,1000000.0,1000000.0,0,0,34,2026-02-03 00:14:51.141682
RTM1C46,3.62,3.61,3.63,1000000.0,1000000.0,0,0,34,2026-02-03 00:14:51.141682
RTM1P46,0.02,0.01,0.03,1000000.0,1000000.0,0,0,34,2026-02-03 00:14:51.141682
RTM1C47,2.64,2.63,2.65,1000000.0,1000000.0,0,0,34,2026-02-03 00:14:51.141682
RTM1P47,0.03,0.02,0.04,1000000.0,1000000.0,0,0,34,2026-02-03 00:14:51.141682
RTM1C48,1.78,1.77,1.79,1000000.0,1000000.0,0,0,34,2026-02-03 00:14:51.141682
RTM1P48,0.17,0.16,0.18,1000000.0,1000000.0,0,0,34,2026-02-03 00:14:51.141682
RTM1C49,1.05,1.04,1.06,1000000.0,1000000.0,0,0,34,2026-02-03 00:14:51.141682
RTM1P49,0.45,0.44,0.46,1000000.0,1000000.0,0,0,34,2026-02-03 00:14:51.141682
RTM1C50,0.56,0.55,0.57,1000000.0,1000000.0,0,0,34,2026-02-03 00:14:51.141682
RTM1P50,0.95,0.94,0.96,1000000.0,1000000.0,0,0,34,2026-02-03 00:14:51.141682
RTM1C51,0.2,0.19,0.21,1000000.0,1000000.0,0,0,34,2026-02-03 00:14:51.141682
RTM1P51,1.6,1.59,1.61,1000000.0,1000000.0,0,0,34,2026-02-03 00:14:51.141682
RTM1C52,0.08,0.07,0.09,1000000.0,1000000.0,0,0,34,2026-02-03 00:14:51.141682
RTM1P52,2.47,2.46,2.48,1000000.0,1000000.0,0,0,34,2026-02-03 00:14:51.141682
RTM1C53,0.02,0.01,0.03,1000000.0,1000000.0,0,0,34,2026-02-03 00:14:51.141682
RTM1P53,3.41,3.4,3.42,1000000.0,1000000.0,0,0,34,2026-02-03 00:14:51.141682
RTM1C54,0.02,0.01,0.03,1000000.0,1000000.0,0,0,34,2026-02-03 00:14:51.141682
RTM1P54,4.4,4.39,4.41,1000000.0,1000000.0,0,0,34,2026-02-03 00:14:51.141682
RTM,49.6,49.59,49.61,100000000.0,100000000.0,0,0,35,2026-02-03 00:14:52.200208
RTM1C45,4.6,4.59,4.61,1000000.0,1000000.0,0,0,35,2026-02-03 00:14:52.200208
RTM1P45,0.02,0.01,0.03,1000000.0,1000000.0,0,0,35,2026-02-03 00:14:52.200208
RTM1C46,3.61,3.6,3.62,1000000.0,1000000.0,0,0,35,2026-02-03 00:14:52.200208
RTM1P46,0.02,0.01,0.03,1000000.0,1000000.0,0,0,35,2026-02-03 00:14:52.200208
RTM1C47,2.63,2.62,2.64,1000000.0,1000000.0,0,0,35,2026-02-03 00:14:52.200208
RTM1P47,0.04,0.03,0.05,1000000.0,1000000.0,0,0,35,2026-02-03 00:14:52.200208
RTM1C48,1.75,1.74,1.76,1000000.0,1000000.0,0,0,35,2026-02-03 00:14:52.200208
RTM1P48,0.15,0.14,0.16,1000000.0,1000000.0,0,0,35,2026-02-03 00:14:52.200208
RTM1C49,1.08,1.07,1.09,1000000.0,1000000.0,0,0,35,2026-02-03 00:14:52.200208
RTM1P49,0.48,0.47,0.49,1000000.0,1000000.0,0,0,35,2026-02-03 00:14:52.200208
RTM1C50,0.58,0.57,0.59,1000000.0,1000000.0,0,0,35,2026-02-03 00:14:52.200208
RTM1P50,0.98,0.97,0.99,1000000.0,1000000.0,0,0,35,2026-02-03 00:14:52.200208
RTM1C51,0.27,0.26,0.28,1000000.0,1000000.0,0,0,35,2026-02-03 00:14:52.200208
RTM1P51,1.67,1.66,1.68,1000000.0,1000000.0,0,0,35,2026-02-03 00:14:52.200208
RTM1C52,0.08,0.07,0.09,1000000.0,1000000.0,0,0,35,2026-02-03 00:14:52.200208
RTM1P52,2.48,2.47,2.49,1000000.0,1000000.0,0,0,35,2026-02-03 00:14:52.200208
RTM1C53,0.02,0.01,0.03,1000000.0,1000000.0,0,0,35,2026-02-03 00:14:52.200208
RTM1P53,3.42,3.41,3.43,1000000.0,1000000.0,0,0,35,2026-02-03 00:14:52.200208
RTM1C54,0.02,0.01,0.03,1000000.0,1000000.0,0,0,35,2026-02-03 00:14:52.200208
RTM1P54,4.41,4.4,4.42,1000000.0,1000000.0,0,0,35,2026-02-03 00:14:52.200208
RTM,49.53,49.52,49.54,100000000.0,100000000.0,0,0,36,2026-02-03 00:14:53.250065,3.0,1.0,35.0,,News 1,The analysts have informed you that the realized volatility of RTM next week will be between 19% and 24%
RTM1C45,4.53,4.52,4.54,1000000.0,1000000.0,0,0,36,2026-02-03 00:14:53.250065,,,,,,
RTM1P45,0.02,0.01,0.03,1000000.0,1000000.0,0,0,36,2026-02-03 00:14:53.250065,,,,,,
RTM1C46,3.54,3.53,3.55,1000000.0,1000000.0,0,0,36,2026-02-03 00:14:53.250065,,,,,,
RTM1P46,0.02,0.01,0.03,1000000.0,1000000.0,0,0,36,2026-02-03 00:14:53.250065,,,,,,
RTM1C47,2.58,2.57,2.59,1000000.0,1000000.0,0,0,36,2026-02-03 00:14:53.250065,,,,,,
RTM1P47,0.05,0.04,0.06,1000000.0,1000000.0,0,0,36,2026-02-03 00:14:53.250065,,,,,,
RTM1C48,1.73,1.72,1.74,1000000.0,1000000.0,0,0,36,2026-02-03 00:14:53.250065,,,,,,
RTM1P48,0.21,0.2,0.22,1000000.0,1000000.0,0,0,36,2026-02-03 00:14:53.250065,,,,,,
RTM1C49,0.99,0.98,1.0,1000000.0,1000000.0,0,0,36,2026-02-03 00:14:53.250065,,,,,,
RTM1P49,0.46,0.45,0.47,1000000.0,1000000.0,0,0,36,2026-02-03 00:14:53.250065,,,,,,
RTM1C50,0.53,0.52,0.54,1000000.0,1000000.0,0,0,36,2026-02-03 00:14:53.250065,,,,,,
RTM1P50,1.01,1.0,1.02,1000000.0,1000000.0,0,0,36,2026-02-03 00:14:53.250065,,,,,,
RTM1C51,0.2,0.19,0.21,1000000.0,1000000.0,0,0,36,2026-02-03 00:14:53.250065,,,,,,
RTM1P51,1.68,1.67,1.69,1000000.0,1000000.0,0,0,36,2026-02-03 00:14:53.250065,,,,,,
RTM1C52,0.08,0.07,0.09,1000000.0,1000000.0,0,0,36,2026-02-03 00:14:53.250065,,,,,,
RTM1P52,2.56,2.55,2.57,1000000.0,1000000.0,0,0,36,2026-02-03 00:14:53.250065,,,,,,
RTM1C53,0.02,0.01,0.03,1000000.0,1000000.0,0,0,36,2026-02-03 00:14:53.250065,,,,,,
RTM1P53,3.48,3.47,3.49,1000000.0,1000000.0,0,0,36,2026-02-03 00:14:53.250065,,,,,,
RTM1C54,0.02,0.01,0.03,1000000.0,1000000.0,0,0,36,2026-02-03 00:14:53.250065,,,,,,
RTM1P54,4.48,4.47,4.49,1000000.0,1000000.0,0,0,36,2026-02-03 00:14:53.250065,,,,,,
RTM,49.72,49.71,49.73,100000000.0,100000000.0,0,0,37,2026-02-03 00:14:54.306514
RTM1C45,4.72,4.71,4.73,1000000.0,1000000.0,0,0,37,2026-02-03 00:14:54.306514
RTM1P45,0.02,0.01,0.03,1000000.0,1000000.0,0,0,37,2026-02-03 00:14:54.306514
RTM1C46,3.73,3.72,3.74,1000000.0,1000000.0,0,0,37,2026-02-03 00:14:54.306514
RTM1P46,0.02,0.01,0.03,1000000.0,1000000.0,0,0,37,2026-02-03 00:14:54.306514
RTM1C47,2.76,2.75,2.77,1000000.0,1000000.0,0,0,37,2026-02-03 00:14:54.306514
RTM1P47,0.04,0.03,0.05,1000000.0,1000000.0,0,0,37,2026-02-03 00:14:54.306514
RTM1C48,1.87,1.86,1.88,1000000.0,1000000.0,0,0,37,2026-02-03 00:14:54.306514
RTM1P48,0.15,0.14,0.16,1000000.0,1000000.0,0,0,37,2026-02-03 00:14:54.306514
RTM1C49,1.14,1.13,1.15,1000000.0,1000000.0,0,0,37,2026-02-03 00:14:54.306514
RTM1P49,0.42,0.41,0.43,1000000.0,1000000.0,0,0,37,2026-02-03 00:14:54.306514
RTM1C50,0.62,0.61,0.63,1000000.0,1000000.0,0,0,37,2026-02-03 00:14:54.306514
RTM1P50,0.91,0.9,0.92,1000000.0,1000000.0,0,0,37,2026-02-03 00:14:54.306514
RTM1C51,0.24,0.23,0.25,1000000.0,1000000.0,0,0,37,2026-02-03 00:14:54.306514
RTM1P51,1.52,1.51,1.53,1000000.0,1000000.0,0,0,37,2026-02-03 00:14:54.306514
RTM1C52,0.1,0.09,0.11,1000000.0,1000000.0,0,0,37,2026-02-03 00:14:54.306514
RTM1P52,2.38,2.37,2.39,1000000.0,1000000.0,0,0,37,2026-02-03 00:14:54.306514
RTM1C53,0.02,0.01,0.03,1000000.0,1000000.0,0,0,37,2026-02-03 00:14:54.306514
RTM1P53,3.3,3.29,3.31,1000000.0,1000000.0,0,0,37,2026-02-03 00:14:54.306514
RTM1C54,0.02,0.01,0.03,1000000.0,1000000.0,0,0,37,2026-02-03 00:14:54.306514
RTM1P54,4.29,4.28,4.3,1000000.0,1000000.0,0,0,37,2026-02-03 00:14:54.306514
RTM,49.63,49.62,49.64,100000000.0,100000000.0,0,0,38,2026-02-03 00:14:55.357899
RTM1C45,4.63,4.62,4.64,1000000.0,1000000.0,0,0,38,2026-02-03 00:14:55.357899
RTM1P45,0.02,0.01,0.03,1000000.0,1000000.0,0,0,38,2026-02-03 00:14:55.357899
RTM1C46,3.64,3.63,3.65,1000000.0,1000000.0,0,0,38,2026-02-03 00:14:55.357899
RTM1P46,0.02,0.01,0.03,1000000.0,1000000.0,0,0,38,2026-02-03 00:14:55.357899
RTM1C47,2.66,2.65,2.67,1000000.0,1000000.0,0,0,38,2026-02-03 00:14:55.357899
RTM1P47,0.04,0.03,0.05,1000000.0,1000000.0,0,0,38,2026-02-03 00:14:55.357899
RTM1C48,1.83,1.82,1.84,1000000.0,1000000.0,0,0,38,2026-02-03 00:14:55.357899
RTM1P48,0.2,0.19,0.21,1000000.0,1000000.0,0,0,38,2026-02-03 00:14:55.357899
RTM1C49,1.08,1.07,1.09,1000000.0,1000000.0,0,0,38,2026-02-03 00:14:55.357899
RTM1P49,0.46,0.45,0.47,1000000.0,1000000.0,0,0,38,2026-02-03 00:14:55.357899
RTM1C50,0.57,0.56,0.58,1000000.0,1000000.0,0,0,38,2026-02-03 00:14:55.357899
RTM1P50,0.95,0.94,0.96,1000000.0,1000000.0,0,0,38,2026-02-03 00:14:55.357899
RTM1C51,0.23,0.22,0.24,1000000.0,1000000.0,0,0,38,2026-02-03 00:14:55.357899
RTM1P51,1.6,1.59,1.61,1000000.0,1000000.0,0,0,38,2026-02-03 00:14:55.357899
RTM1C52,0.08,0.07,0.09,1000000.0,1000000.0,0,0,38,2026-02-03 00:14:55.357899
RTM1P52,2.45,2.44,2.46,1000000.0,1000000.0,0,0,38,2026-02-03 00:14:55.357899
RTM1C53,0.03,0.02,0.04,1000000.0,1000000.0,0,0,38,2026-02-03 00:14:55.357899
RTM1P53,3.4,3.39,3.41,1000000.0,1000000.0,0,0,38,2026-02-03 00:14:55.357899
RTM1C54,0.02,0.01,0.03,1000000.0,1000000.0,0,0,38,2026-02-03 00:14:55.357899
RTM1P54,4.38,4.37,4.39,1000000.0,1000000.0,0,0,38,2026-02-03 00:14:55.357899
RTM,49.48,49.47,49.49,100000000.0,100000000.0,0,0,39,2026-02-03 00:14:56.408340
RTM1C45,4.48,4.47,4.49,1000000.0,1000000.0,0,0,39,2026-02-03 00:14:56.408340
RTM1P45,0.02,0.01,0.03,1000000.0,1000000.0,0,0,39,2026-02-03 00:14:56.408340
RTM1C46,3.5,3.49,3.51,1000000.0,1000000.0,0,0,39,2026-02-03 00:14:56.408340
RTM1P46,0.02,0.01,0.03,1000000.0,1000000.0,0,0,39,2026-02-03 00:14:56.408340
RTM1C47,2.53,2.52,2.54,1000000.0,1000000.0,0,0,39,2026-02-03 00:14:56.408340
RTM1P47,0.06,0.05,0.07,1000000.0,1000000.0,0,0,39,2026-02-03 00:14:56.408340
RTM1C48,1.68,1.67,1.69,1000000.0,1000000.0,0,0,39,2026-02-03 00:14:56.408340
RTM1P48,0.21,0.2,0.22,1000000.0,1000000.0,0,0,39,2026-02-03 00:14:56.408340
RTM1C49,0.99,0.98,1.0,1000000.0,1000000.0,0,0,39,2026-02-03 00:14:56.408340
RTM1P49,0.51,0.5,0.52,1000000.0,1000000.0,0,0,39,2026-02-03 00:14:56.408340
RTM1C50,0.49,0.48,0.5,1000000.0,1000000.0,0,0,39,2026-02-03 00:14:56.408340
RTM1P50,1.01,1.0,1.02,1000000.0,1000000.0,0,0,39,2026-02-03 00:14:56.408340
RTM1C51,0.24,0.23,0.25,1000000.0,1000000.0,0,0,39,2026-02-03 00:14:56.408340
RTM1P51,1.76,1.75,1.77,1000000.0,1000000.0,0,0,39,2026-02-03 00:14:56.408340
RTM1C52,0.09,0.08,0.1,1000000.0,1000000.0,0,0,39,2026-02-03 00:14:56.408340
RTM1P52,2.61,2.6,2.62,1000000.0,1000000.0,0,0,39,2026-02-03 00:14:56.408340
RTM1C53,0.02,0.01,0.03,1000000.0,1000000.0,0,0,39,2026-02-03 00:14:56.408340
RTM1P53,3.55,3.54,3.56,1000000.0,1000000.0,0,0,39,2026-02-03 00:14:56.408340
RTM1C54,0.02,0.01,0.03,1000000.0,1000000.0,0,0,39,2026-02-03 00:14:56.408340
RTM1P54,4.53,4.52,4.54,1000000.0,1000000.0,0,0,39,2026-02-03 00:14:56.408340
RTM,49.24,49.23,49.25,100000000.0,100000000.0,0,0,40,2026-02-03 00:14:57.452844
RTM1C45,4.25,4.24,4.26,1000000.0,1000000.0,0,0,40,2026-02-03 00:14:57.452844
RTM1P45,0.02,0.01,0.03,1000000.0,1000000.0,0,0,40,2026-02-03 00:14:57.452844
RTM1C46,3.26,3.25,3.27,1000000.0,1000000.0,0,0,40,2026-02-03 00:14:57.452844
RTM1P46,0.02,0.01,0.03,1000000.0,1000000.0,0,0,40,2026-02-03 00:14:57.452844
RTM1C47,2.32,2.31,2.33,1000000.0,1000000.0,0,0,40,2026-02-03 00:14:57.452844
RTM1P47,0.08,0.07,0.09,1000000.0,1000000.0,0,0,40,2026-02-03 00:14:57.452844
RTM1C48,1.48,1.47,1.49,1000000.0,1000000.0,0,0,40,2026-02-03 00:14:57.452844
RTM1P48,0.24,0.23,0.25,1000000.0,1000000.0,0,0,40,2026-02-03 00:14:57.452844
RTM1C49,0.83,0.82,0.84,1000000.0,1000000.0,0,0,40,2026-02-03 00:14:57.452844
RTM1P49,0.59,0.58,0.6,1000000.0,1000000.0,0,0,40,2026-02-03 00:14:57.452844
RTM1C50,0.44,0.43,0.45,1000000.0,1000000.0,0,0,40,2026-02-03 00:14:57.452844
RTM1P50,1.2,1.19,1.21,1000000.0,1000000.0,0,0,40,2026-02-03 00:14:57.452844
RTM1C51,0.18,0.17,0.19,1000000.0,1000000.0,0,0,40,2026-02-03 00:14:57.452844
RTM1P51,1.94,1.93,1.95,1000000.0,1000000.0,0,0,40,2026-02-03 00:14:57.452844
RTM1C52,0.05,0.04,0.06,1000000.0,1000000.0,0,0,40,2026-02-03 00:14:57.452844
RTM1P52,2.81,2.8,2.82,1000000.0,1000000.0,0,0,40,2026-02-03 00:14:57.452844
RTM1C53,0.02,0.01,0.03,1000000.0,1000000.0,0,0,40,2026-02-03 00:14:57.452844
RTM1P53,3.77,3.76,3.78,1000000.0,1000000.0,0,0,40,2026-02-03 00:14:57.452844
RTM1C54,0.02,0.01,0.03,1000000.0,1000000.0,0,0,40,2026-02-03 00:14:57.452844
RTM1P54,4.76,4.75,4.77,1000000.0,1000000.0,0,0,40,2026-02-03 00:14:57.452844
RTM,49.33,49.32,49.34,100000000.0,100000000.0,0,0,41,2026-02-03 00:14:58.505621
RTM1C45,4.34,4.33,4.35,1000000.0,1000000.0,0,0,41,2026-02-03 00:14:58.505621
RTM1P45,0.02,0.01,0.03,1000000.0,1000000.0,0,0,41,2026-02-03 00:14:58.505621
RTM1C46,3.35,3.34,3.36,1000000.0,1000000.0,0,0,41,2026-02-03 00:14:58.505621
RTM1P46,0.02,0.01,0.03,1000000.0,1000000.0,0,0,41,2026-02-03 00:14:58.505621
RTM1C47,2.42,2.41,2.43,1000000.0,1000000.0,0,0,41,2026-02-03 00:14:58.505621
RTM1P47,0.08,0.07,0.09,1000000.0,1000000.0,0,0,41,2026-02-03 00:14:58.505621
RTM1C48,1.57,1.56,1.58,1000000.0,1000000.0,0,0,41,2026-02-03 00:14:58.505621
RTM1P48,0.24,0.23,0.25,1000000.0,1000000.0,0,0,41,2026-02-03 00:14:58.505621
RTM1C49,0.87,0.86,0.88,1000000.0,1000000.0,0,0,41,2026-02-03 00:14:58.505621
RTM1P49,0.54,0.53,0.55,1000000.0,1000000.0,0,0,41,2026-02-03 00:14:58.505621
RTM1C50,0.44,0.43,0.45,1000000.0,1000000.0,0,0,41,2026-02-03 00:14:58.505621
RTM1P50,1.11,1.1,1.12,1000000.0,1000000.0,0,0,41,2026-02-03 00:14:58.505621
RTM1C51,0.19,0.18,0.2,1000000.0,1000000.0,0,0,41,2026-02-03 00:14:58.505621
RTM1P51,1.86,1.85,1.87,1000000.0,1000000.0,0,0,41,2026-02-03 00:14:58.505621
RTM1C52,0.06,0.05,0.07,1000000.0,1000000.0,0,0,41,2026-02-03 00:14:58.505621
RTM1P52,2.73,2.72,2.74,1000000.0,1000000.0,0,0,41,2026-02-03 00:14:58.505621
RTM1C53,0.02,0.01,0.03,1000000.0,1000000.0,0,0,41,2026-02-03 00:14:58.505621
RTM1P53,3.69,3.68,3.7,1000000.0,1000000.0,0,0,41,2026-02-03 00:14:58.505621
RTM1C54,0.02,0.01,0.03,1000000.0,1000000.0,0,0,41,2026-02-03 00:14:58.505621
RTM1P54,4.67,4.66,4.68,1000000.0,1000000.0,0,0,41,2026-02-03 00:14:58.505621
RTM,49.23,49.22,49.24,100000000.0,100000000.0,0,0,42,2026-02-03 00:14:59.566488
RTM1C45,4.24,4.23,4.25,1000000.0,1000000.0,0,0,42,2026-02-03 00:14:59.566488
RTM1P45,0.02,0.01,0.03,1000000.0,1000000.0,0,0,42,2026-02-03 00:14:59.566488
RTM1C46,3.26,3.25,3.27,1000000.0,1000000.0,0,0,42,2026-02-03 00:14:59.566488
RTM1P46,0.02,0.01,0.03,1000000.0,1000000.0,0,0,42,2026-02-03 00:14:59.566488
RTM1C47,2.32,2.31,2.33,1000000.0,1000000.0,0,0,42,2026-02-03 00:14:59.566488
RTM1P47,0.08,0.07,0.09,1000000.0,1000000.0,0,0,42,2026-02-03 00:14:59.566488
RTM1C48,1.51,1.5,1.52,1000000.0,1000000.0,0,0,42,2026-02-03 00:14:59.566488
RTM1P48,0.28,0.27,0.29,1000000.0,1000000.0,0,0,42,2026-02-03 00:14:59.566488
RTM1C49,0.88,0.87,0.89,1000000.0,1000000.0,0,0,42,2026-02-03 00:14:59.566488
RTM1P49,0.65,0.64,0.66,1000000.0,1000000.0,0,0,42,2026-02-03 00:14:59.566488
RTM1C50,0.41,0.4,0.42,1000000.0,1000000.0,0,0,42,2026-02-03 00:14:59.566488
RTM1P50,1.17,1.16,1.18,1000000.0,1000000.0,0,0,42,2026-02-03 00:14:59.566488
RTM1C51,0.2,0.19,0.21,1000000.0,1000000.0,0,0,42,2026-02-03 00:14:59.566488
RTM1P51,1.96,1.95,1.97,1000000.0,1000000.0,0,0,42,2026-02-03 00:14:59.566488
RTM1C52,0.06,0.05,0.07,1000000.0,1000000.0,0,0,42,2026-02-03 00:14:59.566488
RTM1P52,2.83,2.82,2.84,1000000.0,1000000.0,0,0,42,2026-02-03 00:14:59.566488
RTM1C53,0.02,0.01,0.03,1000000.0,1000000.0,0,0,42,2026-02-03 00:14:59.566488
RTM1P53,3.78,3.77,3.79,1000000.0,1000000.0,0,0,42,2026-02-03 00:14:59.566488
RTM1C54,0.02,0.01,0.03,1000000.0,1000000.0,0,0,42,2026-02-03 00:14:59.566488
RTM1P54,4.77,4.76,4.78,1000000.0,1000000.0,0,0,42,2026-02-03 00:14:59.566488
RTM,49.38,49.37,49.39,100000000.0,100000000.0,0,0,43,2026-02-03 00:15:00.623716
RTM1C45,4.38,4.37,4.39,1000000.0,1000000.0,0,0,43,2026-02-03 00:15:00.623716
RTM1P45,0.02,0.01,0.03,1000000.0,1000000.0,0,0,43,2026-02-03 00:15:00.623716
RTM1C46,3.4,3.39,3.41,1000000.0,1000000.0,0,0,43,2026-02-03 00:15:00.623716
RTM1P46,0.02,0.01,0.03,1000000.0,1000000.0,0,0,43,2026-02-03 00:15:00.623716
RTM1C47,2.45,2.44,2.46,1000000.0,1000000.0,0,0,43,2026-02-03 00:15:00.623716
RTM1P47,0.07,0.06,0.08,1000000.0,1000000.0,0,0,43,2026-02-03 00:15:00.623716
RTM1C48,1.6,1.59,1.61,1000000.0,1000000.0,0,0,43,2026-02-03 00:15:00.623716
RTM1P48,0.23,0.22,0.24,1000000.0,1000000.0,0,0,43,2026-02-03 00:15:00.623716
RTM1C49,0.98,0.97,0.99,1000000.0,1000000.0,0,0,43,2026-02-03 00:15:00.623716
RTM1P49,0.6,0.59,0.61,1000000.0,1000000.0,0,0,43,2026-02-03 00:15:00.623716
RTM1C50,0.49,0.48,0.5,1000000.0,1000000.0,0,0,43,2026-02-03 00:15:00.623716
RTM1P50,1.12,1.11,1.13,1000000.0,1000000.0,0,0,43,2026-02-03 00:15:00.623716
RTM1C51,0.2,0.19,0.21,1000000.0,1000000.0,0,0,43,2026-02-03 00:15:00.623716
RTM1P51,1.82,1.81,1.83,1000000.0,1000000.0,0,0,43,2026-02-03 00:15:00.623716
RTM1C52,0.08,0.07,0.09,1000000.0,1000000.0,0,0,43,2026-02-03 00:15:00.623716
RTM1P52,2.7,2.69,2.71,1000000.0,1000000.0,0,0,43,2026-02-03 00:15:00.623716
RTM1C53,0.02,0.01,0.03,1000000.0,1000000.0,0,0,43,2026-02-03 00:15:00.623716
RTM1P53,3.64,3.63,3.65,1000000.0,1000000.0,0,0,43,2026-02-03 00:15:00.623716
RTM1C54,0.02,0.01,0.03,1000000.0,1000000.0,0,0,43,2026-02-03 00:15:00.623716
RTM1P54,4.63,4.62,4.64,1000000.0,1000000.0,0,0,43,2026-02-03 00:15:00.623716
RTM,49.39,49.38,49.4,100000000.0,100000000.0,0,0,44,2026-02-03 00:15:01.183442
RTM1C45,4.39,4.38,4.4,1000000.0,1000000.0,0,0,44,2026-02-03 00:15:01.183442
RTM1P45,0.02,0.01,0.03,1000000.0,1000000.0,0,0,44,2026-02-03 00:15:01.183442
RTM1C46,3.41,3.4,3.42,1000000.0,1000000.0,0,0,44,2026-02-03 00:15:01.183442
RTM1P46,0.02,0.01,0.03,1000000.0,1000000.0,0,0,44,2026-02-03 00:15:01.183442
RTM1C47,2.48,2.47,2.49,1000000.0,1000000.0,0,0,44,2026-02-03 00:15:01.183442
RTM1P47,0.09,0.08,0.1,1000000.0,1000000.0,0,0,44,2026-02-03 00:15:01.183442
RTM1C48,1.65,1.64,1.66,1000000.0,1000000.0,0,0,44,2026-02-03 00:15:01.183442
RTM1P48,0.26,0.25,0.27,1000000.0,1000000.0,0,0,44,2026-02-03 00:15:01.183442
RTM1C49,0.93,0.92,0.94,1000000.0,1000000.0,0,0,44,2026-02-03 00:15:01.183442
RTM1P49,0.54,0.53,0.55,1000000.0,1000000.0,0,0,44,2026-02-03 00:15:01.183442
RTM1C50,0.44,0.43,0.45,1000000.0,1000000.0,0,0,44,2026-02-03 00:15:01.183442
RTM1P50,1.04,1.03,1.05,1000000.0,1000000.0,0,0,44,2026-02-03 00:15:01.183442
RTM1C51,0.19,0.18,0.2,1000000.0,1000000.0,0,0,44,2026-02-03 00:15:01.183442
RTM1P51,1.8,1.79,1.81,1000000.0,1000000.0,0,0,44,2026-02-03 00:15:01.183442
RTM1C52,0.07,0.06,0.08,1000000.0,1000000.0,0,0,44,2026-02-03 00:15:01.183442
RTM1P52,2.67,2.66,2.68,1000000.0,1000000.0,0,0,44,2026-02-03 00:15:01.183442
RTM1C53,0.03,0.02,0.04,1000000.0,1000000.0,0,0,44,2026-02-03 00:15:01.183442
RTM1P53,3.64,3.63,3.65,1000000.0,1000000.0,0,0,44,2026-02-03 00:15:01.183442
RTM1C54,0.02,0.01,0.03,1000000.0,1000000.0,0,0,44,2026-02-03 00:15:01.183442
RTM1P54,4.61,4.6,4.62,1000000.0,1000000.0,0,0,44,2026-02-03 00:15:01.183442
RTM,49.36,49.35,49.37,100000000.0,100000000.0,0,0,45,2026-02-03 00:15:02.236208
RTM1C45,4.37,4.36,4.38,1000000.0,1000000.0,0,0,45,2026-02-03 00:15:02.236208
RTM1P45,0.02,0.01,0.03,1000000.0,1000000.0,0,0,45,2026-02-03 00:15:02.236208
RTM1C46,3.39,3.38,3.4,1000000.0,1000000.0,0,0,45,2026-02-03 00:15:02.236208
RTM1P46,0.03,0.02,0.04,1000000.0,1000000.0,0,0,45,2026-02-03 00:15:02.236208
RTM1C47,2.44,2.43,2.45,1000000.0,1000000.0,0,0,45,2026-02-03 00:15:02.236208
RTM1P47,0.08,0.07,0.09,1000000.0,1000000.0,0,0,45,2026-02-03 00:15:02.236208
RTM1C48,1.62,1.61,1.63,1000000.0,1000000.0,0,0,45,2026-02-03 00:15:02.236208
RTM1P48,0.25,0.24,0.26,1000000.0,1000000.0,0,0,45,2026-02-03 00:15:02.236208
RTM1C49,0.96,0.95,0.97,1000000.0,1000000.0,0,0,45,2026-02-03 00:15:02.236208
RTM1P49,0.59,0.58,0.6,1000000.0,1000000.0,0,0,45,2026-02-03 00:15:02.236208
RTM1C50,0.41,0.4,0.42,1000000.0,1000000.0,0,0,45,2026-02-03 00:15:02.236208
RTM1P50,1.04,1.03,1.05,1000000.0,1000000.0,0,0,45,2026-02-03 00:15:02.236208
RTM1C51,0.19,0.18,0.2,1000000.0,1000000.0,0,0,45,2026-02-03 00:15:02.236208
RTM1P51,1.83,1.82,1.84,1000000.0,1000000.0,0,0,45,2026-02-03 00:15:02.236208
RTM1C52,0.08,0.07,0.09,1000000.0,1000000.0,0,0,45,2026-02-03 00:15:02.236208
RTM1P52,2.72,2.71,2.73,1000000.0,1000000.0,0,0,45,2026-02-03 00:15:02.236208
RTM1C53,0.03,0.02,0.04,1000000.0,1000000.0,0,0,45,2026-02-03 00:15:02.236208
RTM1P53,3.66,3.65,3.67,1000000.0,1000000.0,0,0,45,2026-02-03 00:15:02.236208
RTM1C54,0.02,0.01,0.03,1000000.0,1000000.0,0,0,45,2026-02-03 00:15:02.236208
RTM1P54,4.64,4.63,4.65,1000000.0,1000000.0,0,0,45,2026-02-03 00:15:02.236208
RTM,49.3,49.29,49.31,100000000.0,100000000.0,0,0,46,2026-02-03 00:15:03.315655
RTM1C45,4.3,4.29,4.31,1000000.0,1000000.0,0,0,46,2026-02-03 00:15:03.315655
RTM1P45,0.02,0.01,0.03,1000000.0,1000000.0,0,0,46,2026-02-03 00:15:03.315655
RTM1C46,3.33,3.32,3.34,1000000.0,1000000.0,0,0,46,2026-02-03 00:15:03.315655
RTM1P46,0.03,0.02,0.04,1000000.0,1000000.0,0,0,46,2026-02-03 00:15:03.315655
RTM1C47,2.39,2.38,2.4,1000000.0,1000000.0,0,0,46,2026-02-03 00:15:03.315655
RTM1P47,0.09,0.08,0.1,1000000.0,1000000.0,0,0,46,2026-02-03 00:15:03.315655
RTM1C48,1.58,1.57,1.59,1000000.0,1000000.0,0,0,46,2026-02-03 00:15:03.315655
RTM1P48,0.28,0.27,0.29,1000000.0,1000000.0,0,0,46,2026-02-03 00:15:03.315655
RTM1C49,0.88,0.87,0.89,1000000.0,1000000.0,0,0,46,2026-02-03 00:15:03.315655
RTM1P49,0.59,0.58,0.6,1000000.0,1000000.0,0,0,46,2026-02-03 00:15:03.315655
RTM1C50,0.44,0.43,0.45,1000000.0,1000000.0,0,0,46,2026-02-03 00:15:03.315655
RTM1P50,1.14,1.13,1.15,1000000.0,1000000.0,0,0,46,2026-02-03 00:15:03.315655
RTM1C51,0.19,0.18,0.2,1000000.0,1000000.0,0,0,46,2026-02-03 00:15:03.315655
RTM1P51,1.89,1.88,1.9,1000000.0,1000000.0,0,0,46,2026-02-03 00:15:03.315655
RTM1C52,0.06,0.05,0.07,1000000.0,1000000.0,0,0,46,2026-02-03 00:15:03.315655
RTM1P52,2.76,2.75,2.77,1000000.0,1000000.0,0,0,46,2026-02-03 00:15:03.315655
RTM1C53,0.02,0.01,0.03,1000000.0,1000000.0,0,0,46,2026-02-03 00:15:03.315655
RTM1P53,3.72,3.71,3.73,1000000.0,1000000.0,0,0,46,2026-02-03 00:15:03.315655
RTM1C54,0.02,0.01,0.03,1000000.0,1000000.0,0,0,46,2026-02-03 00:15:03.315655
RTM1P54,4.71,4.7,4.72,1000000.0,1000000.0,0,0,46,2026-02-03 00:15:03.315655
RTM,49.34,49.33,49.35,100000000.0,100000000.0,0,0,47,2026-02-03 00:15:04.375808
RTM1C45,4.34,4.33,4.35,1000000.0,1000000.0,0,0,47,2026-02-03 00:15:04.375808
RTM1P45,0.02,0.01,0.03,1000000.0,1000000.0,0,0,47,2026-02-03 00:15:04.375808
RTM1C46,3.36,3.35,3.37,1000000.0,1000000.0,0,0,47,2026-02-03 00:15:04.375808
RTM1P46,0.02,0.01,0.03,1000000.0,1000000.0,0,0,47,2026-02-03 00:15:04.375808
RTM1C47,2.43,2.42,2.44,1000000.0,1000000.0,0,0,47,2026-02-03 00:15:04.375808
RTM1P47,0.09,0.08,0.1,1000000.0,1000000.0,0,0,47,2026-02-03 00:15:04.375808
RTM1C48,1.6,1.59,1.61,1000000.0,1000000.0,0,0,47,2026-02-03 00:15:04.375808
RTM1P48,0.26,0.25,0.27,1000000.0,1000000.0,0,0,47,2026-02-03 00:15:04.375808
RTM1C49,0.94,0.93,0.95,1000000.0,1000000.0,0,0,47,2026-02-03 00:15:04.375808
RTM1P49,0.6,0.59,0.61,1000000.0,1000000.0,0,0,47,2026-02-03 00:15:04.375808
RTM1C50,0.42,0.41,0.43,1000000.0,1000000.0,0,0,47,2026-02-03 00:15:04.375808
RTM1P50,1.08,1.07,1.09,1000000.0,1000000.0,0,0,47,2026-02-03 00:15:04.375808
RTM1C51,0.2,0.19,0.21,1000000.0,1000000.0,0,0,47,2026-02-03 00:15:04.375808
RTM1P51,1.86,1.85,1.87,1000000.0,1000000.0,0,0,47,2026-02-03 00:15:04.375808
RTM1C52,0.09,0.08,0.1,1000000.0,1000000.0,0,0,47,2026-02-03 00:15:04.375808
RTM1P52,2.75,2.74,2.76,1000000.0,1000000.0,0,0,47,2026-02-03 00:15:04.375808
RTM1C53,0.03,0.02,0.04,1000000.0,1000000.0,0,0,47,2026-02-03 00:15:04.375808
RTM1P53,3.69,3.68,3.7,1000000.0,1000000.0,0,0,47,2026-02-03 00:15:04.375808
RTM1C54,0.02,0.01,0.03,1000000.0,1000000.0,0,0,47,2026-02-03 00:15:04.375808
RTM1P54,4.67,4.66,4.68,1000000.0,1000000.0,0,0,47,2026-02-03 00:15:04.375808
RTM,49.5,49.49,49.51,100000000.0,100000000.0,0,0,48,2026-02-03 00:15:05.435957
RTM1C45,4.5,4.49,4.51,1000000.0,1000000.0,0,0,48,2026-02-03 00:15:05.435957
RTM1P45,0.02,0.01,0.03,1000000.0,1000000.0,0,0,48,2026-02-03 00:15:05.435957
RTM1C46,3.52,3.51,3.53,1000000.0,1000000.0,0,0,48,2026-02-03 00:15:05.435957
RTM1P46,0.02,0.01,0.03,1000000.0,1000000.0,0,0,48,2026-02-03 00:15:05.435957
RTM1C47,2.57,2.56,2.58,1000000.0,1000000.0,0,0,48,2026-02-03 00:15:05.435957
RTM1P47,0.07,0.06,0.08,1000000.0,1000000.0,0,0,48,2026-02-03 00:15:05.435957
RTM1C48,1.72,1.71,1.73,1000000.0,1000000.0,0,0,48,2026-02-03 00:15:05.435957
RTM1P48,0.22,0.21,0.23,1000000.0,1000000.0,0,0,48,2026-02-03 00:15:05.435957
RTM1C49,0.98,0.97,0.99,1000000.0,1000000.0,0,0,48,2026-02-03 00:15:05.435957
RTM1P49,0.48,0.47,0.49,1000000.0,1000000.0,0,0,48,2026-02-03 00:15:05.435957
RTM1C50,0.49,0.48,0.5,1000000.0,1000000.0,0,0,48,2026-02-03 00:15:05.435957
RTM1P50,0.99,0.98,1.0,1000000.0,1000000.0,0,0,48,2026-02-03 00:15:05.435957
RTM1C51,0.25,0.24,0.26,1000000.0,1000000.0,0,0,48,2026-02-03 00:15:05.435957
RTM1P51,1.75,1.74,1.76,1000000.0,1000000.0,0,0,48,2026-02-03 00:15:05.435957
RTM1C52,0.09,0.08,0.1,1000000.0,1000000.0,0,0,48,2026-02-03 00:15:05.435957
RTM1P52,2.59,2.58,2.6,1000000.0,1000000.0,0,0,48,2026-02-03 00:15:05.435957
RTM1C53,0.02,0.01,0.03,1000000.0,1000000.0,0,0,48,2026-02-03 00:15:05.435957
RTM1P53,3.52,3.51,3.53,1000000.0,1000000.0,0,0,48,2026-02-03 00:15:05.435957
RTM1C54,0.02,0.01,0.03,1000000.0,1000000.0,0,0,48,2026-02-03 00:15:05.435957
RTM1P54,4.51,4.5,4.52,1000000.0,1000000.0,0,0,48,2026-02-03 00:15:05.435957
RTM,49.63,49.62,49.64,100000000.0,100000000.0,0,0,49,2026-02-03 00:15:06.487614
RTM1C45,4.63,4.62,4.64,1000000.0,1000000.0,0,0,49,2026-02-03 00:15:06.487614
RTM1P45,0.02,0.01,0.03,1000000.0,1000000.0,0,0,49,2026-02-03 00:15:06.487614
RTM1C46,3.64,3.63,3.65,1000000.0,1000000.0,0,0,49,2026-02-03 00:15:06.487614
RTM1P46,0.02,0.01,0.03,1000000.0,1000000.0,0,0,49,2026-02-03 00:15:06.487614
RTM1C47,2.69,2.68,2.7,1000000.0,1000000.0,0,0,49,2026-02-03 00:15:06.487614
RTM1P47,0.06,0.05,0.07,1000000.0,1000000.0,0,0,49,2026-02-03 00:15:06.487614
RTM1C48,1.82,1.81,1.83,1000000.0,1000000.0,0,0,49,2026-02-03 00:15:06.487614
RTM1P48,0.2,0.19,0.21,1000000.0,1000000.0,0,0,49,2026-02-03 00:15:06.487614
RTM1C49,1.06,1.05,1.07,1000000.0,1000000.0,0,0,49,2026-02-03 00:15:06.487614
RTM1P49,0.43,0.42,0.44,1000000.0,1000000.0,0,0,49,2026-02-03 00:15:06.487614
RTM1C50,0.56,0.55,0.57,1000000.0,1000000.0,0,0,49,2026-02-03 00:15:06.487614
RTM1P50,0.93,0.92,0.94,1000000.0,1000000.0,0,0,49,2026-02-03 00:15:06.487614
RTM1C51,0.28,0.27,0.29,1000000.0,1000000.0,0,0,49,2026-02-03 00:15:06.487614
RTM1P51,1.65,1.64,1.66,1000000.0,1000000.0,0,0,49,2026-02-03 00:15:06.487614
RTM1C52,0.12,0.11,0.13,1000000.0,1000000.0,0,0,49,2026-02-03 00:15:06.487614
RTM1P52,2.49,2.48,2.5,1000000.0,1000000.0,0,0,49,2026-02-03 00:15:06.487614
RTM1C53,0.03,0.02,0.04,1000000.0,1000000.0,0,0,49,2026-02-03 00:15:06.487614
RTM1P53,3.41,3.4,3.42,1000000.0,1000000.0,0,0,49,2026-02-03 00:15:06.487614
RTM1C54,0.02,0.01,0.03,1000000.0,1000000.0,0,0,49,2026-02-03 00:15:06.487614
RTM1P54,4.38,4.37,4.39,1000000.0,1000000.0,0,0,49,2026-02-03 00:15:06.487614
RTM,49.73,49.72,49.74,100000000.0,100000000.0,0,0,50,2026-02-03 00:15:07.538047
RTM1C45,4.73,4.72,4.74,1000000.0,1000000.0,0,0,50,2026-02-03 00:15:07.538047
RTM1P45,0.02,0.01,0.03,1000000.0,1000000.0,0,0,50,2026-02-03 00:15:07.538047
RTM1C46,3.75,3.74,3.76,1000000.0,1000000.0,0,0,50,2026-02-03 00:15:07.538047
RTM1P46,0.02,0.01,0.03,1000000.0,1000000.0,0,0,50,2026-02-03 00:15:07.538047
RTM1C47,2.79,2.78,2.8,1000000.0,1000000.0,0,0,50,2026-02-03 00:15:07.538047
RTM1P47,0.06,0.05,0.07,1000000.0,1000000.0,0,0,50,2026-02-03 00:15:07.538047
RTM1C48,1.89,1.88,1.9,1000000.0,1000000.0,0,0,50,2026-02-03 00:15:07.538047
RTM1P48,0.16,0.15,0.17,1000000.0,1000000.0,0,0,50,2026-02-03 00:15:07.538047
RTM1C49,1.15,1.14,1.16,1000000.0,1000000.0,0,0,50,2026-02-03 00:15:07.538047
RTM1P49,0.41,0.4,0.42,1000000.0,1000000.0,0,0,50,2026-02-03 00:15:07.538047
RTM1C50,0.63,0.62,0.64,1000000.0,1000000.0,0,0,50,2026-02-03 00:15:07.538047
RTM1P50,0.9,0.89,0.91,1000000.0,1000000.0,0,0,50,2026-02-03 00:15:07.538047
RTM1C51,0.29,0.28,0.3,1000000.0,1000000.0,0,0,50,2026-02-03 00:15:07.538047
RTM1P51,1.56,1.55,1.57,1000000.0,1000000.0,0,0,50,2026-02-03 00:15:07.538047
RTM1C52,0.11,0.1,0.12,1000000.0,1000000.0,0,0,50,2026-02-03 00:15:07.538047
RTM1P52,2.38,2.37,2.39,1000000.0,1000000.0,0,0,50,2026-02-03 00:15:07.538047
RTM1C53,0.04,0.03,0.05,1000000.0,1000000.0,0,0,50,2026-02-03 00:15:07.538047
RTM1P53,3.31,3.3,3.32,1000000.0,1000000.0,0,0,50,2026-02-03 00:15:07.538047
RTM1C54,0.02,0.01,0.03,1000000.0,1000000.0,0,0,50,2026-02-03 00:15:07.538047
RTM1P54,4.28,4.27,4.29,1000000.0,1000000.0,0,0,50,2026-02-03 00:15:07.538047
RTM,49.67,49.66,49.68,100000000.0,100000000.0,0,0,51,2026-02-03 00:15:08.589736
RTM1C45,4.68,4.67,4.69,1000000.0,1000000.0,0,0,51,2026-02-03 00:15:08.589736
RTM1P45,0.02,0.01,0.03,1000000.0,1000000.0,0,0,51,2026-02-03 00:15:08.589736
RTM1C46,3.69,3.68,3.7,1000000.0,1000000.0,0,0,51,2026-02-03 00:15:08.589736
RTM1P46,0.02,0.01,0.03,1000000.0,1000000.0,0,0,51,2026-02-03 00:15:08.589736
RTM1C47,2.73,2.72,2.74,1000000.0,1000000.0,0,0,51,2026-02-03 00:15:08.589736
RTM1P47,0.06,0.05,0.07,1000000.0,1000000.0,0,0,51,2026-02-03 00:15:08.589736
RTM1C48,1.85,1.84,1.86,1000000.0,1000000.0,0,0,51,2026-02-03 00:15:08.589736
RTM1P48,0.17,0.16,0.18,1000000.0,1000000.0,0,0,51,2026-02-03 00:15:08.589736
RTM1C49,1.11,1.1,1.12,1000000.0,1000000.0,0,0,51,2026-02-03 00:15:08.589736
RTM1P49,0.43,0.42,0.44,1000000.0,1000000.0,0,0,51,2026-02-03 00:15:08.589736
RTM1C50,0.59,0.58,0.6,1000000.0,1000000.0,0,0,51,2026-02-03 00:15:08.589736
RTM1P50,0.92,0.91,0.93,1000000.0,1000000.0,0,0,51,2026-02-03 00:15:08.589736
RTM1C51,0.27,0.26,0.28,1000000.0,1000000.0,0,0,51,2026-02-03 00:15:08.589736
RTM1P51,1.59,1.58,1.6,1000000.0,1000000.0,0,0,51,2026-02-03 00:15:08.589736
RTM1C52,0.1,0.09,0.11,1000000.0,1000000.0,0,0,51,2026-02-03 00:15:08.589736
RTM1P52,2.43,2.42,2.44,1000000.0,1000000.0,0,0,51,2026-02-03 00:15:08.589736
RTM1C53,0.04,0.03,0.05,1000000.0,1000000.0,0,0,51,2026-02-03 00:15:08.589736
RTM1P53,3.36,3.35,3.37,1000000.0,1000000.0,0,0,51,2026-02-03 00:15:08.589736
RTM1C54,0.02,0.01,0.03,1000000.0,1000000.0,0,0,51,2026-02-03 00:15:08.589736
RTM1P54,4.33,4.32,4.34,1000000.0,1000000.0,0,0,51,2026-02-03 00:15:08.589736
RTM,49.88,49.87,49.89,100000000.0,100000000.0,0,0,52,2026-02-03 00:15:09.645127
RTM1C45,4.88,4.87,4.89,1000000.0,1000000.0,0,0,52,2026-02-03 00:15:09.645127
RTM1P45,0.02,0.01,0.03,1000000.0,1000000.0,0,0,52,2026-02-03 00:15:09.645127
RTM1C46,3.89,3.88,3.9,1000000.0,1000000.0,0,0,52,2026-02-03 00:15:09.645127
RTM1P46,0.02,0.01,0.03,1000000.0,1000000.0,0,0,52,2026-02-03 00:15:09.645127
RTM1C47,2.93,2.92,2.94,1000000.0,1000000.0,0,0,52,2026-02-03 00:15:09.645127
RTM1P47,0.05,0.04,0.06,1000000.0,1000000.0,0,0,52,2026-02-03 00:15:09.645127
RTM1C48,2.03,2.02,2.04,1000000.0,1000000.0,0,0,52,2026-02-03 00:15:09.645127
RTM1P48,0.15,0.14,0.16,1000000.0,1000000.0,0,0,52,2026-02-03 00:15:09.645127
RTM1C49,1.28,1.27,1.29,1000000.0,1000000.0,0,0,52,2026-02-03 00:15:09.645127
RTM1P49,0.4,0.39,0.41,1000000.0,1000000.0,0,0,52,2026-02-03 00:15:09.645127
RTM1C50,0.7,0.69,0.71,1000000.0,1000000.0,0,0,52,2026-02-03 00:15:09.645127
RTM1P50,0.82,0.81,0.83,1000000.0,1000000.0,0,0,52,2026-02-03 00:15:09.645127
RTM1C51,0.35,0.34,0.36,1000000.0,1000000.0,0,0,52,2026-02-03 00:15:09.645127
RTM1P51,1.47,1.46,1.48,1000000.0,1000000.0,0,0,52,2026-02-03 00:15:09.645127
RTM1C52,0.13,0.12,0.14,1000000.0,1000000.0,0,0,52,2026-02-03 00:15:09.645127
RTM1P52,2.25,2.24,2.26,1000000.0,1000000.0,0,0,52,2026-02-03 00:15:09.645127
RTM1C53,0.06,0.05,0.07,1000000.0,1000000.0,0,0,52,2026-02-03 00:15:09.645127
RTM1P53,3.18,3.17,3.19,1000000.0,1000000.0,0,0,52,2026-02-03 00:15:09.645127
RTM1C54,0.02,0.01,0.03,1000000.0,1000000.0,0,0,52,2026-02-03 00:15:09.645127
RTM1P54,4.13,4.12,4.14,1000000.0,1000000.0,0,0,52,2026-02-03 00:15:09.645127
RTM,50.0,49.99,50.01,100000000.0,100000000.0,0,0,53,2026-02-03 00:15:10.690741
RTM1C45,5.0,4.99,5.01,1000000.0,1000000.0,0,0,53,2026-02-03 00:15:10.690741
RTM1P45,0.02,0.01,0.03,1000000.0,1000000.0,0,0,53,2026-02-03 00:15:10.690741
RTM1C46,4.01,4.0,4.02,1000000.0,1000000.0,0,0,53,2026-02-03 00:15:10.690741
RTM1P46,0.02,0.01,0.03,1000000.0,1000000.0,0,0,53,2026-02-03 00:15:10.690741
RTM1C47,3.04,3.03,3.05,1000000.0,1000000.0,0,0,53,2026-02-03 00:15:10.690741
RTM1P47,0.04,0.03,0.05,1000000.0,1000000.0,0,0,53,2026-02-03 00:15:10.690741
RTM1C48,2.14,2.13,2.15,1000000.0,1000000.0,0,0,53,2026-02-03 00:15:10.690741
RTM1P48,0.14,0.13,0.15,1000000.0,1000000.0,0,0,53,2026-02-03 00:15:10.690741
RTM1C49,1.37,1.36,1.38,1000000.0,1000000.0,0,0,53,2026-02-03 00:15:10.690741
RTM1P49,0.37,0.36,0.38,1000000.0,1000000.0,0,0,53,2026-02-03 00:15:10.690741
RTM1C50,0.78,0.77,0.79,1000000.0,1000000.0,0,0,53,2026-02-03 00:15:10.690741
RTM1P50,0.78,0.77,0.79,1000000.0,1000000.0,0,0,53,2026-02-03 00:15:10.690741
RTM1C51,0.39,0.38,0.4,1000000.0,1000000.0,0,0,53,2026-02-03 00:15:10.690741
RTM1P51,1.39,1.38,1.4,1000000.0,1000000.0,0,0,53,2026-02-03 00:15:10.690741
RTM1C52,0.17,0.16,0.18,1000000.0,1000000.0,0,0,53,2026-02-03 00:15:10.690741
RTM1P52,2.17,2.16,2.18,1000000.0,1000000.0,0,0,53,2026-02-03 00:15:10.690741
RTM1C53,0.06,0.05,0.07,1000000.0,1000000.0,0,0,53,2026-02-03 00:15:10.690741
RTM1P53,3.06,3.05,3.07,1000000.0,1000000.0,0,0,53,2026-02-03 00:15:10.690741
RTM1C54,0.02,0.01,0.03,1000000.0,1000000.0,0,0,53,2026-02-03 00:15:10.690741
RTM1P54,4.02,4.01,4.03,1000000.0,1000000.0,0,0,53,2026-02-03 00:15:10.690741
RTM,50.06,50.05,50.07,100000000.0,100000000.0,0,0,54,2026-02-03 00:15:11.245541
RTM1C45,5.07,5.06,5.08,1000000.0,1000000.0,0,0,54,2026-02-03 00:15:11.245541
RTM1P45,0.02,0.01,0.03,1000000.0,1000000.0,0,0,54,2026-02-03 00:15:11.245541
RTM1C46,4.07,4.06,4.08,1000000.0,1000000.0,0,0,54,2026-02-03 00:15:11.245541
RTM1P46,0.02,0.01,0.03,1000000.0,1000000.0,0,0,54,2026-02-03 00:15:11.245541
RTM1C47,3.11,3.1,3.12,1000000.0,1000000.0,0,0,54,2026-02-03 00:15:11.245541
RTM1P47,0.04,0.03,0.05,1000000.0,1000000.0,0,0,54,2026-02-03 00:15:11.245541
RTM1C48,2.21,2.2,2.22,1000000.0,1000000.0,0,0,54,2026-02-03 00:15:11.245541
RTM1P48,0.14,0.13,0.15,1000000.0,1000000.0,0,0,54,2026-02-03 00:15:11.245541
RTM1C49,1.42,1.41,1.43,1000000.0,1000000.0,0,0,54,2026-02-03 00:15:11.245541
RTM1P49,0.36,0.35,0.37,1000000.0,1000000.0,0,0,54,2026-02-03 00:15:11.245541
RTM1C50,0.81,0.8,0.82,1000000.0,1000000.0,0,0,54,2026-02-03 00:15:11.245541
RTM1P50,0.75,0.74,0.76,1000000.0,1000000.0,0,0,54,2026-02-03 00:15:11.245541
RTM1C51,0.4,0.39,0.41,1000000.0,1000000.0,0,0,54,2026-02-03 00:15:11.245541
RTM1P51,1.33,1.32,1.34,1000000.0,1000000.0,0,0,54,2026-02-03 00:15:11.245541
RTM1C52,0.18,0.17,0.19,1000000.0,1000000.0,0,0,54,2026-02-03 00:15:11.245541
RTM1P52,2.12,2.11,2.13,1000000.0,1000000.0,0,0,54,2026-02-03 00:15:11.245541
RTM1C53,0.06,0.05,0.07,1000000.0,1000000.0,0,0,54,2026-02-03 00:15:11.245541
RTM1P53,3.0,2.99,3.01,1000000.0,1000000.0,0,0,54,2026-02-03 00:15:11.245541
RTM1C54,0.02,0.01,0.03,1000000.0,1000000.0,0,0,54,2026-02-03 00:15:11.245541
RTM1P54,3.95,3.94,3.96,1000000.0,1000000.0,0,0,54,2026-02-03 00:15:11.245541
RTM,49.92,49.91,49.93,100000000.0,100000000.0,0,0,55,2026-02-03 00:15:12.298257
RTM1C45,4.92,4.91,4.93,1000000.0,1000000.0,0,0,55,2026-02-03 00:15:12.298257
RTM1P45,0.02,0.01,0.03,1000000.0,1000000.0,0,0,55,2026-02-03 00:15:12.298257
RTM1C46,3.94,3.93,3.95,1000000.0,1000000.0,0,0,55,2026-02-03 00:15:12.298257
RTM1P46,0.02,0.01,0.03,1000000.0,1000000.0,0,0,55,2026-02-03 00:15:12.298257
RTM1C47,2.97,2.96,2.98,1000000.0,1000000.0,0,0,55,2026-02-03 00:15:12.298257
RTM1P47,0.05,0.04,0.06,1000000.0,1000000.0,0,0,55,2026-02-03 00:15:12.298257
RTM1C48,2.07,2.06,2.08,1000000.0,1000000.0,0,0,55,2026-02-03 00:15:12.298257
RTM1P48,0.15,0.14,0.16,1000000.0,1000000.0,0,0,55,2026-02-03 00:15:12.298257
RTM1C49,1.33,1.32,1.34,1000000.0,1000000.0,0,0,55,2026-02-03 00:15:12.298257
RTM1P49,0.41,0.4,0.42,1000000.0,1000000.0,0,0,55,2026-02-03 00:15:12.298257
RTM1C50,0.73,0.72,0.74,1000000.0,1000000.0,0,0,55,2026-02-03 00:15:12.298257
RTM1P50,0.8,0.79,0.81,1000000.0,1000000.0,0,0,55,2026-02-03 00:15:12.298257
RTM1C51,0.36,0.35,0.37,1000000.0,1000000.0,0,0,55,2026-02-03 00:15:12.298257
RTM1P51,1.44,1.43,1.45,1000000.0,1000000.0,0,0,55,2026-02-03 00:15:12.298257
RTM1C52,0.13,0.12,0.14,1000000.0,1000000.0,0,0,55,2026-02-03 00:15:12.298257
RTM1P52,2.2,2.19,2.21,1000000.0,1000000.0,0,0,55,2026-02-03 00:15:12.298257
RTM1C53,0.06,0.05,0.07,1000000.0,1000000.0,0,0,55,2026-02-03 00:15:12.298257
RTM1P53,3.13,3.12,3.14,1000000.0,1000000.0,0,0,55,2026-02-03 00:15:12.298257
RTM1C54,0.02,0.01,0.03,1000000.0,1000000.0,0,0,55,2026-02-03 00:15:12.298257
RTM1P54,4.09,4.08,4.1,1000000.0,1000000.0,0,0,55,2026-02-03 00:15:12.298257
RTM,49.97,49.96,49.98,100000000.0,100000000.0,0,0,56,2026-02-03 00:15:13.341535
RTM1C45,4.97,4.96,4.98,1000000.0,1000000.0,0,0,56,2026-02-03 00:15:13.341535
RTM1P45,0.02,0.01,0.03,1000000.0,1000000.0,0,0,56,2026-02-03 00:15:13.341535
RTM1C46,3.98,3.97,3.99,1000000.0,1000000.0,0,0,56,2026-02-03 00:15:13.341535
RTM1P46,0.02,0.01,0.03,1000000.0,1000000.0,0,0,56,2026-02-03 00:15:13.341535
RTM1C47,3.02,3.01,3.03,1000000.0,1000000.0,0,0,56,2026-02-03 00:15:13.341535
RTM1P47,0.05,0.04,0.06,1000000.0,1000000.0,0,0,56,2026-02-03 00:15:13.341535
RTM1C48,2.11,2.1,2.12,1000000.0,1000000.0,0,0,56,2026-02-03 00:15:13.341535
RTM1P48,0.14,0.13,0.15,1000000.0,1000000.0,0,0,56,2026-02-03 00:15:13.341535
RTM1C49,1.35,1.34,1.36,1000000.0,1000000.0,0,0,56,2026-02-03 00:15:13.341535
RTM1P49,0.38,0.37,0.39,1000000.0,1000000.0,0,0,56,2026-02-03 00:15:13.341535
RTM1C50,0.78,0.77,0.79,1000000.0,1000000.0,0,0,56,2026-02-03 00:15:13.341535
RTM1P50,0.8,0.79,0.81,1000000.0,1000000.0,0,0,56,2026-02-03 00:15:13.341535
RTM1C51,0.39,0.38,0.4,1000000.0,1000000.0,0,0,56,2026-02-03 00:15:13.341535
RTM1P51,1.41,1.4,1.42,1000000.0,1000000.0,0,0,56,2026-02-03 00:15:13.341535
RTM1C52,0.14,0.13,0.15,1000000.0,1000000.0,0,0,56,2026-02-03 00:15:13.341535
RTM1P52,2.17,2.16,2.18,1000000.0,1000000.0,0,0,56,2026-02-03 00:15:13.341535
RTM1C53,0.06,0.05,0.07,1000000.0,1000000.0,0,0,56,2026-02-03 00:15:13.341535
RTM1P53,3.08,3.07,3.09,1000000.0,1000000.0,0,0,56,2026-02-03 00:15:13.341535
RTM1C54,0.02,0.01,0.03,1000000.0,1000000.0,0,0,56,2026-02-03 00:15:13.341535
RTM1P54,4.05,4.04,4.06,1000000.0,1000000.0,0,0,56,2026-02-03 00:15:13.341535
RTM,49.94,49.93,49.95,100000000.0,100000000.0,0,0,57,2026-02-03 00:15:14.398217
RTM1C45,4.95,4.94,4.96,1000000.0,1000000.0,0,0,57,2026-02-03 00:15:14.398217
RTM1P45,0.02,0.01,0.03,1000000.0,1000000.0,0,0,57,2026-02-03 00:15:14.398217
RTM1C46,3.96,3.95,3.97,1000000.0,1000000.0,0,0,57,2026-02-03 00:15:14.398217
RTM1P46,0.02,0.01,0.03,1000000.0,1000000.0,0,0,57,2026-02-03 00:15:14.398217
RTM1C47,2.99,2.98,3.0,1000000.0,1000000.0,0,0,57,2026-02-03 00:15:14.398217
RTM1P47,0.05,0.04,0.06,1000000.0,1000000.0,0,0,57,2026-02-03 00:15:14.398217
RTM1C48,2.1,2.09,2.11,1000000.0,1000000.0,0,0,57,2026-02-03 00:15:14.398217
RTM1P48,0.15,0.14,0.16,1000000.0,1000000.0,0,0,57,2026-02-03 00:15:14.398217
RTM1C49,1.34,1.33,1.35,1000000.0,1000000.0,0,0,57,2026-02-03 00:15:14.398217
RTM1P49,0.4,0.39,0.41,1000000.0,1000000.0,0,0,57,2026-02-03 00:15:14.398217
RTM1C50,0.76,0.75,0.77,1000000.0,1000000.0,0,0,57,2026-02-03 00:15:14.398217
RTM1P50,0.82,0.81,0.83,1000000.0,1000000.0,0,0,57,2026-02-03 00:15:14.398217
RTM1C51,0.37,0.36,0.38,1000000.0,1000000.0,0,0,57,2026-02-03 00:15:14.398217
RTM1P51,1.43,1.42,1.44,1000000.0,1000000.0,0,0,57,2026-02-03 00:15:14.398217
RTM1C52,0.15,0.14,0.16,1000000.0,1000000.0,0,0,57,2026-02-03 00:15:14.398217
RTM1P52,2.21,2.2,2.22,1000000.0,1000000.0,0,0,57,2026-02-03 00:15:14.398217
RTM1C53,0.06,0.05,0.07,1000000.0,1000000.0,0,0,57,2026-02-03 00:15:14.398217
RTM1P53,3.11,3.1,3.12,1000000.0,1000000.0,0,0,57,2026-02-03 00:15:14.398217
RTM1C54,0.02,0.01,0.03,1000000.0,1000000.0,0,0,57,2026-02-03 00:15:14.398217
RTM1P54,4.07,4.06,4.08,1000000.0,1000000.0,0,0,57,2026-02-03 00:15:14.398217
RTM,49.73,49.72,49.74,100000000.0,100000000.0,0,0,58,2026-02-03 00:15:15.448187
RTM1C45,4.73,4.72,4.74,1000000.0,1000000.0,0,0,58,2026-02-03 00:15:15.448187
RTM1P45,0.02,0.01,0.03,1000000.0,1000000.0,0,0,58,2026-02-03 00:15:15.448187
RTM1C46,3.75,3.74,3.76,1000000.0,1000000.0,0,0,58,2026-02-03 00:15:15.448187
RTM1P46,0.02,0.01,0.03,1000000.0,1000000.0,0,0,58,2026-02-03 00:15:15.448187
RTM1C47,2.79,2.78,2.8,1000000.0,1000000.0,0,0,58,2026-02-03 00:15:15.448187
RTM1P47,0.06,0.05,0.07,1000000.0,1000000.0,0,0,58,2026-02-03 00:15:15.448187
RTM1C48,1.91,1.9,1.92,1000000.0,1000000.0,0,0,58,2026-02-03 00:15:15.448187
RTM1P48,0.18,0.17,0.19,1000000.0,1000000.0,0,0,58,2026-02-03 00:15:15.448187
RTM1C49,1.2,1.19,1.21,1000000.0,1000000.0,0,0,58,2026-02-03 00:15:15.448187
RTM1P49,0.47,0.46,0.48,1000000.0,1000000.0,0,0,58,2026-02-03 00:15:15.448187
RTM1C50,0.65,0.64,0.66,1000000.0,1000000.0,0,0,58,2026-02-03 00:15:15.448187
RTM1P50,0.92,0.91,0.93,1000000.0,1000000.0,0,0,58,2026-02-03 00:15:15.448187
RTM1C51,0.3,0.29,0.31,1000000.0,1000000.0,0,0,58,2026-02-03 00:15:15.448187
RTM1P51,1.57,1.56,1.58,1000000.0,1000000.0,0,0,58,2026-02-03 00:15:15.448187
RTM1C52,0.11,0.1,0.12,1000000.0,1000000.0,0,0,58,2026-02-03 00:15:15.448187
RTM1P52,2.38,2.37,2.39,1000000.0,1000000.0,0,0,58,2026-02-03 00:15:15.448187
RTM1C53,0.05,0.04,0.06,1000000.0,1000000.0,0,0,58,2026-02-03 00:15:15.448187
RTM1P53,3.32,3.31,3.33,1000000.0,1000000.0,0,0,58,2026-02-03 00:15:15.448187
RTM1C54,0.02,0.01,0.03,1000000.0,1000000.0,0,0,58,2026-02-03 00:15:15.448187
RTM1P54,4.29,4.28,4.3,1000000.0,1000000.0,0,0,58,2026-02-03 00:15:15.448187
RTM,49.78,49.77,49.79,100000000.0,100000000.0,0,0,59,2026-02-03 00:15:16.490367
RTM1C45,4.78,4.77,4.79,1000000.0,1000000.0,0,0,59,2026-02-03 00:15:16.490367
RTM1P45,0.02,0.01,0.03,1000000.0,1000000.0,0,0,59,2026-02-03 00:15:16.490367
RTM1C46,3.79,3.78,3.8,1000000.0,1000000.0,0,0,59,2026-02-03 00:15:16.490367
RTM1P46,0.02,0.01,0.03,1000000.0,1000000.0,0,0,59,2026-02-03 00:15:16.490367
RTM1C47,2.84,2.83,2.85,1000000.0,1000000.0,0,0,59,2026-02-03 00:15:16.490367
RTM1P47,0.06,0.05,0.07,1000000.0,1000000.0,0,0,59,2026-02-03 00:15:16.490367
RTM1C48,1.96,1.95,1.97,1000000.0,1000000.0,0,0,59,2026-02-03 00:15:16.490367
RTM1P48,0.19,0.18,0.2,1000000.0,1000000.0,0,0,59,2026-02-03 00:15:16.490367
RTM1C49,1.22,1.21,1.23,1000000.0,1000000.0,0,0,59,2026-02-03 00:15:16.490367
RTM1P49,0.44,0.43,0.45,1000000.0,1000000.0,0,0,59,2026-02-03 00:15:16.490367
RTM1C50,0.67,0.66,0.68,1000000.0,1000000.0,0,0,59,2026-02-03 00:15:16.490367
RTM1P50,0.89,0.88,0.9,1000000.0,1000000.0,0,0,59,2026-02-03 00:15:16.490367
RTM1C51,0.33,0.32,0.34,1000000.0,1000000.0,0,0,59,2026-02-03 00:15:16.490367
RTM1P51,1.55,1.54,1.56,1000000.0,1000000.0,0,0,59,2026-02-03 00:15:16.490367
RTM1C52,0.13,0.12,0.14,1000000.0,1000000.0,0,0,59,2026-02-03 00:15:16.490367
RTM1P52,2.35,2.34,2.36,1000000.0,1000000.0,0,0,59,2026-02-03 00:15:16.490367
RTM1C53,0.05,0.04,0.06,1000000.0,1000000.0,0,0,59,2026-02-03 00:15:16.490367
RTM1P53,3.27,3.26,3.28,1000000.0,1000000.0,0,0,59,2026-02-03 00:15:16.490367
RTM1C54,0.02,0.01,0.03,1000000.0,1000000.0,0,0,59,2026-02-03 00:15:16.490367
RTM1P54,4.24,4.23,4.25,1000000.0,1000000.0,0,0,59,2026-02-03 00:15:16.490367
RTM,49.74,49.73,49.75,100000000.0,100000000.0,0,0,60,2026-02-03 00:15:17.563588
RTM1C45,4.74,4.73,4.75,1000000.0,1000000.0,0,0,60,2026-02-03 00:15:17.563588
RTM1P45,0.02,0.01,0.03,1000000.0,1000000.0,0,0,60,2026-02-03 00:15:17.563588
RTM1C46,3.76,3.75,3.77,1000000.0,1000000.0,0,0,60,2026-02-03 00:15:17.563588
RTM1P46,0.02,0.01,0.03,1000000.0,1000000.0,0,0,60,2026-02-03 00:15:17.563588
RTM1C47,2.8,2.79,2.81,1000000.0,1000000.0,0,0,60,2026-02-03 00:15:17.563588
RTM1P47,0.06,0.05,0.07,1000000.0,1000000.0,0,0,60,2026-02-03 00:15:17.563588
RTM1C48,1.92,1.91,1.93,1000000.0,1000000.0,0,0,60,2026-02-03 00:15:17.563588
RTM1P48,0.18,0.17,0.19,1000000.0,1000000.0,0,0,60,2026-02-03 00:15:17.563588
RTM1C49,1.2,1.19,1.21,1000000.0,1000000.0,0,0,60,2026-02-03 00:15:17.563588
RTM1P49,0.46,0.45,0.47,1000000.0,1000000.0,0,0,60,2026-02-03 00:15:17.563588
RTM1C50,0.66,0.65,0.67,1000000.0,1000000.0,0,0,60,2026-02-03 00:15:17.563588
RTM1P50,0.93,0.92,0.94,1000000.0,1000000.0,0,0,60,2026-02-03 00:15:17.563588
RTM1C51,0.32,0.31,0.33,1000000.0,1000000.0,0,0,60,2026-02-03 00:15:17.563588
RTM1P51,1.58,1.57,1.59,1000000.0,1000000.0,0,0,60,2026-02-03 00:15:17.563588
RTM1C52,0.12,0.11,0.13,1000000.0,1000000.0,0,0,60,2026-02-03 00:15:17.563588
RTM1P52,2.38,2.37,2.39,1000000.0,1000000.0,0,0,60,2026-02-03 00:15:17.563588
RTM1C53,0.04,0.03,0.05,1000000.0,1000000.0,0,0,60,2026-02-03 00:15:17.563588
RTM1P53,3.3,3.29,3.31,1000000.0,1000000.0,0,0,60,2026-02-03 00:15:17.563588
RTM1C54,0.02,0.01,0.03,1000000.0,1000000.0,0,0,60,2026-02-03 00:15:17.563588
RTM1P54,4.28,4.27,4.29,1000000.0,1000000.0,0,0,60,2026-02-03 00:15:17.563588
RTM,49.67,49.66,49.68,100000000.0,100000000.0,0,0,61,2026-02-03 00:15:18.621805
RTM1C45,4.67,4.66,4.68,1000000.0,1000000.0,0,0,61,2026-02-03 00:15:18.621805
RTM1P45,0.02,0.01,0.03,1000000.0,1000000.0,0,0,61,2026-02-03 00:15:18.621805
RTM1C46,3.69,3.68,3.7,1000000.0,1000000.0,0,0,61,2026-02-03 00:15:18.621805
RTM1P46,0.02,0.01,0.03,1000000.0,1000000.0,0,0,61,2026-02-03 00:15:18.621805
RTM1C47,2.74,2.73,2.75,1000000.0,1000000.0,0,0,61,2026-02-03 00:15:18.621805
RTM1P47,0.07,0.06,0.08,1000000.0,1000000.0,0,0,61,2026-02-03 00:15:18.621805
RTM1C48,1.88,1.87,1.89,1000000.0,1000000.0,0,0,61,2026-02-03 00:15:18.621805
RTM1P48,0.21,0.2,0.22,1000000.0,1000000.0,0,0,61,2026-02-03 00:15:18.621805
RTM1C49,1.15,1.14,1.16,1000000.0,1000000.0,0,0,61,2026-02-03 00:15:18.621805
RTM1P49,0.48,0.47,0.49,1000000.0,1000000.0,0,0,61,2026-02-03 00:15:18.621805
RTM1C50,0.63,0.62,0.64,1000000.0,1000000.0,0,0,61,2026-02-03 00:15:18.621805
RTM1P50,0.96,0.95,0.97,1000000.0,1000000.0,0,0,61,2026-02-03 00:15:18.621805
RTM1C51,0.29,0.28,0.3,1000000.0,1000000.0,0,0,61,2026-02-03 00:15:18.621805
RTM1P51,1.62,1.61,1.63,1000000.0,1000000.0,0,0,61,2026-02-03 00:15:18.621805
RTM1C52,0.12,0.11,0.13,1000000.0,1000000.0,0,0,61,2026-02-03 00:15:18.621805
RTM1P52,2.45,2.44,2.46,1000000.0,1000000.0,0,0,61,2026-02-03 00:15:18.621805
RTM1C53,0.04,0.03,0.05,1000000.0,1000000.0,0,0,61,2026-02-03 00:15:18.621805
RTM1P53,3.37,3.36,3.38,1000000.0,1000000.0,0,0,61,2026-02-03 00:15:18.621805
RTM1C54,0.02,0.01,0.03,1000000.0,1000000.0,0,0,61,2026-02-03 00:15:18.621805
RTM1P54,4.34,4.33,4.35,1000000.0,1000000.0,0,0,61,2026-02-03 00:15:18.621805
RTM,49.72,49.71,49.73,100000000.0,100000000.0,0,0,62,2026-02-03 00:15:19.673470
RTM1C45,4.72,4.71,4.73,1000000.0,1000000.0,0,0,62,2026-02-03 00:15:19.673470
RTM1P45,0.02,0.01,0.03,1000000.0,1000000.0,0,0,62,2026-02-03 00:15:19.673470
RTM1C46,3.74,3.73,3.75,1000000.0,1000000.0,0,0,62,2026-02-03 00:15:19.673470
RTM1P46,0.02,0.01,0.03,1000000.0,1000000.0,0,0,62,2026-02-03 00:15:19.673470
RTM1C47,2.78,2.77,2.79,1000000.0,1000000.0,0,0,62,2026-02-03 00:15:19.673470
RTM1P47,0.06,0.05,0.07,1000000.0,1000000.0,0,0,62,2026-02-03 00:15:19.673470
RTM1C48,1.92,1.91,1.93,1000000.0,1000000.0,0,0,62,2026-02-03 00:15:19.673470
RTM1P48,0.2,0.19,0.21,1000000.0,1000000.0,0,0,62,2026-02-03 00:15:19.673470
