ticker,last_price,bid_price,ask_price,BUY_ANON,SELL_ANON,BUY_DUBL-1,SELL_GIOT-1,BUY_UEBR-3,BUY_GIOT-1,SELL_DUBL-1,BUY_UBCT-2,SELL_UBCT-2,SELL_UEBR-3,tick,timestamp,news_news_id,news_period,news_tick,news_ticker,news_headline,news_body
RTM,49.78,49.77,49.79,100000000.0,100000000.0,0,0,0,0,0,0,0,0,2,2026-02-05 04:36:25.102709,2.0,1.0,1.0,Week 1,Delta limit and penalty,The delta limit for this sub-heat is 8000 and the penalty percentage is 3%
RTM1C45,4.9,4.9,4.92,1000000.0,1000000.0,0,0,0,0,0,0,0,0,2,2026-02-05 04:36:25.102709,1.0,1.0,1.0,Week 1,Risk free rate and current annualized volatility of RTM,The current risk free rate is 0%. RTM is an ETF that mimics one of the major indices in the simulated world and its current annualized realized volatility is 32%. This simulation consists of 20 trading days that are each 15 ticks in length.
RTM1P45,0.13,0.12,0.14,1000000.0,1000000.0,0,0,0,0,0,0,0,0,2,2026-02-05 04:36:25.102709,,,,,,
RTM1C46,4.0,3.99,4.01,1000000.0,1000000.0,0,0,0,0,0,0,0,0,2,2026-02-05 04:36:25.102709,,,,,,
RTM1P46,0.22,0.21,0.23,1000000.0,1000000.0,0,0,0,0,0,0,0,0,2,2026-02-05 04:36:25.102709,,,,,,
RTM1C47,3.19,3.18,3.2,1000000.0,1000000.0,0,0,0,0,0,0,0,0,2,2026-02-05 04:36:25.102709,,,,,,
RTM1P47,0.41,0.4,0.42,1000000.0,1000000.0,0,0,0,0,0,0,0,0,2,2026-02-05 04:36:25.102709,,,,,,
RTM1C48,2.24,2.23,2.25,1000000.0,1000000.0,0,0,0,0,0,0,0,0,2,2026-02-05 04:36:25.102709,,,,,,
RTM1P48,0.46,0.45,0.47,1000000.0,1000000.0,0,0,0,0,0,0,0,0,2,2026-02-05 04:36:25.102709,,,,,,
RTM1C49,1.88,1.87,1.89,1000000.0,1000000.0,0,0,0,0,0,0,0,0,2,2026-02-05 04:36:25.102709,,,,,,
RTM1P49,1.11,1.1,1.12,1000000.0,1000000.0,0,0,0,0,0,0,0,0,2,2026-02-05 04:36:25.102709,,,,,,
RTM1C50,1.37,1.36,1.38,1000000.0,1000000.0,0,0,0,0,0,0,0,0,2,2026-02-05 04:36:25.102709,,,,,,
RTM1P50,1.59,1.58,1.6,1000000.0,1000000.0,0,0,0,0,0,0,0,0,2,2026-02-05 04:36:25.102709,,,,,,
RTM1C51,0.67,0.65,0.67,1000000.0,1000000.0,0,0,0,0,0,0,0,0,2,2026-02-05 04:36:25.102709,,,,,,
RTM1P51,1.88,1.87,1.89,1000000.0,1000000.0,0,0,0,0,0,0,0,0,2,2026-02-05 04:36:25.102709,,,,,,
RTM1C52,0.36,0.35,0.37,1000000.0,1000000.0,0,0,0,0,0,0,0,0,2,2026-02-05 04:36:25.102709,,,,,,
RTM1P52,2.58,2.57,2.59,1000000.0,1000000.0,0,0,0,0,0,0,0,0,2,2026-02-05 04:36:25.102709,,,,,,
RTM1C53,0.29,0.28,0.3,1000000.0,1000000.0,0,0,0,0,0,0,0,0,2,2026-02-05 04:36:25.102709,,,,,,
RTM1P53,3.51,3.5,3.52,1000000.0,1000000.0,0,0,0,0,0,0,0,0,2,2026-02-05 04:36:25.102709,,,,,,
RTM1C54,0.25,0.24,0.26,1000000.0,1000000.0,0,0,0,0,0,0,0,0,2,2026-02-05 04:36:25.102709,,,,,,
RTM1P54,4.47,4.46,4.48,1000000.0,1000000.0,0,0,0,0,0,0,0,0,2,2026-02-05 04:36:25.102709,,,,,,
RTM,49.85,49.84,49.86,100000000.0,100000000.0,0,0,0,0,0,0,0,0,3,2026-02-05 04:36:25.942115
RTM1C45,4.9,4.89,4.91,1000000.0,1000000.0,0,0,0,0,0,0,0,0,3,2026-02-05 04:36:25.942115
RTM1P45,0.05,0.04,0.06,1000000.0,1000000.0,0,0,0,0,0,0,0,0,3,2026-02-05 04:36:25.942115
RTM1C46,4.0,3.99,4.01,1000000.0,1000000.0,0,0,0,0,0,0,0,0,3,2026-02-05 04:36:25.942115
RTM1P46,0.14,0.13,0.15,1000000.0,1000000.0,0,0,0,0,0,0,0,0,3,2026-02-05 04:36:25.942115
RTM1C47,3.1,3.09,3.11,1000000.0,1000000.0,0,0,0,0,0,0,0,0,3,2026-02-05 04:36:25.942115
RTM1P47,0.24,0.23,0.25,1000000.0,1000000.0,0,0,0,0,0,0,0,0,3,2026-02-05 04:36:25.942115
RTM1C48,2.39,2.38,2.4,1000000.0,1000000.0,0,0,0,0,0,0,0,0,3,2026-02-05 04:36:25.942115
RTM1P48,0.53,0.52,0.54,1000000.0,1000000.0,0,0,0,0,0,0,0,0,3,2026-02-05 04:36:25.942115
RTM1C49,1.7,1.69,1.71,1000000.0,1000000.0,0,0,0,0,0,0,0,0,3,2026-02-05 04:36:25.942115
RTM1P49,0.85,0.84,0.86,1000000.0,1000000.0,0,0,0,0,0,0,0,0,3,2026-02-05 04:36:25.942115
RTM1C50,1.39,1.38,1.4,1000000.0,1000000.0,0,0,0,0,0,0,0,0,3,2026-02-05 04:36:25.942115
RTM1P50,1.54,1.53,1.55,1000000.0,1000000.0,0,0,0,0,0,0,0,0,3,2026-02-05 04:36:25.942115
RTM1C51,0.68,0.67,0.69,1000000.0,1000000.0,0,0,0,0,0,0,0,0,3,2026-02-05 04:36:25.942115
RTM1P51,1.83,1.82,1.84,1000000.0,1000000.0,0,0,0,0,0,0,0,0,3,2026-02-05 04:36:25.942115
RTM1C52,0.66,0.65,0.67,1000000.0,1000000.0,0,0,0,0,0,0,0,0,3,2026-02-05 04:36:25.942115
RTM1P52,2.81,2.8,2.82,1000000.0,1000000.0,0,0,0,0,0,0,0,0,3,2026-02-05 04:36:25.942115
RTM1C53,0.43,0.42,0.44,1000000.0,1000000.0,0,0,0,0,0,0,0,0,3,2026-02-05 04:36:25.942115
RTM1P53,3.58,3.57,3.59,1000000.0,1000000.0,0,0,0,0,0,0,0,0,3,2026-02-05 04:36:25.942115
RTM1C54,0.11,0.1,0.12,1000000.0,1000000.0,0,0,0,0,0,0,0,0,3,2026-02-05 04:36:25.942115
RTM1P54,4.26,4.25,4.27,1000000.0,1000000.0,0,0,0,0,0,0,0,0,3,2026-02-05 04:36:25.942115
RTM,50.01,50.0,50.02,100000000.0,100000000.0,0,0,0,0,0,0,0,0,4,2026-02-05 04:36:27.093016
RTM1C45,5.07,5.06,5.08,1000000.0,1000000.0,0,0,0,0,0,0,0,0,4,2026-02-05 04:36:27.093016
RTM1P45,0.06,0.05,0.07,1000000.0,1000000.0,0,0,0,0,0,0,0,0,4,2026-02-05 04:36:27.093016
RTM1C46,4.19,4.18,4.2,1000000.0,1000000.0,0,0,0,0,0,0,0,0,4,2026-02-05 04:36:27.093016
RTM1P46,0.19,0.18,0.2,1000000.0,1000000.0,0,0,0,0,0,0,0,0,4,2026-02-05 04:36:27.093016
RTM1C47,3.34,3.33,3.35,1000000.0,1000000.0,0,0,0,0,0,0,0,0,4,2026-02-05 04:36:27.093016
RTM1P47,0.33,0.32,0.34,1000000.0,1000000.0,0,0,0,0,0,0,0,0,4,2026-02-05 04:36:27.093016
RTM1C48,2.44,2.43,2.45,1000000.0,1000000.0,0,0,0,0,0,0,0,0,4,2026-02-05 04:36:27.093016
RTM1P48,0.43,0.42,0.44,1000000.0,1000000.0,0,0,0,0,0,0,0,0,4,2026-02-05 04:36:27.093016
RTM1C49,1.72,1.71,1.73,1000000.0,1000000.0,0,0,0,0,0,0,0,0,4,2026-02-05 04:36:27.093016
RTM1P49,0.72,0.71,0.73,1000000.0,1000000.0,0,0,0,0,0,0,0,0,4,2026-02-05 04:36:27.093016
RTM1C50,1.27,1.26,1.28,1000000.0,1000000.0,0,0,0,0,0,0,0,0,4,2026-02-05 04:36:27.093016
RTM1P50,1.26,1.25,1.27,1000000.0,1000000.0,0,0,0,0,0,0,0,0,4,2026-02-05 04:36:27.093016
RTM1C51,1.04,1.03,1.05,1000000.0,1000000.0,0,0,0,0,0,0,0,0,4,2026-02-05 04:36:27.093016
RTM1P51,2.03,2.02,2.04,1000000.0,1000000.0,0,0,0,0,0,0,0,0,4,2026-02-05 04:36:27.093016
RTM1C52,0.66,0.65,0.67,1000000.0,1000000.0,0,0,0,0,0,0,0,0,4,2026-02-05 04:36:27.093016
RTM1P52,2.66,2.65,2.67,1000000.0,1000000.0,0,0,0,0,0,0,0,0,4,2026-02-05 04:36:27.093016
RTM1C53,0.4,0.39,0.41,1000000.0,1000000.0,0,0,0,0,0,0,0,0,4,2026-02-05 04:36:27.093016
RTM1P53,3.39,3.38,3.4,1000000.0,1000000.0,0,0,0,0,0,0,0,0,4,2026-02-05 04:36:27.093016
RTM1C54,0.27,0.26,0.28,1000000.0,1000000.0,0,0,0,0,0,0,0,0,4,2026-02-05 04:36:27.093016
RTM1P54,4.27,4.26,4.28,1000000.0,1000000.0,0,0,0,0,0,0,0,0,4,2026-02-05 04:36:27.093016
RTM,49.96,49.96,49.98,100000000.0,100000000.0,0,0,0,0,0,0,0,0,5,2026-02-05 04:36:28.256659
RTM1C45,5.04,5.03,5.05,1000000.0,1000000.0,0,0,0,0,0,0,0,0,5,2026-02-05 04:36:28.256659
RTM1P45,0.08,0.07,0.09,1000000.0,1000000.0,0,0,0,0,0,0,0,0,5,2026-02-05 04:36:28.256659
RTM1C46,4.11,4.1,4.12,1000000.0,1000000.0,0,0,0,0,0,0,0,0,5,2026-02-05 04:36:28.256659
RTM1P46,0.14,0.13,0.15,1000000.0,1000000.0,0,0,0,0,0,0,0,0,5,2026-02-05 04:36:28.256659
RTM1C47,3.21,3.2,3.22,1000000.0,1000000.0,0,0,0,0,0,0,0,0,5,2026-02-05 04:36:28.256659
RTM1P47,0.24,0.23,0.25,1000000.0,1000000.0,0,0,0,0,0,0,0,0,5,2026-02-05 04:36:28.256659
RTM1C48,2.42,2.41,2.43,1000000.0,1000000.0,0,0,0,0,0,0,0,0,5,2026-02-05 04:36:28.256659
RTM1P48,0.45,0.44,0.46,1000000.0,1000000.0,0,0,0,0,0,0,0,0,5,2026-02-05 04:36:28.256659
RTM1C49,1.71,1.7,1.72,1000000.0,1000000.0,0,0,0,0,0,0,0,0,5,2026-02-05 04:36:28.256659
RTM1P49,0.74,0.73,0.75,1000000.0,1000000.0,0,0,0,0,0,0,0,0,5,2026-02-05 04:36:28.256659
RTM1C50,1.32,1.31,1.33,1000000.0,1000000.0,0,0,0,0,0,0,0,0,5,2026-02-05 04:36:28.256659
RTM1P50,1.36,1.35,1.37,1000000.0,1000000.0,0,0,0,0,0,0,0,0,5,2026-02-05 04:36:28.256659
RTM1C51,0.74,0.73,0.75,1000000.0,1000000.0,0,0,0,0,0,0,0,0,5,2026-02-05 04:36:28.256659
RTM1P51,1.77,1.76,1.78,1000000.0,1000000.0,0,0,0,0,0,0,0,0,5,2026-02-05 04:36:28.256659
RTM1C52,0.44,0.43,0.45,1000000.0,1000000.0,0,0,0,0,0,0,0,0,5,2026-02-05 04:36:28.256659
RTM1P52,2.48,2.47,2.49,1000000.0,1000000.0,0,0,0,0,0,0,0,0,5,2026-02-05 04:36:28.256659
RTM1C53,0.34,0.33,0.35,1000000.0,1000000.0,0,0,0,0,0,0,0,0,5,2026-02-05 04:36:28.256659
RTM1P53,3.37,3.36,3.38,1000000.0,1000000.0,0,0,0,0,0,0,0,0,5,2026-02-05 04:36:28.256659
RTM1C54,0.15,0.14,0.16,1000000.0,1000000.0,0,0,0,0,0,0,0,0,5,2026-02-05 04:36:28.256659
RTM1P54,4.18,4.17,4.19,1000000.0,1000000.0,0,0,0,0,0,0,0,0,5,2026-02-05 04:36:28.256659
RTM,49.54,49.53,49.55,100000000.0,100000000.0,0,0,0,0,0,0,0,0,6,2026-02-05 04:36:28.872027
RTM1C45,4.64,4.63,4.65,1000000.0,1000000.0,0,0,0,0,0,0,0,0,6,2026-02-05 04:36:28.872027
RTM1P45,0.1,0.09,0.11,1000000.0,1000000.0,0,0,0,0,0,0,0,0,6,2026-02-05 04:36:28.872027
RTM1C46,3.72,3.71,3.73,1000000.0,1000000.0,0,0,0,0,0,0,0,0,6,2026-02-05 04:36:28.872027
RTM1P46,0.18,0.17,0.19,1000000.0,1000000.0,0,0,0,0,0,0,0,0,6,2026-02-05 04:36:28.872027
RTM1C47,2.99,2.98,3.0,1000000.0,1000000.0,0,0,0,0,0,0,0,0,6,2026-02-05 04:36:28.872027
RTM1P47,0.45,0.44,0.46,1000000.0,1000000.0,0,0,0,0,0,0,0,0,6,2026-02-05 04:36:28.872027
RTM1C48,2.15,2.14,2.16,1000000.0,1000000.0,0,0,0,0,0,0,0,0,6,2026-02-05 04:36:28.872027
RTM1P48,0.61,0.6,0.62,1000000.0,1000000.0,0,0,0,0,0,0,0,0,6,2026-02-05 04:36:28.872027
RTM1C49,1.61,1.6,1.62,1000000.0,1000000.0,0,0,0,0,0,0,0,0,6,2026-02-05 04:36:28.872027
RTM1P49,1.07,1.06,1.08,1000000.0,1000000.0,0,0,0,0,0,0,0,0,6,2026-02-05 04:36:28.872027
RTM1C50,1.06,1.05,1.07,1000000.0,1000000.0,0,0,0,0,0,0,0,0,6,2026-02-05 04:36:28.872027
RTM1P50,1.52,1.51,1.53,1000000.0,1000000.0,0,0,0,0,0,0,0,0,6,2026-02-05 04:36:28.872027
RTM1C51,0.81,0.8,0.82,1000000.0,1000000.0,0,0,0,0,0,0,0,0,6,2026-02-05 04:36:28.872027
RTM1P51,2.27,2.26,2.28,1000000.0,1000000.0,0,0,0,0,0,0,0,0,6,2026-02-05 04:36:28.872027
RTM1C52,0.4,0.39,0.41,1000000.0,1000000.0,0,0,0,0,0,0,0,0,6,2026-02-05 04:36:28.872027
RTM1P52,2.86,2.85,2.87,1000000.0,1000000.0,0,0,0,0,0,0,0,0,6,2026-02-05 04:36:28.872027
RTM1C53,0.28,0.27,0.29,1000000.0,1000000.0,0,0,0,0,0,0,0,0,6,2026-02-05 04:36:28.872027
RTM1P53,3.74,3.73,3.75,1000000.0,1000000.0,0,0,0,0,0,0,0,0,6,2026-02-05 04:36:28.872027
RTM1C54,0.12,0.11,0.13,1000000.0,1000000.0,0,0,0,0,0,0,0,0,6,2026-02-05 04:36:28.872027
RTM1P54,4.58,4.57,4.59,1000000.0,1000000.0,0,0,0,0,0,0,0,0,6,2026-02-05 04:36:28.872027
RTM,49.55,49.54,49.56,100000000.0,100000000.0,0,0,0,0,0,0,0,0,7,2026-02-05 04:36:29.980373
RTM1C45,4.65,4.64,4.66,1000000.0,1000000.0,0,0,0,0,0,0,0,0,7,2026-02-05 04:36:29.980373
RTM1P45,0.1,0.09,0.11,1000000.0,1000000.0,0,0,0,0,0,0,0,0,7,2026-02-05 04:36:29.980373
RTM1C46,3.75,3.74,3.76,1000000.0,1000000.0,0,0,0,0,0,0,0,0,7,2026-02-05 04:36:29.980373
RTM1P46,0.2,0.19,0.21,1000000.0,1000000.0,0,0,0,0,0,0,0,0,7,2026-02-05 04:36:29.980373
RTM1C47,2.89,2.88,2.9,1000000.0,1000000.0,0,0,0,0,0,0,0,0,7,2026-02-05 04:36:29.980373
RTM1P47,0.34,0.33,0.35,1000000.0,1000000.0,0,0,0,0,0,0,0,0,7,2026-02-05 04:36:29.980373
RTM1C48,2.32,2.31,2.33,1000000.0,1000000.0,0,0,0,0,0,0,0,0,7,2026-02-05 04:36:29.980373
RTM1P48,0.77,0.76,0.78,1000000.0,1000000.0,0,0,0,0,0,0,0,0,7,2026-02-05 04:36:29.980373
RTM1C49,1.64,1.63,1.65,1000000.0,1000000.0,0,0,0,0,0,0,0,0,7,2026-02-05 04:36:29.980373
RTM1P49,1.09,1.08,1.1,1000000.0,1000000.0,0,0,0,0,0,0,0,0,7,2026-02-05 04:36:29.980373
RTM1C50,1.24,1.23,1.25,1000000.0,1000000.0,0,0,0,0,0,0,0,0,7,2026-02-05 04:36:29.980373
RTM1P50,1.7,1.69,1.71,1000000.0,1000000.0,0,0,0,0,0,0,0,0,7,2026-02-05 04:36:29.980373
RTM1C51,0.86,0.85,0.87,1000000.0,1000000.0,0,0,0,0,0,0,0,0,7,2026-02-05 04:36:29.980373
RTM1P51,2.31,2.3,2.32,1000000.0,1000000.0,0,0,0,0,0,0,0,0,7,2026-02-05 04:36:29.980373
RTM1C52,0.46,0.45,0.47,1000000.0,1000000.0,0,0,0,0,0,0,0,0,7,2026-02-05 04:36:29.980373
RTM1P52,2.91,2.9,2.92,1000000.0,1000000.0,0,0,0,0,0,0,0,0,7,2026-02-05 04:36:29.980373
RTM1C53,0.23,0.22,0.24,1000000.0,1000000.0,0,0,0,0,0,0,0,0,7,2026-02-05 04:36:29.980373
RTM1P53,3.68,3.67,3.69,1000000.0,1000000.0,0,0,0,0,0,0,0,0,7,2026-02-05 04:36:29.980373
RTM1C54,0.22,0.21,0.23,1000000.0,1000000.0,0,0,0,0,0,0,0,0,7,2026-02-05 04:36:29.980373
RTM1P54,4.67,4.66,4.68,1000000.0,1000000.0,0,0,0,0,0,0,0,0,7,2026-02-05 04:36:29.980373
RTM,49.46,49.45,49.47,100000000.0,100000000.0,0,0,0,0,0,0,0,0,8,2026-02-05 04:36:31.082461
RTM1C45,4.53,4.52,4.54,1000000.0,1000000.0,0,0,0,0,0,0,0,0,8,2026-02-05 04:36:31.082461
RTM1P45,0.08,0.07,0.09,1000000.0,1000000.0,0,0,0,0,0,0,0,0,8,2026-02-05 04:36:31.082461
RTM1C46,3.67,3.66,3.68,1000000.0,1000000.0,0,0,0,0,0,0,0,0,8,2026-02-05 04:36:31.082461
RTM1P46,0.21,0.2,0.22,1000000.0,1000000.0,0,0,0,0,0,0,0,0,8,2026-02-05 04:36:31.082461
RTM1C47,2.96,2.95,2.97,1000000.0,1000000.0,0,0,0,0,0,0,0,0,8,2026-02-05 04:36:31.082461
RTM1P47,0.5,0.49,0.51,1000000.0,1000000.0,0,0,0,0,0,0,0,0,8,2026-02-05 04:36:31.082461
RTM1C48,2.28,2.27,2.29,1000000.0,1000000.0,0,0,0,0,0,0,0,0,8,2026-02-05 04:36:31.082461
RTM1P48,0.82,0.81,0.83,1000000.0,1000000.0,0,0,0,0,0,0,0,0,8,2026-02-05 04:36:31.082461
RTM1C49,1.49,1.48,1.5,1000000.0,1000000.0,0,0,0,0,0,0,0,0,8,2026-02-05 04:36:31.082461
RTM1P49,1.03,1.02,1.04,1000000.0,1000000.0,0,0,0,0,0,0,0,0,8,2026-02-05 04:36:31.082461
RTM1C50,1.0,0.99,1.01,1000000.0,1000000.0,0,0,0,0,0,0,0,0,8,2026-02-05 04:36:31.082461
RTM1P50,1.55,1.54,1.56,1000000.0,1000000.0,0,0,0,0,0,0,0,0,8,2026-02-05 04:36:31.082461
RTM1C51,0.69,0.68,0.7,1000000.0,1000000.0,0,0,0,0,0,0,0,0,8,2026-02-05 04:36:31.082461
RTM1P51,2.23,2.22,2.24,1000000.0,1000000.0,0,0,0,0,0,0,0,0,8,2026-02-05 04:36:31.082461
RTM1C52,0.45,0.44,0.46,1000000.0,1000000.0,0,0,0,0,0,0,0,0,8,2026-02-05 04:36:31.082461
RTM1P52,3.0,2.99,3.01,1000000.0,1000000.0,0,0,0,0,0,0,0,0,8,2026-02-05 04:36:31.082461
RTM1C53,0.25,0.24,0.26,1000000.0,1000000.0,0,0,0,0,0,0,0,0,8,2026-02-05 04:36:31.082461
RTM1P53,3.8,3.79,3.81,1000000.0,1000000.0,0,0,0,0,0,0,0,0,8,2026-02-05 04:36:31.082461
RTM1C54,0.19,0.18,0.2,1000000.0,1000000.0,0,0,0,0,0,0,0,0,8,2026-02-05 04:36:31.082461
RTM1P54,4.74,4.73,4.75,1000000.0,1000000.0,0,0,0,0,0,0,0,0,8,2026-02-05 04:36:31.082461
RTM,49.35,49.34,49.36,100000000.0,100000000.0,0,0,0,0,0,0,0,0,9,2026-02-05 04:36:32.179703
RTM1C45,4.44,4.43,4.45,1000000.0,1000000.0,0,0,0,0,0,0,0,0,9,2026-02-05 04:36:32.179703
RTM1P45,0.09,0.08,0.1,1000000.0,1000000.0,0,0,0,0,0,0,0,0,9,2026-02-05 04:36:32.179703
RTM1C46,3.57,3.56,3.58,1000000.0,1000000.0,0,0,0,0,0,0,0,0,9,2026-02-05 04:36:32.179703
RTM1P46,0.22,0.21,0.23,1000000.0,1000000.0,0,0,0,0,0,0,0,0,9,2026-02-05 04:36:32.179703
RTM1C47,2.83,2.82,2.84,1000000.0,1000000.0,0,0,0,0,0,0,0,0,9,2026-02-05 04:36:32.179703
RTM1P47,0.48,0.47,0.49,1000000.0,1000000.0,0,0,0,0,0,0,0,0,9,2026-02-05 04:36:32.179703
RTM1C48,2.09,2.08,2.1,1000000.0,1000000.0,0,0,0,0,0,0,0,0,9,2026-02-05 04:36:32.179703
RTM1P48,0.75,0.74,0.76,1000000.0,1000000.0,0,0,0,0,0,0,0,0,9,2026-02-05 04:36:32.179703
RTM1C49,1.52,1.51,1.53,1000000.0,1000000.0,0,0,0,0,0,0,0,0,9,2026-02-05 04:36:32.179703
RTM1P49,1.18,1.17,1.19,1000000.0,1000000.0,0,0,0,0,0,0,0,0,9,2026-02-05 04:36:32.179703
RTM1C50,1.07,1.06,1.08,1000000.0,1000000.0,0,0,0,0,0,0,0,0,9,2026-02-05 04:36:32.179703
RTM1P50,1.72,1.71,1.73,1000000.0,1000000.0,0,0,0,0,0,0,0,0,9,2026-02-05 04:36:32.179703
RTM1C51,0.77,0.76,0.78,1000000.0,1000000.0,0,0,0,0,0,0,0,0,9,2026-02-05 04:36:32.179703
RTM1P51,2.42,2.41,2.43,1000000.0,1000000.0,0,0,0,0,0,0,0,0,9,2026-02-05 04:36:32.179703
RTM1C52,0.4,0.39,0.41,1000000.0,1000000.0,0,0,0,0,0,0,0,0,9,2026-02-05 04:36:32.179703
RTM1P52,3.05,3.04,3.06,1000000.0,1000000.0,0,0,0,0,0,0,0,0,9,2026-02-05 04:36:32.179703
RTM1C53,0.22,0.21,0.23,1000000.0,1000000.0,0,0,0,0,0,0,0,0,9,2026-02-05 04:36:32.179703
RTM1P53,3.88,3.87,3.89,1000000.0,1000000.0,0,0,0,0,0,0,0,0,9,2026-02-05 04:36:32.179703
RTM1C54,0.17,0.16,0.18,1000000.0,1000000.0,0,0,0,0,0,0,0,0,9,2026-02-05 04:36:32.179703
RTM1P54,4.82,4.81,4.83,1000000.0,1000000.0,0,0,0,0,0,0,0,0,9,2026-02-05 04:36:32.179703
RTM,49.43,49.42,49.44,100000000.0,100000000.0,0,0,0,0,0,0,0,0,10,2026-02-05 04:36:33.290106
RTM1C45,4.52,4.51,4.53,1000000.0,1000000.0,0,0,0,0,0,0,0,0,10,2026-02-05 04:36:33.290106
RTM1P45,0.1,0.09,0.11,1000000.0,1000000.0,0,0,0,0,0,0,0,0,10,2026-02-05 04:36:33.290106
RTM1C46,3.65,3.64,3.66,1000000.0,1000000.0,0,0,0,0,0,0,0,0,10,2026-02-05 04:36:33.290106
RTM1P46,0.23,0.22,0.24,1000000.0,1000000.0,0,0,0,0,0,0,0,0,10,2026-02-05 04:36:33.290106
RTM1C47,2.81,2.8,2.82,1000000.0,1000000.0,0,0,0,0,0,0,0,0,10,2026-02-05 04:36:33.290106
RTM1P47,0.38,0.37,0.39,1000000.0,1000000.0,0,0,0,0,0,0,0,0,10,2026-02-05 04:36:33.290106
RTM1C48,2.1,2.09,2.11,1000000.0,1000000.0,0,0,0,0,0,0,0,0,10,2026-02-05 04:36:33.290106
RTM1P48,0.67,0.66,0.68,1000000.0,1000000.0,0,0,0,0,0,0,0,0,10,2026-02-05 04:36:33.290106
RTM1C49,1.6,1.59,1.61,1000000.0,1000000.0,0,0,0,0,0,0,0,0,10,2026-02-05 04:36:33.290106
RTM1P49,1.18,1.17,1.19,1000000.0,1000000.0,0,0,0,0,0,0,0,0,10,2026-02-05 04:36:33.290106
RTM1C50,0.96,0.95,0.97,1000000.0,1000000.0,0,0,0,0,0,0,0,0,10,2026-02-05 04:36:33.290106
RTM1P50,1.54,1.53,1.55,1000000.0,1000000.0,0,0,0,0,0,0,0,0,10,2026-02-05 04:36:33.290106
RTM1C51,0.7,0.69,0.71,1000000.0,1000000.0,0,0,0,0,0,0,0,0,10,2026-02-05 04:36:33.290106
RTM1P51,2.28,2.27,2.29,1000000.0,1000000.0,0,0,0,0,0,0,0,0,10,2026-02-05 04:36:33.290106
RTM1C52,0.37,0.36,0.38,1000000.0,1000000.0,0,0,0,0,0,0,0,0,10,2026-02-05 04:36:33.290106
RTM1P52,2.95,2.94,2.96,1000000.0,1000000.0,0,0,0,0,0,0,0,0,10,2026-02-05 04:36:33.290106
RTM1C53,0.24,0.23,0.25,1000000.0,1000000.0,0,0,0,0,0,0,0,0,10,2026-02-05 04:36:33.290106
RTM1P53,3.81,3.8,3.82,1000000.0,1000000.0,0,0,0,0,0,0,0,0,10,2026-02-05 04:36:33.290106
RTM1C54,0.1,0.09,0.11,1000000.0,1000000.0,0,0,0,0,0,0,0,0,10,2026-02-05 04:36:33.290106
RTM1P54,4.68,4.67,4.69,1000000.0,1000000.0,0,0,0,0,0,0,0,0,10,2026-02-05 04:36:33.290106
RTM,49.43,49.42,49.44,100000000.0,100000000.0,0,0,0,0,0,0,0,0,11,2026-02-05 04:36:33.908955
RTM1C45,4.55,4.54,4.56,1000000.0,1000000.0,0,0,0,0,0,0,0,0,11,2026-02-05 04:36:33.908955
RTM1P45,0.12,0.11,0.13,1000000.0,1000000.0,0,0,0,0,0,0,0,0,11,2026-02-05 04:36:33.908955
RTM1C46,3.76,3.75,3.77,1000000.0,1000000.0,0,0,0,0,0,0,0,0,11,2026-02-05 04:36:33.908955
RTM1P46,0.33,0.32,0.34,1000000.0,1000000.0,0,0,0,0,0,0,0,0,11,2026-02-05 04:36:33.908955
RTM1C47,2.97,2.96,2.98,1000000.0,1000000.0,0,0,0,0,0,0,0,0,11,2026-02-05 04:36:33.908955
RTM1P47,0.54,0.53,0.55,1000000.0,1000000.0,0,0,0,0,0,0,0,0,11,2026-02-05 04:36:33.908955
RTM1C48,2.11,2.1,2.12,1000000.0,1000000.0,0,0,0,0,0,0,0,0,11,2026-02-05 04:36:33.908955
RTM1P48,0.68,0.67,0.69,1000000.0,1000000.0,0,0,0,0,0,0,0,0,11,2026-02-05 04:36:33.908955
RTM1C49,1.68,1.67,1.69,1000000.0,1000000.0,0,0,0,0,0,0,0,0,11,2026-02-05 04:36:33.908955
RTM1P49,1.25,1.24,1.26,1000000.0,1000000.0,0,0,0,0,0,0,0,0,11,2026-02-05 04:36:33.908955
RTM1C50,0.96,0.95,0.97,1000000.0,1000000.0,0,0,0,0,0,0,0,0,11,2026-02-05 04:36:33.908955
RTM1P50,1.53,1.52,1.54,1000000.0,1000000.0,0,0,0,0,0,0,0,0,11,2026-02-05 04:36:33.908955
RTM1C51,0.64,0.63,0.65,1000000.0,1000000.0,0,0,0,0,0,0,0,0,11,2026-02-05 04:36:33.908955
RTM1P51,2.22,2.21,2.23,1000000.0,1000000.0,0,0,0,0,0,0,0,0,11,2026-02-05 04:36:33.908955
RTM1C52,0.54,0.53,0.55,1000000.0,1000000.0,0,0,0,0,0,0,0,0,11,2026-02-05 04:36:33.908955
RTM1P52,3.11,3.1,3.12,1000000.0,1000000.0,0,0,0,0,0,0,0,0,11,2026-02-05 04:36:33.908955
RTM1C53,0.2,0.19,0.21,1000000.0,1000000.0,0,0,0,0,0,0,0,0,11,2026-02-05 04:36:33.908955
RTM1P53,3.77,3.76,3.78,1000000.0,1000000.0,0,0,0,0,0,0,0,0,11,2026-02-05 04:36:33.908955
RTM1C54,0.2,0.19,0.21,1000000.0,1000000.0,0,0,0,0,0,0,0,0,11,2026-02-05 04:36:33.908955
RTM1P54,4.77,4.76,4.78,1000000.0,1000000.0,0,0,0,0,0,0,0,0,11,2026-02-05 04:36:33.908955
RTM,49.47,49.45,49.47,100000000.0,100000000.0,0,0,0,0,0,0,0,0,12,2026-02-05 04:36:35.122356
RTM1C45,4.55,4.54,4.56,1000000.0,1000000.0,0,0,0,0,0,0,0,0,12,2026-02-05 04:36:35.122356
RTM1P45,0.09,0.08,0.1,1000000.0,1000000.0,0,0,0,0,0,0,0,0,12,2026-02-05 04:36:35.122356
RTM1C46,3.78,3.77,3.79,1000000.0,1000000.0,0,0,0,0,0,0,0,0,12,2026-02-05 04:36:35.122356
RTM1P46,0.32,0.31,0.33,1000000.0,1000000.0,0,0,0,0,0,0,0,0,12,2026-02-05 04:36:35.122356
RTM1C47,2.93,2.92,2.94,1000000.0,1000000.0,0,0,0,0,0,0,0,0,12,2026-02-05 04:36:35.122356
RTM1P47,0.47,0.46,0.48,1000000.0,1000000.0,0,0,0,0,0,0,0,0,12,2026-02-05 04:36:35.122356
RTM1C48,2.3,2.29,2.31,1000000.0,1000000.0,0,0,0,0,0,0,0,0,12,2026-02-05 04:36:35.122356
RTM1P48,0.85,0.84,0.86,1000000.0,1000000.0,0,0,0,0,0,0,0,0,12,2026-02-05 04:36:35.122356
RTM1C49,1.72,1.71,1.73,1000000.0,1000000.0,0,0,0,0,0,0,0,0,12,2026-02-05 04:36:35.122356
RTM1P49,1.26,1.25,1.27,1000000.0,1000000.0,0,0,0,0,0,0,0,0,12,2026-02-05 04:36:35.122356
RTM1C50,1.22,1.21,1.23,1000000.0,1000000.0,0,0,0,0,0,0,0,0,12,2026-02-05 04:36:35.122356
RTM1P50,1.76,1.75,1.77,1000000.0,1000000.0,0,0,0,0,0,0,0,0,12,2026-02-05 04:36:35.122356
RTM1C51,0.79,0.78,0.8,1000000.0,1000000.0,0,0,0,0,0,0,0,0,12,2026-02-05 04:36:35.122356
RTM1P51,2.33,2.32,2.34,1000000.0,1000000.0,0,0,0,0,0,0,0,0,12,2026-02-05 04:36:35.122356
RTM1C52,0.43,0.42,0.44,1000000.0,1000000.0,0,0,0,0,0,0,0,0,12,2026-02-05 04:36:35.122356
RTM1P52,2.97,2.96,2.98,1000000.0,1000000.0,0,0,0,0,0,0,0,0,12,2026-02-05 04:36:35.122356
RTM1C53,0.24,0.23,0.25,1000000.0,1000000.0,0,0,0,0,0,0,0,0,12,2026-02-05 04:36:35.122356
RTM1P53,3.78,3.77,3.79,1000000.0,1000000.0,0,0,0,0,0,0,0,0,12,2026-02-05 04:36:35.122356
RTM1C54,0.15,0.14,0.16,1000000.0,1000000.0,0,0,0,0,0,0,0,0,12,2026-02-05 04:36:35.122356
RTM1P54,4.69,4.68,4.7,1000000.0,1000000.0,0,0,0,0,0,0,0,0,12,2026-02-05 04:36:35.122356
RTM,49.41,49.4,49.42,100000000.0,100000000.0,0,0,0,0,0,0,0,0,13,2026-02-05 04:36:36.231656
RTM1C45,4.56,4.55,4.57,1000000.0,1000000.0,0,0,0,0,0,0,0,0,13,2026-02-05 04:36:36.231656
RTM1P45,0.15,0.14,0.16,1000000.0,1000000.0,0,0,0,0,0,0,0,0,13,2026-02-05 04:36:36.231656
RTM1C46,3.67,3.66,3.68,1000000.0,1000000.0,0,0,0,0,0,0,0,0,13,2026-02-05 04:36:36.231656
RTM1P46,0.26,0.25,0.27,1000000.0,1000000.0,0,0,0,0,0,0,0,0,13,2026-02-05 04:36:36.231656
RTM1C47,2.86,2.85,2.87,1000000.0,1000000.0,0,0,0,0,0,0,0,0,13,2026-02-05 04:36:36.231656
RTM1P47,0.45,0.44,0.46,1000000.0,1000000.0,0,0,0,0,0,0,0,0,13,2026-02-05 04:36:36.231656
RTM1C48,2.21,2.2,2.22,1000000.0,1000000.0,0,0,0,0,0,0,0,0,13,2026-02-05 04:36:36.231656
RTM1P48,0.8,0.79,0.81,1000000.0,1000000.0,0,0,0,0,0,0,0,0,13,2026-02-05 04:36:36.231656
RTM1C49,1.64,1.63,1.65,1000000.0,1000000.0,0,0,0,0,0,0,0,0,13,2026-02-05 04:36:36.231656
RTM1P49,1.23,1.22,1.24,1000000.0,1000000.0,0,0,0,0,0,0,0,0,13,2026-02-05 04:36:36.231656
RTM1C50,1.16,1.15,1.17,1000000.0,1000000.0,0,0,0,0,0,0,0,0,13,2026-02-05 04:36:36.231656
RTM1P50,1.75,1.74,1.76,1000000.0,1000000.0,0,0,0,0,0,0,0,0,13,2026-02-05 04:36:36.231656
RTM1C51,0.74,0.73,0.75,1000000.0,1000000.0,0,0,0,0,0,0,0,0,13,2026-02-05 04:36:36.231656
RTM1P51,2.33,2.32,2.34,1000000.0,1000000.0,0,0,0,0,0,0,0,0,13,2026-02-05 04:36:36.231656
RTM1C52,0.55,0.54,0.56,1000000.0,1000000.0,0,0,0,0,0,0,0,0,13,2026-02-05 04:36:36.231656
RTM1P52,3.15,3.14,3.16,1000000.0,1000000.0,0,0,0,0,0,0,0,0,13,2026-02-05 04:36:36.231656
RTM1C53,0.24,0.23,0.25,1000000.0,1000000.0,0,0,0,0,0,0,0,0,13,2026-02-05 04:36:36.231656
RTM1P53,3.83,3.82,3.84,1000000.0,1000000.0,0,0,0,0,0,0,0,0,13,2026-02-05 04:36:36.231656
RTM1C54,0.18,0.17,0.19,1000000.0,1000000.0,0,0,0,0,0,0,0,0,13,2026-02-05 04:36:36.231656
RTM1P54,4.77,4.76,4.78,1000000.0,1000000.0,0,0,0,0,0,0,0,0,13,2026-02-05 04:36:36.231656
RTM,49.87,49.86,49.88,100000000.0,100000000.0,0,0,0,0,0,0,0,0,14,2026-02-05 04:36:37.325834
RTM1C45,4.94,4.93,4.95,1000000.0,1000000.0,0,0,0,0,0,0,0,0,14,2026-02-05 04:36:37.325834
RTM1P45,0.08,0.07,0.09,1000000.0,1000000.0,0,0,0,0,0,0,0,0,14,2026-02-05 04:36:37.325834
RTM1C46,4.04,4.03,4.05,1000000.0,1000000.0,0,0,0,0,0,0,0,0,14,2026-02-05 04:36:37.325834
RTM1P46,0.17,0.16,0.18,1000000.0,1000000.0,0,0,0,0,0,0,0,0,14,2026-02-05 04:36:37.325834
RTM1C47,3.2,3.19,3.21,1000000.0,1000000.0,0,0,0,0,0,0,0,0,14,2026-02-05 04:36:37.325834
RTM1P47,0.34,0.33,0.35,1000000.0,1000000.0,0,0,0,0,0,0,0,0,14,2026-02-05 04:36:37.325834
RTM1C48,2.57,2.56,2.58,1000000.0,1000000.0,0,0,0,0,0,0,0,0,14,2026-02-05 04:36:37.325834
RTM1P48,0.7,0.69,0.71,1000000.0,1000000.0,0,0,0,0,0,0,0,0,14,2026-02-05 04:36:37.325834
RTM1C49,1.95,1.94,1.96,1000000.0,1000000.0,0,0,0,0,0,0,0,0,14,2026-02-05 04:36:37.325834
RTM1P49,1.08,1.07,1.09,1000000.0,1000000.0,0,0,0,0,0,0,0,0,14,2026-02-05 04:36:37.325834
RTM1C50,1.42,1.41,1.43,1000000.0,1000000.0,0,0,0,0,0,0,0,0,14,2026-02-05 04:36:37.325834
RTM1P50,1.56,1.55,1.57,1000000.0,1000000.0,0,0,0,0,0,0,0,0,14,2026-02-05 04:36:37.325834
RTM1C51,1.01,1.0,1.02,1000000.0,1000000.0,0,0,0,0,0,0,0,0,14,2026-02-05 04:36:37.325834
RTM1P51,2.14,2.13,2.15,1000000.0,1000000.0,0,0,0,0,0,0,0,0,14,2026-02-05 04:36:37.325834
RTM1C52,0.61,0.6,0.62,1000000.0,1000000.0,0,0,0,0,0,0,0,0,14,2026-02-05 04:36:37.325834
RTM1P52,2.75,2.74,2.76,1000000.0,1000000.0,0,0,0,0,0,0,0,0,14,2026-02-05 04:36:37.325834
RTM1C53,0.34,0.33,0.35,1000000.0,1000000.0,0,0,0,0,0,0,0,0,14,2026-02-05 04:36:37.325834
RTM1P53,3.48,3.47,3.49,1000000.0,1000000.0,0,0,0,0,0,0,0,0,14,2026-02-05 04:36:37.325834
RTM1C54,0.2,0.19,0.21,1000000.0,1000000.0,0,0,0,0,0,0,0,0,14,2026-02-05 04:36:37.325834
RTM1P54,4.34,4.33,4.35,1000000.0,1000000.0,0,0,0,0,0,0,0,0,14,2026-02-05 04:36:37.325834
RTM,50.08,50.07,50.09,100000000.0,100000000.0,0,0,0,0,0,0,0,0,15,2026-02-05 04:36:37.924054
RTM1C45,5.17,5.16,5.18,1000000.0,1000000.0,0,0,0,0,0,0,0,0,15,2026-02-05 04:36:37.924054
RTM1P45,0.08,0.07,0.09,1000000.0,1000000.0,0,0,0,0,0,0,0,0,15,2026-02-05 04:36:37.924054
RTM1C46,4.27,4.26,4.28,1000000.0,1000000.0,0,0,0,0,0,0,0,0,15,2026-02-05 04:36:37.924054
RTM1P46,0.19,0.18,0.2,1000000.0,1000000.0,0,0,0,0,0,0,0,0,15,2026-02-05 04:36:37.924054
RTM1C47,3.39,3.38,3.4,1000000.0,1000000.0,0,0,0,0,0,0,0,0,15,2026-02-05 04:36:37.924054
RTM1P47,0.31,0.3,0.32,1000000.0,1000000.0,0,0,0,0,0,0,0,0,15,2026-02-05 04:36:37.924054
RTM1C48,2.65,2.64,2.66,1000000.0,1000000.0,0,0,0,0,0,0,0,0,15,2026-02-05 04:36:37.924054
RTM1P48,0.57,0.56,0.58,1000000.0,1000000.0,0,0,0,0,0,0,0,0,15,2026-02-05 04:36:37.924054
RTM1C49,2.07,2.06,2.08,1000000.0,1000000.0,0,0,0,0,0,0,0,0,15,2026-02-05 04:36:37.924054
RTM1P49,0.99,0.98,1.0,1000000.0,1000000.0,0,0,0,0,0,0,0,0,15,2026-02-05 04:36:37.924054
RTM1C50,1.43,1.42,1.44,1000000.0,1000000.0,0,0,0,0,0,0,0,0,15,2026-02-05 04:36:37.924054
RTM1P50,1.35,1.34,1.36,1000000.0,1000000.0,0,0,0,0,0,0,0,0,15,2026-02-05 04:36:37.924054
RTM1C51,0.96,0.95,0.97,1000000.0,1000000.0,0,0,0,0,0,0,0,0,15,2026-02-05 04:36:37.924054
RTM1P51,1.88,1.87,1.89,1000000.0,1000000.0,0,0,0,0,0,0,0,0,15,2026-02-05 04:36:37.924054
RTM1C52,0.56,0.55,0.57,1000000.0,1000000.0,0,0,0,0,0,0,0,0,15,2026-02-05 04:36:37.924054
RTM1P52,2.48,2.47,2.49,1000000.0,1000000.0,0,0,0,0,0,0,0,0,15,2026-02-05 04:36:37.924054
RTM1C53,0.45,0.44,0.46,1000000.0,1000000.0,0,0,0,0,0,0,0,0,15,2026-02-05 04:36:37.924054
RTM1P53,3.37,3.36,3.38,1000000.0,1000000.0,0,0,0,0,0,0,0,0,15,2026-02-05 04:36:37.924054
RTM1C54,0.34,0.33,0.35,1000000.0,1000000.0,0,0,0,0,0,0,0,0,15,2026-02-05 04:36:37.924054
RTM1P54,4.26,4.25,4.27,1000000.0,1000000.0,0,0,0,0,0,0,0,0,15,2026-02-05 04:36:37.924054
RTM,49.9,49.89,49.91,100000000.0,100000000.0,0,0,0,0,0,0,0,0,16,2026-02-05 04:36:39.076041
RTM1C45,5.0,4.99,5.01,1000000.0,1000000.0,0,0,0,0,0,0,0,0,16,2026-02-05 04:36:39.076041
RTM1P45,0.1,0.09,0.11,1000000.0,1000000.0,0,0,0,0,0,0,0,0,16,2026-02-05 04:36:39.076041
RTM1C46,4.08,4.07,4.09,1000000.0,1000000.0,0,0,0,0,0,0,0,0,16,2026-02-05 04:36:39.076041
RTM1P46,0.18,0.17,0.19,1000000.0,1000000.0,0,0,0,0,0,0,0,0,16,2026-02-05 04:36:39.076041
RTM1C47,3.26,3.25,3.27,1000000.0,1000000.0,0,0,0,0,0,0,0,0,16,2026-02-05 04:36:39.076041
RTM1P47,0.36,0.35,0.37,1000000.0,1000000.0,0,0,0,0,0,0,0,0,16,2026-02-05 04:36:39.076041
RTM1C48,2.51,2.5,2.52,1000000.0,1000000.0,0,0,0,0,0,0,0,0,16,2026-02-05 04:36:39.076041
RTM1P48,0.61,0.6,0.62,1000000.0,1000000.0,0,0,0,0,0,0,0,0,16,2026-02-05 04:36:39.076041
RTM1C49,1.89,1.88,1.9,1000000.0,1000000.0,0,0,0,0,0,0,0,0,16,2026-02-05 04:36:39.076041
RTM1P49,0.99,0.98,1.0,1000000.0,1000000.0,0,0,0,0,0,0,0,0,16,2026-02-05 04:36:39.076041
RTM1C50,1.44,1.43,1.45,1000000.0,1000000.0,0,0,0,0,0,0,0,0,16,2026-02-05 04:36:39.076041
RTM1P50,1.53,1.52,1.54,1000000.0,1000000.0,0,0,0,0,0,0,0,0,16,2026-02-05 04:36:39.076041
RTM1C51,0.87,0.86,0.88,1000000.0,1000000.0,0,0,0,0,0,0,0,0,16,2026-02-05 04:36:39.076041
RTM1P51,1.97,1.96,1.98,1000000.0,1000000.0,0,0,0,0,0,0,0,0,16,2026-02-05 04:36:39.076041
RTM1C52,0.54,0.53,0.55,1000000.0,1000000.0,0,0,0,0,0,0,0,0,16,2026-02-05 04:36:39.076041
RTM1P52,2.64,2.63,2.65,1000000.0,1000000.0,0,0,0,0,0,0,0,0,16,2026-02-05 04:36:39.076041
RTM1C53,0.42,0.41,0.43,1000000.0,1000000.0,0,0,0,0,0,0,0,0,16,2026-02-05 04:36:39.076041
RTM1P53,3.52,3.51,3.53,1000000.0,1000000.0,0,0,0,0,0,0,0,0,16,2026-02-05 04:36:39.076041
RTM1C54,0.21,0.2,0.22,1000000.0,1000000.0,0,0,0,0,0,0,0,0,16,2026-02-05 04:36:39.076041
RTM1P54,4.3,4.29,4.31,1000000.0,1000000.0,0,0,0,0,0,0,0,0,16,2026-02-05 04:36:39.076041
RTM,49.95,49.94,49.96,100000000.0,100000000.0,0,0,0,0,0,0,0,0,17,2026-02-05 04:36:40.383458
RTM1C45,5.04,5.03,5.05,1000000.0,1000000.0,0,0,0,0,0,0,0,0,17,2026-02-05 04:36:40.383458
RTM1P45,0.09,0.08,0.1,1000000.0,1000000.0,0,0,0,0,0,0,0,0,17,2026-02-05 04:36:40.383458
RTM1C46,4.17,4.16,4.18,1000000.0,1000000.0,0,0,0,0,0,0,0,0,17,2026-02-05 04:36:40.383458
RTM1P46,0.22,0.21,0.23,1000000.0,1000000.0,0,0,0,0,0,0,0,0,17,2026-02-05 04:36:40.383458
RTM1C47,3.33,3.32,3.34,1000000.0,1000000.0,0,0,0,0,0,0,0,0,17,2026-02-05 04:36:40.383458
RTM1P47,0.38,0.37,0.39,1000000.0,1000000.0,0,0,0,0,0,0,0,0,17,2026-02-05 04:36:40.383458
RTM1C48,2.52,2.51,2.53,1000000.0,1000000.0,0,0,0,0,0,0,0,0,17,2026-02-05 04:36:40.383458
RTM1P48,0.57,0.56,0.58,1000000.0,1000000.0,0,0,0,0,0,0,0,0,17,2026-02-05 04:36:40.383458
RTM1C49,2.03,2.02,2.04,1000000.0,1000000.0,0,0,0,0,0,0,0,0,17,2026-02-05 04:36:40.383458
RTM1P49,1.09,1.08,1.1,1000000.0,1000000.0,0,0,0,0,0,0,0,0,17,2026-02-05 04:36:40.383458
RTM1C50,1.36,1.35,1.37,1000000.0,1000000.0,0,0,0,0,0,0,0,0,17,2026-02-05 04:36:40.383458
RTM1P50,1.41,1.4,1.42,1000000.0,1000000.0,0,0,0,0,0,0,0,0,17,2026-02-05 04:36:40.383458
RTM1C51,0.82,0.81,0.83,1000000.0,1000000.0,0,0,0,0,0,0,0,0,17,2026-02-05 04:36:40.383458
RTM1P51,1.88,1.87,1.89,1000000.0,1000000.0,0,0,0,0,0,0,0,0,17,2026-02-05 04:36:40.383458
RTM1C52,0.66,0.65,0.67,1000000.0,1000000.0,0,0,0,0,0,0,0,0,17,2026-02-05 04:36:40.383458
RTM1P52,2.71,2.7,2.72,1000000.0,1000000.0,0,0,0,0,0,0,0,0,17,2026-02-05 04:36:40.383458
RTM1C53,0.39,0.38,0.4,1000000.0,1000000.0,0,0,0,0,0,0,0,0,17,2026-02-05 04:36:40.383458
RTM1P53,3.44,3.43,3.45,1000000.0,1000000.0,0,0,0,0,0,0,0,0,17,2026-02-05 04:36:40.383458
RTM1C54,0.22,0.21,0.23,1000000.0,1000000.0,0,0,0,0,0,0,0,0,17,2026-02-05 04:36:40.383458
RTM1P54,4.27,4.26,4.28,1000000.0,1000000.0,0,0,0,0,0,0,0,0,17,2026-02-05 04:36:40.383458
RTM,49.85,49.84,49.86,100000000.0,100000000.0,0,0,0,0,0,0,0,0,18,2026-02-05 04:36:41.010742
RTM1C45,4.97,4.96,4.98,1000000.0,1000000.0,0,0,0,0,0,0,0,0,18,2026-02-05 04:36:41.010742
RTM1P45,0.12,0.11,0.13,1000000.0,1000000.0,0,0,0,0,0,0,0,0,18,2026-02-05 04:36:41.010742
RTM1C46,4.07,4.06,4.08,1000000.0,1000000.0,0,0,0,0,0,0,0,0,18,2026-02-05 04:36:41.010742
RTM1P46,0.22,0.21,0.23,1000000.0,1000000.0,0,0,0,0,0,0,0,0,18,2026-02-05 04:36:41.010742
RTM1C47,3.3,3.29,3.31,1000000.0,1000000.0,0,0,0,0,0,0,0,0,18,2026-02-05 04:36:41.010742
RTM1P47,0.45,0.44,0.46,1000000.0,1000000.0,0,0,0,0,0,0,0,0,18,2026-02-05 04:36:41.010742
RTM1C48,2.42,2.41,2.43,1000000.0,1000000.0,0,0,0,0,0,0,0,0,18,2026-02-05 04:36:41.010742
RTM1P48,0.57,0.56,0.58,1000000.0,1000000.0,0,0,0,0,0,0,0,0,18,2026-02-05 04:36:41.010742
RTM1C49,1.88,1.87,1.89,1000000.0,1000000.0,0,0,0,0,0,0,0,0,18,2026-02-05 04:36:41.010742
RTM1P49,1.03,1.02,1.04,1000000.0,1000000.0,0,0,0,0,0,0,0,0,18,2026-02-05 04:36:41.010742
RTM1C50,1.46,1.45,1.47,1000000.0,1000000.0,0,0,0,0,0,0,0,0,18,2026-02-05 04:36:41.010742
RTM1P50,1.61,1.6,1.62,1000000.0,1000000.0,0,0,0,0,0,0,0,0,18,2026-02-05 04:36:41.010742
RTM1C51,0.81,0.8,0.82,1000000.0,1000000.0,0,0,0,0,0,0,0,0,18,2026-02-05 04:36:41.010742
RTM1P51,1.96,1.95,1.97,1000000.0,1000000.0,0,0,0,0,0,0,0,0,18,2026-02-05 04:36:41.010742
RTM1C52,0.59,0.58,0.6,1000000.0,1000000.0,0,0,0,0,0,0,0,0,18,2026-02-05 04:36:41.010742
RTM1P52,2.75,2.74,2.76,1000000.0,1000000.0,0,0,0,0,0,0,0,0,18,2026-02-05 04:36:41.010742
RTM1C53,0.47,0.46,0.48,1000000.0,1000000.0,0,0,0,0,0,0,0,0,18,2026-02-05 04:36:41.010742
RTM1P53,3.62,3.61,3.63,1000000.0,1000000.0,0,0,0,0,0,0,0,0,18,2026-02-05 04:36:41.010742
RTM1C54,0.25,0.24,0.26,1000000.0,1000000.0,0,0,0,0,0,0,0,0,18,2026-02-05 04:36:41.010742
RTM1P54,4.4,4.39,4.41,1000000.0,1000000.0,0,0,0,0,0,0,0,0,18,2026-02-05 04:36:41.010742
RTM,50.06,50.05,50.07,100000000.0,100000000.0,0,0,0,0,0,0,0,0,19,2026-02-05 04:36:42.119214
RTM1C45,5.18,5.17,5.19,1000000.0,1000000.0,0,0,0,0,0,0,0,0,19,2026-02-05 04:36:42.119214
RTM1P45,0.12,0.11,0.13,1000000.0,1000000.0,0,0,0,0,0,0,0,0,19,2026-02-05 04:36:42.119214
RTM1C46,4.24,4.23,4.25,1000000.0,1000000.0,0,0,0,0,0,0,0,0,19,2026-02-05 04:36:42.119214
RTM1P46,0.18,0.17,0.19,1000000.0,1000000.0,0,0,0,0,0,0,0,0,19,2026-02-05 04:36:42.119214
RTM1C47,3.42,3.41,3.43,1000000.0,1000000.0,0,0,0,0,0,0,0,0,19,2026-02-05 04:36:42.119214
RTM1P47,0.36,0.35,0.37,1000000.0,1000000.0,0,0,0,0,0,0,0,0,19,2026-02-05 04:36:42.119214
RTM1C48,2.69,2.68,2.7,1000000.0,1000000.0,0,0,0,0,0,0,0,0,19,2026-02-05 04:36:42.119214
RTM1P48,0.63,0.62,0.64,1000000.0,1000000.0,0,0,0,0,0,0,0,0,19,2026-02-05 04:36:42.119214
RTM1C49,1.9,1.89,1.91,1000000.0,1000000.0,0,0,0,0,0,0,0,0,19,2026-02-05 04:36:42.119214
RTM1P49,0.84,0.83,0.85,1000000.0,1000000.0,0,0,0,0,0,0,0,0,19,2026-02-05 04:36:42.119214
RTM1C50,1.37,1.36,1.38,1000000.0,1000000.0,0,0,0,0,0,0,0,0,19,2026-02-05 04:36:42.119214
RTM1P50,1.31,1.3,1.32,1000000.0,1000000.0,0,0,0,0,0,0,0,0,19,2026-02-05 04:36:42.119214
RTM1C51,0.95,0.94,0.96,1000000.0,1000000.0,0,0,0,0,0,0,0,0,19,2026-02-05 04:36:42.119214
RTM1P51,1.88,1.87,1.89,1000000.0,1000000.0,0,0,0,0,0,0,0,0,19,2026-02-05 04:36:42.119214
RTM1C52,0.72,0.71,0.73,1000000.0,1000000.0,0,0,0,0,0,0,0,0,19,2026-02-05 04:36:42.119214
RTM1P52,2.66,2.65,2.67,1000000.0,1000000.0,0,0,0,0,0,0,0,0,19,2026-02-05 04:36:42.119214
RTM1C53,0.36,0.35,0.37,1000000.0,1000000.0,0,0,0,0,0,0,0,0,19,2026-02-05 04:36:42.119214
RTM1P53,3.3,3.29,3.31,1000000.0,1000000.0,0,0,0,0,0,0,0,0,19,2026-02-05 04:36:42.119214
RTM1C54,0.3,0.29,0.31,1000000.0,1000000.0,0,0,0,0,0,0,0,0,19,2026-02-05 04:36:42.119214
RTM1P54,4.24,4.23,4.25,1000000.0,1000000.0,0,0,0,0,0,0,0,0,19,2026-02-05 04:36:42.119214
RTM,50.25,50.24,50.26,100000000.0,100000000.0,0,0,0,0,0,0,0,0,20,2026-02-05 04:36:43.198287
RTM1C45,5.36,5.35,5.37,1000000.0,1000000.0,0,0,0,0,0,0,0,0,20,2026-02-05 04:36:43.198287
RTM1P45,0.11,0.1,0.12,1000000.0,1000000.0,0,0,0,0,0,0,0,0,20,2026-02-05 04:36:43.198287
RTM1C46,4.46,4.45,4.47,1000000.0,1000000.0,0,0,0,0,0,0,0,0,20,2026-02-05 04:36:43.198287
RTM1P46,0.21,0.2,0.22,1000000.0,1000000.0,0,0,0,0,0,0,0,0,20,2026-02-05 04:36:43.198287
RTM1C47,3.56,3.55,3.57,1000000.0,1000000.0,0,0,0,0,0,0,0,0,20,2026-02-05 04:36:43.198287
RTM1P47,0.31,0.3,0.32,1000000.0,1000000.0,0,0,0,0,0,0,0,0,20,2026-02-05 04:36:43.198287
RTM1C48,2.83,2.82,2.84,1000000.0,1000000.0,0,0,0,0,0,0,0,0,20,2026-02-05 04:36:43.198287
RTM1P48,0.58,0.57,0.59,1000000.0,1000000.0,0,0,0,0,0,0,0,0,20,2026-02-05 04:36:43.198287
RTM1C49,2.08,2.07,2.09,1000000.0,1000000.0,0,0,0,0,0,0,0,0,20,2026-02-05 04:36:43.198287
RTM1P49,0.82,0.81,0.83,1000000.0,1000000.0,0,0,0,0,0,0,0,0,20,2026-02-05 04:36:43.198287
RTM1C50,1.43,1.42,1.44,1000000.0,1000000.0,0,0,0,0,0,0,0,0,20,2026-02-05 04:36:43.198287
RTM1P50,1.18,1.17,1.19,1000000.0,1000000.0,0,0,0,0,0,0,0,0,20,2026-02-05 04:36:43.198287
RTM1C51,1.19,1.18,1.2,1000000.0,1000000.0,0,0,0,0,0,0,0,0,20,2026-02-05 04:36:43.198287
RTM1P51,1.94,1.93,1.95,1000000.0,1000000.0,0,0,0,0,0,0,0,0,20,2026-02-05 04:36:43.198287
RTM1C52,0.66,0.65,0.67,1000000.0,1000000.0,0,0,0,0,0,0,0,0,20,2026-02-05 04:36:43.198287
RTM1P52,2.41,2.4,2.42,1000000.0,1000000.0,0,0,0,0,0,0,0,0,20,2026-02-05 04:36:43.198287
RTM1C53,0.45,0.44,0.46,1000000.0,1000000.0,0,0,0,0,0,0,0,0,20,2026-02-05 04:36:43.198287
RTM1P53,3.2,3.19,3.21,1000000.0,1000000.0,0,0,0,0,0,0,0,0,20,2026-02-05 04:36:43.198287
RTM1C54,0.35,0.34,0.36,1000000.0,1000000.0,0,0,0,0,0,0,0,0,20,2026-02-05 04:36:43.198287
RTM1P54,4.1,4.09,4.11,1000000.0,1000000.0,0,0,0,0,0,0,0,0,20,2026-02-05 04:36:43.198287
RTM,50.26,50.25,50.27,100000000.0,100000000.0,0,0,0,0,0,0,0,0,21,2026-02-05 04:36:44.270551
RTM1C45,5.35,5.34,5.36,1000000.0,1000000.0,0,0,0,0,0,0,0,0,21,2026-02-05 04:36:44.270551
RTM1P45,0.09,0.08,0.1,1000000.0,1000000.0,0,0,0,0,0,0,0,0,21,2026-02-05 04:36:44.270551
RTM1C46,4.39,4.38,4.4,1000000.0,1000000.0,0,0,0,0,0,0,0,0,21,2026-02-05 04:36:44.270551
RTM1P46,0.13,0.12,0.14,1000000.0,1000000.0,0,0,0,0,0,0,0,0,21,2026-02-05 04:36:44.270551
RTM1C47,3.57,3.56,3.58,1000000.0,1000000.0,0,0,0,0,0,0,0,0,21,2026-02-05 04:36:44.270551
RTM1P47,0.3,0.29,0.31,1000000.0,1000000.0,0,0,0,0,0,0,0,0,21,2026-02-05 04:36:44.270551
RTM1C48,2.86,2.85,2.87,1000000.0,1000000.0,0,0,0,0,0,0,0,0,21,2026-02-05 04:36:44.270551
RTM1P48,0.6,0.59,0.61,1000000.0,1000000.0,0,0,0,0,0,0,0,0,21,2026-02-05 04:36:44.270551
RTM1C49,2.13,2.12,2.14,1000000.0,1000000.0,0,0,0,0,0,0,0,0,21,2026-02-05 04:36:44.270551
RTM1P49,0.87,0.86,0.88,1000000.0,1000000.0,0,0,0,0,0,0,0,0,21,2026-02-05 04:36:44.270551
RTM1C50,1.54,1.53,1.55,1000000.0,1000000.0,0,0,0,0,0,0,0,0,21,2026-02-05 04:36:44.270551
RTM1P50,1.28,1.27,1.29,1000000.0,1000000.0,0,0,0,0,0,0,0,0,21,2026-02-05 04:36:44.270551
RTM1C51,1.2,1.19,1.21,1000000.0,1000000.0,0,0,0,0,0,0,0,0,21,2026-02-05 04:36:44.270551
RTM1P51,1.93,1.92,1.94,1000000.0,1000000.0,0,0,0,0,0,0,0,0,21,2026-02-05 04:36:44.270551
RTM1C52,0.8,0.79,0.81,1000000.0,1000000.0,0,0,0,0,0,0,0,0,21,2026-02-05 04:36:44.270551
RTM1P52,2.54,2.53,2.55,1000000.0,1000000.0,0,0,0,0,0,0,0,0,21,2026-02-05 04:36:44.270551
RTM1C53,0.4,0.39,0.41,1000000.0,1000000.0,0,0,0,0,0,0,0,0,21,2026-02-05 04:36:44.270551
RTM1P53,3.14,3.13,3.15,1000000.0,1000000.0,0,0,0,0,0,0,0,0,21,2026-02-05 04:36:44.270551
RTM1C54,0.32,0.31,0.33,1000000.0,1000000.0,0,0,0,0,0,0,0,0,21,2026-02-05 04:36:44.270551
RTM1P54,4.06,4.05,4.07,1000000.0,1000000.0,0,0,0,0,0,0,0,0,21,2026-02-05 04:36:44.270551
RTM,50.52,50.52,50.54,100000000.0,100000000.0,0,0,0,0,0,0,0,0,22,2026-02-05 04:36:45.353512
RTM1C45,5.63,5.62,5.64,1000000.0,1000000.0,0,0,0,0,0,0,0,0,22,2026-02-05 04:36:45.353512
RTM1P45,0.1,0.09,0.11,1000000.0,1000000.0,0,0,0,0,0,0,0,0,22,2026-02-05 04:36:45.353512
RTM1C46,4.65,4.64,4.66,1000000.0,1000000.0,0,0,0,0,0,0,0,0,22,2026-02-05 04:36:45.353512
RTM1P46,0.12,0.11,0.13,1000000.0,1000000.0,0,0,0,0,0,0,0,0,22,2026-02-05 04:36:45.353512
RTM1C47,3.79,3.78,3.8,1000000.0,1000000.0,0,0,0,0,0,0,0,0,22,2026-02-05 04:36:45.353512
RTM1P47,0.26,0.25,0.27,1000000.0,1000000.0,0,0,0,0,0,0,0,0,22,2026-02-05 04:36:45.353512
RTM1C48,3.06,3.05,3.07,1000000.0,1000000.0,0,0,0,0,0,0,0,0,22,2026-02-05 04:36:45.353512
RTM1P48,0.52,0.51,0.53,1000000.0,1000000.0,0,0,0,0,0,0,0,0,22,2026-02-05 04:36:45.353512
RTM1C49,2.31,2.3,2.32,1000000.0,1000000.0,0,0,0,0,0,0,0,0,22,2026-02-05 04:36:45.353512
RTM1P49,0.78,0.77,0.79,1000000.0,1000000.0,0,0,0,0,0,0,0,0,22,2026-02-05 04:36:45.353512
RTM1C50,1.68,1.67,1.69,1000000.0,1000000.0,0,0,0,0,0,0,0,0,22,2026-02-05 04:36:45.353512
RTM1P50,1.14,1.13,1.15,1000000.0,1000000.0,0,0,0,0,0,0,0,0,22,2026-02-05 04:36:45.353512
RTM1C51,1.23,1.22,1.24,1000000.0,1000000.0,0,0,0,0,0,0,0,0,22,2026-02-05 04:36:45.353512
RTM1P51,1.7,1.69,1.71,1000000.0,1000000.0,0,0,0,0,0,0,0,0,22,2026-02-05 04:36:45.353512
RTM1C52,0.83,0.82,0.84,1000000.0,1000000.0,0,0,0,0,0,0,0,0,22,2026-02-05 04:36:45.353512
RTM1P52,2.29,2.28,2.3,1000000.0,1000000.0,0,0,0,0,0,0,0,0,22,2026-02-05 04:36:45.353512
RTM1C53,0.65,0.64,0.66,1000000.0,1000000.0,0,0,0,0,0,0,0,0,22,2026-02-05 04:36:45.353512
RTM1P53,3.12,3.11,3.13,1000000.0,1000000.0,0,0,0,0,0,0,0,0,22,2026-02-05 04:36:45.353512
RTM1C54,0.34,0.33,0.35,1000000.0,1000000.0,0,0,0,0,0,0,0,0,22,2026-02-05 04:36:45.353512
RTM1P54,3.8,3.79,3.81,1000000.0,1000000.0,0,0,0,0,0,0,0,0,22,2026-02-05 04:36:45.353512
RTM,50.68,50.68,50.7,100000000.0,100000000.0,0,0,0,0,0,0,0,0,23,2026-02-05 04:36:46.422417
RTM1C45,5.79,5.78,5.8,1000000.0,1000000.0,0,0,0,0,0,0,0,0,23,2026-02-05 04:36:46.422417
RTM1P45,0.1,0.09,0.11,1000000.0,1000000.0,0,0,0,0,0,0,0,0,23,2026-02-05 04:36:46.422417
RTM1C46,4.83,4.82,4.84,1000000.0,1000000.0,0,0,0,0,0,0,0,0,23,2026-02-05 04:36:46.422417
RTM1P46,0.14,0.13,0.15,1000000.0,1000000.0,0,0,0,0,0,0,0,0,23,2026-02-05 04:36:46.422417
RTM1C47,3.99,3.98,4.0,1000000.0,1000000.0,0,0,0,0,0,0,0,0,23,2026-02-05 04:36:46.422417
RTM1P47,0.3,0.29,0.31,1000000.0,1000000.0,0,0,0,0,0,0,0,0,23,2026-02-05 04:36:46.422417
RTM1C48,3.15,3.14,3.16,1000000.0,1000000.0,0,0,0,0,0,0,0,0,23,2026-02-05 04:36:46.422417
RTM1P48,0.46,0.45,0.47,1000000.0,1000000.0,0,0,0,0,0,0,0,0,23,2026-02-05 04:36:46.422417
RTM1C49,2.34,2.33,2.35,1000000.0,1000000.0,0,0,0,0,0,0,0,0,23,2026-02-05 04:36:46.422417
RTM1P49,0.65,0.64,0.66,1000000.0,1000000.0,0,0,0,0,0,0,0,0,23,2026-02-05 04:36:46.422417
RTM1C50,1.89,1.88,1.9,1000000.0,1000000.0,0,0,0,0,0,0,0,0,23,2026-02-05 04:36:46.422417
RTM1P50,1.2,1.19,1.21,1000000.0,1000000.0,0,0,0,0,0,0,0,0,23,2026-02-05 04:36:46.422417
RTM1C51,1.29,1.28,1.3,1000000.0,1000000.0,0,0,0,0,0,0,0,0,23,2026-02-05 04:36:46.422417
RTM1P51,1.6,1.59,1.61,1000000.0,1000000.0,0,0,0,0,0,0,0,0,23,2026-02-05 04:36:46.422417
RTM1C52,0.86,0.85,0.87,1000000.0,1000000.0,0,0,0,0,0,0,0,0,23,2026-02-05 04:36:46.422417
RTM1P52,2.17,2.16,2.18,1000000.0,1000000.0,0,0,0,0,0,0,0,0,23,2026-02-05 04:36:46.422417
RTM1C53,0.63,0.62,0.64,1000000.0,1000000.0,0,0,0,0,0,0,0,0,23,2026-02-05 04:36:46.422417
RTM1P53,2.94,2.93,2.95,1000000.0,1000000.0,0,0,0,0,0,0,0,0,23,2026-02-05 04:36:46.422417
RTM1C54,0.32,0.31,0.33,1000000.0,1000000.0,0,0,0,0,0,0,0,0,23,2026-02-05 04:36:46.422417
RTM1P54,3.63,3.62,3.64,1000000.0,1000000.0,0,0,0,0,0,0,0,0,23,2026-02-05 04:36:46.422417
RTM,50.91,50.9,50.92,100000000.0,100000000.0,0,0,0,0,0,0,0,0,24,2026-02-05 04:36:46.998187
RTM1C45,5.97,5.96,5.98,1000000.0,1000000.0,0,0,0,0,0,0,0,0,24,2026-02-05 04:36:46.998187
RTM1P45,0.06,0.05,0.07,1000000.0,1000000.0,0,0,0,0,0,0,0,0,24,2026-02-05 04:36:46.998187
RTM1C46,4.99,4.98,5.0,1000000.0,1000000.0,0,0,0,0,0,0,0,0,24,2026-02-05 04:36:46.998187
RTM1P46,0.08,0.07,0.09,1000000.0,1000000.0,0,0,0,0,0,0,0,0,24,2026-02-05 04:36:46.998187
RTM1C47,4.15,4.14,4.16,1000000.0,1000000.0,0,0,0,0,0,0,0,0,24,2026-02-05 04:36:46.998187
RTM1P47,0.23,0.22,0.24,1000000.0,1000000.0,0,0,0,0,0,0,0,0,24,2026-02-05 04:36:46.998187
RTM1C48,3.28,3.27,3.29,1000000.0,1000000.0,0,0,0,0,0,0,0,0,24,2026-02-05 04:36:46.998187
RTM1P48,0.37,0.36,0.38,1000000.0,1000000.0,0,0,0,0,0,0,0,0,24,2026-02-05 04:36:46.998187
RTM1C49,2.66,2.65,2.67,1000000.0,1000000.0,0,0,0,0,0,0,0,0,24,2026-02-05 04:36:46.998187
RTM1P49,0.75,0.74,0.76,1000000.0,1000000.0,0,0,0,0,0,0,0,0,24,2026-02-05 04:36:46.998187
RTM1C50,1.98,1.97,1.99,1000000.0,1000000.0,0,0,0,0,0,0,0,0,24,2026-02-05 04:36:46.998187
RTM1P50,1.07,1.06,1.08,1000000.0,1000000.0,0,0,0,0,0,0,0,0,24,2026-02-05 04:36:46.998187
RTM1C51,1.44,1.43,1.45,1000000.0,1000000.0,0,0,0,0,0,0,0,0,24,2026-02-05 04:36:46.998187
RTM1P51,1.53,1.52,1.54,1000000.0,1000000.0,0,0,0,0,0,0,0,0,24,2026-02-05 04:36:46.998187
RTM1C52,0.95,0.94,0.96,1000000.0,1000000.0,0,0,0,0,0,0,0,0,24,2026-02-05 04:36:46.998187
RTM1P52,2.04,2.03,2.05,1000000.0,1000000.0,0,0,0,0,0,0,0,0,24,2026-02-05 04:36:46.998187
RTM1C53,0.63,0.62,0.64,1000000.0,1000000.0,0,0,0,0,0,0,0,0,24,2026-02-05 04:36:46.998187
RTM1P53,2.72,2.71,2.73,1000000.0,1000000.0,0,0,0,0,0,0,0,0,24,2026-02-05 04:36:46.998187
RTM1C54,0.42,0.41,0.43,1000000.0,1000000.0,0,0,0,0,0,0,0,0,24,2026-02-05 04:36:46.998187
RTM1P54,3.51,3.5,3.52,1000000.0,1000000.0,0,0,0,0,0,0,0,0,24,2026-02-05 04:36:46.998187
RTM,50.9,50.89,50.91,100000000.0,100000000.0,0,0,0,0,0,0,0,0,25,2026-02-05 04:36:48.137685
RTM1C45,5.97,5.96,5.98,1000000.0,1000000.0,0,0,0,0,0,0,0,0,25,2026-02-05 04:36:48.137685
RTM1P45,0.07,0.06,0.08,1000000.0,1000000.0,0,0,0,0,0,0,0,0,25,2026-02-05 04:36:48.137685
RTM1C46,5.05,5.04,5.06,1000000.0,1000000.0,0,0,0,0,0,0,0,0,25,2026-02-05 04:36:48.137685
RTM1P46,0.15,0.14,0.16,1000000.0,1000000.0,0,0,0,0,0,0,0,0,25,2026-02-05 04:36:48.137685
RTM1C47,4.11,4.1,4.12,1000000.0,1000000.0,0,0,0,0,0,0,0,0,25,2026-02-05 04:36:48.137685
RTM1P47,0.21,0.2,0.22,1000000.0,1000000.0,0,0,0,0,0,0,0,0,25,2026-02-05 04:36:48.137685
RTM1C48,3.34,3.33,3.35,1000000.0,1000000.0,0,0,0,0,0,0,0,0,25,2026-02-05 04:36:48.137685
RTM1P48,0.44,0.43,0.45,1000000.0,1000000.0,0,0,0,0,0,0,0,0,25,2026-02-05 04:36:48.137685
RTM1C49,2.51,2.5,2.52,1000000.0,1000000.0,0,0,0,0,0,0,0,0,25,2026-02-05 04:36:48.137685
RTM1P49,0.61,0.6,0.62,1000000.0,1000000.0,0,0,0,0,0,0,0,0,25,2026-02-05 04:36:48.137685
RTM1C50,1.99,1.98,2.0,1000000.0,1000000.0,0,0,0,0,0,0,0,0,25,2026-02-05 04:36:48.137685
RTM1P50,1.09,1.08,1.1,1000000.0,1000000.0,0,0,0,0,0,0,0,0,25,2026-02-05 04:36:48.137685
RTM1C51,1.38,1.37,1.39,1000000.0,1000000.0,0,0,0,0,0,0,0,0,25,2026-02-05 04:36:48.137685
RTM1P51,1.48,1.47,1.49,1000000.0,1000000.0,0,0,0,0,0,0,0,0,25,2026-02-05 04:36:48.137685
RTM1C52,0.92,0.91,0.93,1000000.0,1000000.0,0,0,0,0,0,0,0,0,25,2026-02-05 04:36:48.137685
RTM1P52,2.02,2.01,2.03,1000000.0,1000000.0,0,0,0,0,0,0,0,0,25,2026-02-05 04:36:48.137685
RTM1C53,0.61,0.6,0.62,1000000.0,1000000.0,0,0,0,0,0,0,0,0,25,2026-02-05 04:36:48.137685
RTM1P53,2.71,2.7,2.72,1000000.0,1000000.0,0,0,0,0,0,0,0,0,25,2026-02-05 04:36:48.137685
RTM1C54,0.45,0.44,0.46,1000000.0,1000000.0,0,0,0,0,0,0,0,0,25,2026-02-05 04:36:48.137685
RTM1P54,3.55,3.54,3.56,1000000.0,1000000.0,0,0,0,0,0,0,0,0,25,2026-02-05 04:36:48.137685
RTM,51.11,51.11,51.13,100000000.0,100000000.0,0,0,0,0,0,0,0,0,26,2026-02-05 04:36:49.243658
RTM1C45,6.15,6.14,6.16,1000000.0,1000000.0,0,0,0,0,0,0,0,0,26,2026-02-05 04:36:49.243658
RTM1P45,0.03,0.02,0.04,1000000.0,1000000.0,0,0,0,0,0,0,0,0,26,2026-02-05 04:36:49.243658
RTM1C46,5.26,5.25,5.27,1000000.0,1000000.0,0,0,0,0,0,0,0,0,26,2026-02-05 04:36:49.243658
RTM1P46,0.14,0.13,0.15,1000000.0,1000000.0,0,0,0,0,0,0,0,0,26,2026-02-05 04:36:49.243658
RTM1C47,4.38,4.37,4.39,1000000.0,1000000.0,0,0,0,0,0,0,0,0,26,2026-02-05 04:36:49.243658
RTM1P47,0.25,0.24,0.26,1000000.0,1000000.0,0,0,0,0,0,0,0,0,26,2026-02-05 04:36:49.243658
RTM1C48,3.57,3.56,3.58,1000000.0,1000000.0,0,0,0,0,0,0,0,0,26,2026-02-05 04:36:49.243658
RTM1P48,0.45,0.44,0.46,1000000.0,1000000.0,0,0,0,0,0,0,0,0,26,2026-02-05 04:36:49.243658
RTM1C49,2.77,2.76,2.78,1000000.0,1000000.0,0,0,0,0,0,0,0,0,26,2026-02-05 04:36:49.243658
RTM1P49,0.65,0.64,0.66,1000000.0,1000000.0,0,0,0,0,0,0,0,0,26,2026-02-05 04:36:49.243658
RTM1C50,2.15,2.14,2.16,1000000.0,1000000.0,0,0,0,0,0,0,0,0,26,2026-02-05 04:36:49.243658
RTM1P50,1.03,1.02,1.04,1000000.0,1000000.0,0,0,0,0,0,0,0,0,26,2026-02-05 04:36:49.243658
RTM1C51,1.53,1.52,1.54,1000000.0,1000000.0,0,0,0,0,0,0,0,0,26,2026-02-05 04:36:49.243658
RTM1P51,1.4,1.39,1.41,1000000.0,1000000.0,0,0,0,0,0,0,0,0,26,2026-02-05 04:36:49.243658
RTM1C52,1.14,1.13,1.15,1000000.0,1000000.0,0,0,0,0,0,0,0,0,26,2026-02-05 04:36:49.243658
RTM1P52,2.02,2.01,2.03,1000000.0,1000000.0,0,0,0,0,0,0,0,0,26,2026-02-05 04:36:49.243658
RTM1C53,0.7,0.69,0.71,1000000.0,1000000.0,0,0,0,0,0,0,0,0,26,2026-02-05 04:36:49.243658
RTM1P53,2.58,2.57,2.59,1000000.0,1000000.0,0,0,0,0,0,0,0,0,26,2026-02-05 04:36:49.243658
RTM1C54,0.55,0.54,0.56,1000000.0,1000000.0,0,0,0,0,0,0,0,0,26,2026-02-05 04:36:49.243658
RTM1P54,3.43,3.42,3.44,1000000.0,1000000.0,0,0,0,0,0,0,0,0,26,2026-02-05 04:36:49.243658
RTM,50.78,50.77,50.79,100000000.0,100000000.0,0,0,0,0,0,0,0,0,27,2026-02-05 04:36:50.359414
RTM1C45,5.83,5.82,5.84,1000000.0,1000000.0,0,0,0,0,0,0,0,0,27,2026-02-05 04:36:50.359414
RTM1P45,0.05,0.04,0.06,1000000.0,1000000.0,0,0,0,0,0,0,0,0,27,2026-02-05 04:36:50.359414
RTM1C46,4.91,4.9,4.92,1000000.0,1000000.0,0,0,0,0,0,0,0,0,27,2026-02-05 04:36:50.359414
RTM1P46,0.13,0.12,0.14,1000000.0,1000000.0,0,0,0,0,0,0,0,0,27,2026-02-05 04:36:50.359414
RTM1C47,4.02,4.01,4.03,1000000.0,1000000.0,0,0,0,0,0,0,0,0,27,2026-02-05 04:36:50.359414
RTM1P47,0.24,0.23,0.25,1000000.0,1000000.0,0,0,0,0,0,0,0,0,27,2026-02-05 04:36:50.359414
RTM1C48,3.3,3.29,3.31,1000000.0,1000000.0,0,0,0,0,0,0,0,0,27,2026-02-05 04:36:50.359414
RTM1P48,0.53,0.52,0.54,1000000.0,1000000.0,0,0,0,0,0,0,0,0,27,2026-02-05 04:36:50.359414
RTM1C49,2.58,2.57,2.59,1000000.0,1000000.0,0,0,0,0,0,0,0,0,27,2026-02-05 04:36:50.359414
RTM1P49,0.8,0.79,0.81,1000000.0,1000000.0,0,0,0,0,0,0,0,0,27,2026-02-05 04:36:50.359414
RTM1C50,1.86,1.85,1.87,1000000.0,1000000.0,0,0,0,0,0,0,0,0,27,2026-02-05 04:36:50.359414
RTM1P50,1.08,1.07,1.09,1000000.0,1000000.0,0,0,0,0,0,0,0,0,27,2026-02-05 04:36:50.359414
RTM1C51,1.29,1.28,1.3,1000000.0,1000000.0,0,0,0,0,0,0,0,0,27,2026-02-05 04:36:50.359414
RTM1P51,1.51,1.5,1.52,1000000.0,1000000.0,0,0,0,0,0,0,0,0,27,2026-02-05 04:36:50.359414
RTM1C52,0.9,0.89,0.91,1000000.0,1000000.0,0,0,0,0,0,0,0,0,27,2026-02-05 04:36:50.359414
RTM1P52,2.12,2.11,2.13,1000000.0,1000000.0,0,0,0,0,0,0,0,0,27,2026-02-05 04:36:50.359414
RTM1C53,0.67,0.66,0.68,1000000.0,1000000.0,0,0,0,0,0,0,0,0,27,2026-02-05 04:36:50.359414
RTM1P53,2.89,2.88,2.9,1000000.0,1000000.0,0,0,0,0,0,0,0,0,27,2026-02-05 04:36:50.359414
RTM1C54,0.48,0.47,0.49,1000000.0,1000000.0,0,0,0,0,0,0,0,0,27,2026-02-05 04:36:50.359414
RTM1P54,3.7,3.69,3.71,1000000.0,1000000.0,0,0,0,0,0,0,0,0,27,2026-02-05 04:36:50.359414
RTM,50.97,50.96,50.98,100000000.0,100000000.0,0,0,0,0,0,0,0,0,28,2026-02-05 04:36:51.430898
RTM1C45,6.02,6.01,6.03,1000000.0,1000000.0,0,0,0,0,0,0,0,0,28,2026-02-05 04:36:51.430898
RTM1P45,0.05,0.04,0.06,1000000.0,1000000.0,0,0,0,0,0,0,0,0,28,2026-02-05 04:36:51.430898
RTM1C46,5.13,5.12,5.14,1000000.0,1000000.0,0,0,0,0,0,0,0,0,28,2026-02-05 04:36:51.430898
RTM1P46,0.16,0.15,0.17,1000000.0,1000000.0,0,0,0,0,0,0,0,0,28,2026-02-05 04:36:51.430898
RTM1C47,4.26,4.25,4.27,1000000.0,1000000.0,0,0,0,0,0,0,0,0,28,2026-02-05 04:36:51.430898
RTM1P47,0.29,0.28,0.3,1000000.0,1000000.0,0,0,0,0,0,0,0,0,28,2026-02-05 04:36:51.430898
RTM1C48,3.43,3.42,3.44,1000000.0,1000000.0,0,0,0,0,0,0,0,0,28,2026-02-05 04:36:51.430898
RTM1P48,0.46,0.45,0.47,1000000.0,1000000.0,0,0,0,0,0,0,0,0,28,2026-02-05 04:36:51.430898
RTM1C49,2.7,2.69,2.71,1000000.0,1000000.0,0,0,0,0,0,0,0,0,28,2026-02-05 04:36:51.430898
RTM1P49,0.74,0.73,0.75,1000000.0,1000000.0,0,0,0,0,0,0,0,0,28,2026-02-05 04:36:51.430898
RTM1C50,2.03,2.02,2.04,1000000.0,1000000.0,0,0,0,0,0,0,0,0,28,2026-02-05 04:36:51.430898
RTM1P50,1.06,1.05,1.07,1000000.0,1000000.0,0,0,0,0,0,0,0,0,28,2026-02-05 04:36:51.430898
RTM1C51,1.48,1.47,1.49,1000000.0,1000000.0,0,0,0,0,0,0,0,0,28,2026-02-05 04:36:51.430898
RTM1P51,1.51,1.5,1.52,1000000.0,1000000.0,0,0,0,0,0,0,0,0,28,2026-02-05 04:36:51.430898
RTM1C52,1.13,1.12,1.14,1000000.0,1000000.0,0,0,0,0,0,0,0,0,28,2026-02-05 04:36:51.430898
RTM1P52,2.17,2.16,2.18,1000000.0,1000000.0,0,0,0,0,0,0,0,0,28,2026-02-05 04:36:51.430898
RTM1C53,0.7,0.69,0.71,1000000.0,1000000.0,0,0,0,0,0,0,0,0,28,2026-02-05 04:36:51.430898
RTM1P53,2.73,2.72,2.74,1000000.0,1000000.0,0,0,0,0,0,0,0,0,28,2026-02-05 04:36:51.430898
RTM1C54,0.41,0.4,0.42,1000000.0,1000000.0,0,0,0,0,0,0,0,0,28,2026-02-05 04:36:51.430898
RTM1P54,3.44,3.43,3.45,1000000.0,1000000.0,0,0,0,0,0,0,0,0,28,2026-02-05 04:36:51.430898
RTM,51.02,51.01,51.03,100000000.0,100000000.0,0,0,0,0,0,0,0,0,29,2026-02-05 04:36:52.020264
RTM1C45,6.09,6.08,6.1,1000000.0,1000000.0,0,0,0,0,0,0,0,0,29,2026-02-05 04:36:52.020264
RTM1P45,0.08,0.07,0.09,1000000.0,1000000.0,0,0,0,0,0,0,0,0,29,2026-02-05 04:36:52.020264
RTM1C46,5.15,5.14,5.16,1000000.0,1000000.0,0,0,0,0,0,0,0,0,29,2026-02-05 04:36:52.020264
RTM1P46,0.13,0.12,0.14,1000000.0,1000000.0,0,0,0,0,0,0,0,0,29,2026-02-05 04:36:52.020264
RTM1C47,4.25,4.24,4.26,1000000.0,1000000.0,0,0,0,0,0,0,0,0,29,2026-02-05 04:36:52.020264
RTM1P47,0.23,0.22,0.24,1000000.0,1000000.0,0,0,0,0,0,0,0,0,29,2026-02-05 04:36:52.020264
RTM1C48,3.41,3.4,3.42,1000000.0,1000000.0,0,0,0,0,0,0,0,0,29,2026-02-05 04:36:52.020264
RTM1P48,0.39,0.38,0.4,1000000.0,1000000.0,0,0,0,0,0,0,0,0,29,2026-02-05 04:36:52.020264
RTM1C49,2.67,2.66,2.68,1000000.0,1000000.0,0,0,0,0,0,0,0,0,29,2026-02-05 04:36:52.020264
RTM1P49,0.65,0.64,0.66,1000000.0,1000000.0,0,0,0,0,0,0,0,0,29,2026-02-05 04:36:52.020264
RTM1C50,2.0,1.99,2.01,1000000.0,1000000.0,0,0,0,0,0,0,0,0,29,2026-02-05 04:36:52.020264
RTM1P50,0.99,0.98,1.0,1000000.0,1000000.0,0,0,0,0,0,0,0,0,29,2026-02-05 04:36:52.020264
RTM1C51,1.51,1.5,1.52,1000000.0,1000000.0,0,0,0,0,0,0,0,0,29,2026-02-05 04:36:52.020264
RTM1P51,1.49,1.48,1.5,1000000.0,1000000.0,0,0,0,0,0,0,0,0,29,2026-02-05 04:36:52.020264
RTM1C52,1.08,1.07,1.09,1000000.0,1000000.0,0,0,0,0,0,0,0,0,29,2026-02-05 04:36:52.020264
RTM1P52,2.07,2.06,2.08,1000000.0,1000000.0,0,0,0,0,0,0,0,0,29,2026-02-05 04:36:52.020264
RTM1C53,0.79,0.78,0.8,1000000.0,1000000.0,0,0,0,0,0,0,0,0,29,2026-02-05 04:36:52.020264
RTM1P53,2.77,2.76,2.78,1000000.0,1000000.0,0,0,0,0,0,0,0,0,29,2026-02-05 04:36:52.020264
RTM1C54,0.54,0.53,0.55,1000000.0,1000000.0,0,0,0,0,0,0,0,0,29,2026-02-05 04:36:52.020264
RTM1P54,3.53,3.52,3.54,1000000.0,1000000.0,0,0,0,0,0,0,0,0,29,2026-02-05 04:36:52.020264
RTM,50.79,50.78,50.8,100000000.0,100000000.0,0,0,0,0,0,0,0,0,30,2026-02-05 04:36:53.174848
RTM1C45,5.85,5.84,5.86,1000000.0,1000000.0,0,0,0,0,0,0,0,0,30,2026-02-05 04:36:53.174848
RTM1P45,0.06,0.05,0.07,1000000.0,1000000.0,0,0,0,0,0,0,0,0,30,2026-02-05 04:36:53.174848
RTM1C46,4.92,4.91,4.93,1000000.0,1000000.0,0,0,0,0,0,0,0,0,30,2026-02-05 04:36:53.174848
RTM1P46,0.13,0.12,0.14,1000000.0,1000000.0,0,0,0,0,0,0,0,0,30,2026-02-05 04:36:53.174848
RTM1C47,4.09,4.08,4.1,1000000.0,1000000.0,0,0,0,0,0,0,0,0,30,2026-02-05 04:36:53.174848
RTM1P47,0.3,0.29,0.31,1000000.0,1000000.0,0,0,0,0,0,0,0,0,30,2026-02-05 04:36:53.174848
RTM1C48,3.3,3.29,3.31,1000000.0,1000000.0,0,0,0,0,0,0,0,0,30,2026-02-05 04:36:53.174848
RTM1P48,0.51,0.5,0.52,1000000.0,1000000.0,0,0,0,0,0,0,0,0,30,2026-02-05 04:36:53.174848
RTM1C49,2.57,2.56,2.58,1000000.0,1000000.0,0,0,0,0,0,0,0,0,30,2026-02-05 04:36:53.174848
RTM1P49,0.77,0.76,0.78,1000000.0,1000000.0,0,0,0,0,0,0,0,0,30,2026-02-05 04:36:53.174848
RTM1C50,1.87,1.86,1.88,1000000.0,1000000.0,0,0,0,0,0,0,0,0,30,2026-02-05 04:36:53.174848
RTM1P50,1.08,1.07,1.09,1000000.0,1000000.0,0,0,0,0,0,0,0,0,30,2026-02-05 04:36:53.174848
RTM1C51,1.38,1.37,1.39,1000000.0,1000000.0,0,0,0,0,0,0,0,0,30,2026-02-05 04:36:53.174848
RTM1P51,1.58,1.57,1.59,1000000.0,1000000.0,0,0,0,0,0,0,0,0,30,2026-02-05 04:36:53.174848
RTM1C52,1.07,1.06,1.08,1000000.0,1000000.0,0,0,0,0,0,0,0,0,30,2026-02-05 04:36:53.174848
RTM1P52,2.28,2.27,2.29,1000000.0,1000000.0,0,0,0,0,0,0,0,0,30,2026-02-05 04:36:53.174848
RTM1C53,0.68,0.67,0.69,1000000.0,1000000.0,0,0,0,0,0,0,0,0,30,2026-02-05 04:36:53.174848
RTM1P53,2.89,2.88,2.9,1000000.0,1000000.0,0,0,0,0,0,0,0,0,30,2026-02-05 04:36:53.174848
RTM1C54,0.47,0.46,0.48,1000000.0,1000000.0,0,0,0,0,0,0,0,0,30,2026-02-05 04:36:53.174848
RTM1P54,3.68,3.67,3.69,1000000.0,1000000.0,0,0,0,0,0,0,0,0,30,2026-02-05 04:36:53.174848
RTM,50.95,50.94,50.96,100000000.0,100000000.0,0,0,0,0,0,0,0,0,31,2026-02-05 04:36:54.274499
RTM1C45,6.02,6.01,6.03,1000000.0,1000000.0,0,0,0,0,0,0,0,0,31,2026-02-05 04:36:54.274499
RTM1P45,0.07,0.06,0.08,1000000.0,1000000.0,0,0,0,0,0,0,0,0,31,2026-02-05 04:36:54.274499
RTM1C46,5.08,5.07,5.09,1000000.0,1000000.0,0,0,0,0,0,0,0,0,31,2026-02-05 04:36:54.274499
RTM1P46,0.13,0.12,0.14,1000000.0,1000000.0,0,0,0,0,0,0,0,0,31,2026-02-05 04:36:54.274499
RTM1C47,4.2,4.19,4.21,1000000.0,1000000.0,0,0,0,0,0,0,0,0,31,2026-02-05 04:36:54.274499
RTM1P47,0.25,0.24,0.26,1000000.0,1000000.0,0,0,0,0,0,0,0,0,31,2026-02-05 04:36:54.274499
RTM1C48,3.38,3.37,3.39,1000000.0,1000000.0,0,0,0,0,0,0,0,0,31,2026-02-05 04:36:54.274499
RTM1P48,0.43,0.42,0.44,1000000.0,1000000.0,0,0,0,0,0,0,0,0,31,2026-02-05 04:36:54.274499
RTM1C49,2.74,2.73,2.75,1000000.0,1000000.0,0,0,0,0,0,0,0,0,31,2026-02-05 04:36:54.274499
RTM1P49,0.78,0.77,0.79,1000000.0,1000000.0,0,0,0,0,0,0,0,0,31,2026-02-05 04:36:54.274499
RTM1C50,1.97,1.96,1.98,1000000.0,1000000.0,0,0,0,0,0,0,0,0,31,2026-02-05 04:36:54.274499
RTM1P50,1.02,1.01,1.03,1000000.0,1000000.0,0,0,0,0,0,0,0,0,31,2026-02-05 04:36:54.274499
RTM1C51,1.57,1.56,1.58,1000000.0,1000000.0,0,0,0,0,0,0,0,0,31,2026-02-05 04:36:54.274499
RTM1P51,1.61,1.6,1.62,1000000.0,1000000.0,0,0,0,0,0,0,0,0,31,2026-02-05 04:36:54.274499
RTM1C52,0.9,0.89,0.91,1000000.0,1000000.0,0,0,0,0,0,0,0,0,31,2026-02-05 04:36:54.274499
RTM1P52,1.94,1.93,1.95,1000000.0,1000000.0,0,0,0,0,0,0,0,0,31,2026-02-05 04:36:54.274499
RTM1C53,0.71,0.7,0.72,1000000.0,1000000.0,0,0,0,0,0,0,0,0,31,2026-02-05 04:36:54.274499
RTM1P53,2.75,2.74,2.76,1000000.0,1000000.0,0,0,0,0,0,0,0,0,31,2026-02-05 04:36:54.274499
RTM1C54,0.51,0.5,0.52,1000000.0,1000000.0,0,0,0,0,0,0,0,0,31,2026-02-05 04:36:54.274499
RTM1P54,3.56,3.55,3.57,1000000.0,1000000.0,0,0,0,0,0,0,0,0,31,2026-02-05 04:36:54.274499
RTM,50.64,50.63,50.65,100000000.0,100000000.0,0,0,0,0,0,0,0,0,32,2026-02-05 04:36:55.372189
RTM1C45,5.73,5.72,5.74,1000000.0,1000000.0,0,0,0,0,0,0,0,0,32,2026-02-05 04:36:55.372189
RTM1P45,0.09,0.08,0.1,1000000.0,1000000.0,0,0,0,0,0,0,0,0,32,2026-02-05 04:36:55.372189
RTM1C46,4.78,4.77,4.79,1000000.0,1000000.0,0,0,0,0,0,0,0,0,32,2026-02-05 04:36:55.372189
RTM1P46,0.14,0.13,0.15,1000000.0,1000000.0,0,0,0,0,0,0,0,0,32,2026-02-05 04:36:55.372189
RTM1C47,3.97,3.96,3.98,1000000.0,1000000.0,0,0,0,0,0,0,0,0,32,2026-02-05 04:36:55.372189
RTM1P47,0.33,0.32,0.34,1000000.0,1000000.0,0,0,0,0,0,0,0,0,32,2026-02-05 04:36:55.372189
RTM1C48,3.1,3.09,3.11,1000000.0,1000000.0,0,0,0,0,0,0,0,0,32,2026-02-05 04:36:55.372189
RTM1P48,0.46,0.45,0.47,1000000.0,1000000.0,0,0,0,0,0,0,0,0,32,2026-02-05 04:36:55.372189
RTM1C49,2.44,2.43,2.45,1000000.0,1000000.0,0,0,0,0,0,0,0,0,32,2026-02-05 04:36:55.372189
RTM1P49,0.8,0.79,0.81,1000000.0,1000000.0,0,0,0,0,0,0,0,0,32,2026-02-05 04:36:55.372189
RTM1C50,1.87,1.86,1.88,1000000.0,1000000.0,0,0,0,0,0,0,0,0,32,2026-02-05 04:36:55.372189
RTM1P50,1.23,1.22,1.24,1000000.0,1000000.0,0,0,0,0,0,0,0,0,32,2026-02-05 04:36:55.372189
RTM1C51,1.25,1.24,1.26,1000000.0,1000000.0,0,0,0,0,0,0,0,0,32,2026-02-05 04:36:55.372189
RTM1P51,1.61,1.6,1.62,1000000.0,1000000.0,0,0,0,0,0,0,0,0,32,2026-02-05 04:36:55.372189
RTM1C52,0.87,0.85,0.87,1000000.0,1000000.0,0,0,0,0,0,0,0,0,32,2026-02-05 04:36:55.372189
RTM1P52,2.22,2.21,2.23,1000000.0,1000000.0,0,0,0,0,0,0,0,0,32,2026-02-05 04:36:55.372189
RTM1C53,0.7,0.69,0.71,1000000.0,1000000.0,0,0,0,0,0,0,0,0,32,2026-02-05 04:36:55.372189
RTM1P53,3.06,3.05,3.07,1000000.0,1000000.0,0,0,0,0,0,0,0,0,32,2026-02-05 04:36:55.372189
RTM1C54,0.38,0.37,0.39,1000000.0,1000000.0,0,0,0,0,0,0,0,0,32,2026-02-05 04:36:55.372189
RTM1P54,3.74,3.73,3.75,1000000.0,1000000.0,0,0,0,0,0,0,0,0,32,2026-02-05 04:36:55.372189
RTM,51.04,51.04,51.06,100000000.0,100000000.0,0,0,0,0,0,0,0,0,33,2026-02-05 04:36:56.438711
RTM1C45,6.11,6.1,6.12,1000000.0,1000000.0,0,0,0,0,0,0,0,0,33,2026-02-05 04:36:56.438711
RTM1P45,0.07,0.06,0.08,1000000.0,1000000.0,0,0,0,0,0,0,0,0,33,2026-02-05 04:36:56.438711
RTM1C46,5.21,5.2,5.22,1000000.0,1000000.0,0,0,0,0,0,0,0,0,33,2026-02-05 04:36:56.438711
RTM1P46,0.16,0.15,0.17,1000000.0,1000000.0,0,0,0,0,0,0,0,0,33,2026-02-05 04:36:56.438711
RTM1C47,4.32,4.31,4.33,1000000.0,1000000.0,0,0,0,0,0,0,0,0,33,2026-02-05 04:36:56.438711
RTM1P47,0.28,0.27,0.29,1000000.0,1000000.0,0,0,0,0,0,0,0,0,33,2026-02-05 04:36:56.438711
RTM1C48,3.48,3.47,3.49,1000000.0,1000000.0,0,0,0,0,0,0,0,0,33,2026-02-05 04:36:56.438711
RTM1P48,0.43,0.42,0.44,1000000.0,1000000.0,0,0,0,0,0,0,0,0,33,2026-02-05 04:36:56.438711
RTM1C49,2.77,2.76,2.78,1000000.0,1000000.0,0,0,0,0,0,0,0,0,33,2026-02-05 04:36:56.438711
RTM1P49,0.72,0.71,0.73,1000000.0,1000000.0,0,0,0,0,0,0,0,0,33,2026-02-05 04:36:56.438711
RTM1C50,2.04,2.03,2.05,1000000.0,1000000.0,0,0,0,0,0,0,0,0,33,2026-02-05 04:36:56.438711
RTM1P50,0.99,0.98,1.0,1000000.0,1000000.0,0,0,0,0,0,0,0,0,33,2026-02-05 04:36:56.438711
RTM1C51,1.61,1.6,1.62,1000000.0,1000000.0,0,0,0,0,0,0,0,0,33,2026-02-05 04:36:56.438711
RTM1P51,1.57,1.56,1.58,1000000.0,1000000.0,0,0,0,0,0,0,0,0,33,2026-02-05 04:36:56.438711
RTM1C52,1.06,1.05,1.07,1000000.0,1000000.0,0,0,0,0,0,0,0,0,33,2026-02-05 04:36:56.438711
RTM1P52,2.01,2.0,2.02,1000000.0,1000000.0,0,0,0,0,0,0,0,0,33,2026-02-05 04:36:56.438711
RTM1C53,0.71,0.7,0.72,1000000.0,1000000.0,0,0,0,0,0,0,0,0,33,2026-02-05 04:36:56.438711
RTM1P53,2.66,2.65,2.67,1000000.0,1000000.0,0,0,0,0,0,0,0,0,33,2026-02-05 04:36:56.438711
RTM1C54,0.57,0.56,0.58,1000000.0,1000000.0,0,0,0,0,0,0,0,0,33,2026-02-05 04:36:56.438711
RTM1P54,3.53,3.52,3.54,1000000.0,1000000.0,0,0,0,0,0,0,0,0,33,2026-02-05 04:36:56.438711
RTM,50.92,50.91,50.93,100000000.0,100000000.0,0,0,0,0,0,0,0,0,34,2026-02-05 04:36:57.027379
RTM1C45,5.99,5.98,6.0,1000000.0,1000000.0,0,0,0,0,0,0,0,0,34,2026-02-05 04:36:57.027379
RTM1P45,0.07,0.06,0.08,1000000.0,1000000.0,0,0,0,0,0,0,0,0,34,2026-02-05 04:36:57.027379
RTM1C46,5.07,5.06,5.08,1000000.0,1000000.0,0,0,0,0,0,0,0,0,34,2026-02-05 04:36:57.027379
RTM1P46,0.15,0.14,0.16,1000000.0,1000000.0,0,0,0,0,0,0,0,0,34,2026-02-05 04:36:57.027379
RTM1C47,4.23,4.22,4.24,1000000.0,1000000.0,0,0,0,0,0,0,0,0,34,2026-02-05 04:36:57.027379
RTM1P47,0.3,0.29,0.31,1000000.0,1000000.0,0,0,0,0,0,0,0,0,34,2026-02-05 04:36:57.027379
RTM1C48,3.29,3.28,3.3,1000000.0,1000000.0,0,0,0,0,0,0,0,0,34,2026-02-05 04:36:57.027379
RTM1P48,0.36,0.35,0.37,1000000.0,1000000.0,0,0,0,0,0,0,0,0,34,2026-02-05 04:36:57.027379
RTM1C49,2.69,2.68,2.7,1000000.0,1000000.0,0,0,0,0,0,0,0,0,34,2026-02-05 04:36:57.027379
RTM1P49,0.76,0.75,0.77,1000000.0,1000000.0,0,0,0,0,0,0,0,0,34,2026-02-05 04:36:57.027379
RTM1C50,1.98,1.97,1.99,1000000.0,1000000.0,0,0,0,0,0,0,0,0,34,2026-02-05 04:36:57.027379
RTM1P50,1.06,1.05,1.07,1000000.0,1000000.0,0,0,0,0,0,0,0,0,34,2026-02-05 04:36:57.027379
RTM1C51,1.44,1.43,1.45,1000000.0,1000000.0,0,0,0,0,0,0,0,0,34,2026-02-05 04:36:57.027379
RTM1P51,1.52,1.51,1.53,1000000.0,1000000.0,0,0,0,0,0,0,0,0,34,2026-02-05 04:36:57.027379
RTM1C52,0.9,0.89,0.91,1000000.0,1000000.0,0,0,0,0,0,0,0,0,34,2026-02-05 04:36:57.027379
RTM1P52,1.97,1.96,1.98,1000000.0,1000000.0,0,0,0,0,0,0,0,0,34,2026-02-05 04:36:57.027379
RTM1C53,0.73,0.72,0.74,1000000.0,1000000.0,0,0,0,0,0,0,0,0,34,2026-02-05 04:36:57.027379
RTM1P53,2.8,2.79,2.81,1000000.0,1000000.0,0,0,0,0,0,0,0,0,34,2026-02-05 04:36:57.027379
RTM1C54,0.47,0.46,0.48,1000000.0,1000000.0,0,0,0,0,0,0,0,0,34,2026-02-05 04:36:57.027379
RTM1P54,3.54,3.53,3.55,1000000.0,1000000.0,0,0,0,0,0,0,0,0,34,2026-02-05 04:36:57.027379
RTM,51.01,51.0,51.02,100000000.0,100000000.0,0,0,0,0,0,0,0,0,35,2026-02-05 04:36:58.241578
RTM1C45,6.1,6.09,6.11,1000000.0,1000000.0,0,0,0,0,0,0,0,0,35,2026-02-05 04:36:58.241578
RTM1P45,0.09,0.08,0.1,1000000.0,1000000.0,0,0,0,0,0,0,0,0,35,2026-02-05 04:36:58.241578
RTM1C46,5.14,5.13,5.15,1000000.0,1000000.0,0,0,0,0,0,0,0,0,35,2026-02-05 04:36:58.241578
RTM1P46,0.13,0.12,0.14,1000000.0,1000000.0,0,0,0,0,0,0,0,0,35,2026-02-05 04:36:58.241578
RTM1C47,4.28,4.27,4.29,1000000.0,1000000.0,0,0,0,0,0,0,0,0,35,2026-02-05 04:36:58.241578
RTM1P47,0.26,0.25,0.27,1000000.0,1000000.0,0,0,0,0,0,0,0,0,35,2026-02-05 04:36:58.241578
RTM1C48,3.47,3.46,3.48,1000000.0,1000000.0,0,0,0,0,0,0,0,0,35,2026-02-05 04:36:58.241578
RTM1P48,0.46,0.45,0.47,1000000.0,1000000.0,0,0,0,0,0,0,0,0,35,2026-02-05 04:36:58.241578
RTM1C49,2.78,2.77,2.79,1000000.0,1000000.0,0,0,0,0,0,0,0,0,35,2026-02-05 04:36:58.241578
RTM1P49,0.77,0.76,0.78,1000000.0,1000000.0,0,0,0,0,0,0,0,0,35,2026-02-05 04:36:58.241578
RTM1C50,1.88,1.87,1.89,1000000.0,1000000.0,0,0,0,0,0,0,0,0,35,2026-02-05 04:36:58.241578
RTM1P50,0.87,0.86,0.88,1000000.0,1000000.0,0,0,0,0,0,0,0,0,35,2026-02-05 04:36:58.241578
RTM1C51,1.6,1.59,1.61,1000000.0,1000000.0,0,0,0,0,0,0,0,0,35,2026-02-05 04:36:58.241578
RTM1P51,1.59,1.58,1.6,1000000.0,1000000.0,0,0,0,0,0,0,0,0,35,2026-02-05 04:36:58.241578
RTM1C52,0.99,0.98,1.0,1000000.0,1000000.0,0,0,0,0,0,0,0,0,35,2026-02-05 04:36:58.241578
RTM1P52,1.98,1.97,1.99,1000000.0,1000000.0,0,0,0,0,0,0,0,0,35,2026-02-05 04:36:58.241578
RTM1C53,0.81,0.8,0.82,1000000.0,1000000.0,0,0,0,0,0,0,0,0,35,2026-02-05 04:36:58.241578
RTM1P53,2.8,2.79,2.81,1000000.0,1000000.0,0,0,0,0,0,0,0,0,35,2026-02-05 04:36:58.241578
RTM1C54,0.55,0.54,0.56,1000000.0,1000000.0,0,0,0,0,0,0,0,0,35,2026-02-05 04:36:58.241578
RTM1P54,3.53,3.52,3.54,1000000.0,1000000.0,0,0,0,0,0,0,0,0,35,2026-02-05 04:36:58.241578
RTM,50.8,50.79,50.81,100000000.0,100000000.0,0,0,0,0,0,0,0,0,36,2026-02-05 04:36:59.347118,3.0,1.0,35.0,,News 1,The analysts have informed you that the realized volatility of RTM next week will be between 13% and 18%
RTM1C45,5.89,5.88,5.9,1000000.0,1000000.0,0,0,0,0,0,0,0,0,36,2026-02-05 04:36:59.347118,,,,,,
RTM1P45,0.09,0.08,0.1,1000000.0,1000000.0,0,0,0,0,0,0,0,0,36,2026-02-05 04:36:59.347118,,,,,,
RTM1C46,4.98,4.97,4.99,1000000.0,1000000.0,0,0,0,0,0,0,0,0,36,2026-02-05 04:36:59.347118,,,,,,
RTM1P46,0.18,0.17,0.19,1000000.0,1000000.0,0,0,0,0,0,0,0,0,36,2026-02-05 04:36:59.347118,,,,,,
RTM1C47,4.05,4.04,4.06,1000000.0,1000000.0,0,0,0,0,0,0,0,0,36,2026-02-05 04:36:59.347118,,,,,,
RTM1P47,0.25,0.24,0.26,1000000.0,1000000.0,0,0,0,0,0,0,0,0,36,2026-02-05 04:36:59.347118,,,,,,
RTM1C48,3.25,3.24,3.26,1000000.0,1000000.0,0,0,0,0,0,0,0,0,36,2026-02-05 04:36:59.347118,,,,,,
RTM1P48,0.45,0.44,0.46,1000000.0,1000000.0,0,0,0,0,0,0,0,0,36,2026-02-05 04:36:59.347118,,,,,,
RTM1C49,2.63,2.62,2.64,1000000.0,1000000.0,0,0,0,0,0,0,0,0,36,2026-02-05 04:36:59.347118,,,,,,
RTM1P49,0.83,0.82,0.84,1000000.0,1000000.0,0,0,0,0,0,0,0,0,36,2026-02-05 04:36:59.347118,,,,,,
RTM1C50,1.8,1.79,1.81,1000000.0,1000000.0,0,0,0,0,0,0,0,0,36,2026-02-05 04:36:59.347118,,,,,,
RTM1P50,1.0,0.99,1.01,1000000.0,1000000.0,0,0,0,0,0,0,0,0,36,2026-02-05 04:36:59.347118,,,,,,
RTM1C51,1.46,1.45,1.47,1000000.0,1000000.0,0,0,0,0,0,0,0,0,36,2026-02-05 04:36:59.347118,,,,,,
RTM1P51,1.66,1.65,1.67,1000000.0,1000000.0,0,0,0,0,0,0,0,0,36,2026-02-05 04:36:59.347118,,,,,,
RTM1C52,1.01,1.0,1.02,1000000.0,1000000.0,0,0,0,0,0,0,0,0,36,2026-02-05 04:36:59.347118,,,,,,
RTM1P52,2.21,2.2,2.22,1000000.0,1000000.0,0,0,0,0,0,0,0,0,36,2026-02-05 04:36:59.347118,,,,,,
RTM1C53,0.76,0.75,0.77,1000000.0,1000000.0,0,0,0,0,0,0,0,0,36,2026-02-05 04:36:59.347118,,,,,,
RTM1P53,2.96,2.95,2.97,1000000.0,1000000.0,0,0,0,0,0,0,0,0,36,2026-02-05 04:36:59.347118,,,,,,
RTM1C54,0.45,0.44,0.46,1000000.0,1000000.0,0,0,0,0,0,0,0,0,36,2026-02-05 04:36:59.347118,,,,,,
RTM1P54,3.65,3.64,3.66,1000000.0,1000000.0,0,0,0,0,0,0,0,0,36,2026-02-05 04:36:59.347118,,,,,,
RTM,50.85,50.84,50.86,100000000.0,100000000.0,0,0,0,0,0,0,0,0,37,2026-02-05 04:37:00.440066
RTM1C45,5.95,5.94,5.96,1000000.0,1000000.0,0,0,0,0,0,0,0,0,37,2026-02-05 04:37:00.440066
RTM1P45,0.1,0.09,0.11,1000000.0,1000000.0,0,0,0,0,0,0,0,0,37,2026-02-05 04:37:00.440066
RTM1C46,5.0,4.99,5.01,1000000.0,1000000.0,0,0,0,0,0,0,0,0,37,2026-02-05 04:37:00.440066
RTM1P46,0.15,0.14,0.16,1000000.0,1000000.0,0,0,0,0,0,0,0,0,37,2026-02-05 04:37:00.440066
RTM1C47,4.14,4.13,4.15,1000000.0,1000000.0,0,0,0,0,0,0,0,0,37,2026-02-05 04:37:00.440066
RTM1P47,0.29,0.28,0.3,1000000.0,1000000.0,0,0,0,0,0,0,0,0,37,2026-02-05 04:37:00.440066
RTM1C48,3.35,3.34,3.36,1000000.0,1000000.0,0,0,0,0,0,0,0,0,37,2026-02-05 04:37:00.440066
RTM1P48,0.5,0.49,0.51,1000000.0,1000000.0,0,0,0,0,0,0,0,0,37,2026-02-05 04:37:00.440066
RTM1C49,2.66,2.65,2.67,1000000.0,1000000.0,0,0,0,0,0,0,0,0,37,2026-02-05 04:37:00.440066
RTM1P49,0.81,0.8,0.82,1000000.0,1000000.0,0,0,0,0,0,0,0,0,37,2026-02-05 04:37:00.440066
RTM1C50,1.92,1.91,1.93,1000000.0,1000000.0,0,0,0,0,0,0,0,0,37,2026-02-05 04:37:00.440066
RTM1P50,1.08,1.07,1.09,1000000.0,1000000.0,0,0,0,0,0,0,0,0,37,2026-02-05 04:37:00.440066
RTM1C51,1.5,1.49,1.51,1000000.0,1000000.0,0,0,0,0,0,0,0,0,37,2026-02-05 04:37:00.440066
RTM1P51,1.66,1.65,1.67,1000000.0,1000000.0,0,0,0,0,0,0,0,0,37,2026-02-05 04:37:00.440066
RTM1C52,1.01,1.0,1.02,1000000.0,1000000.0,0,0,0,0,0,0,0,0,37,2026-02-05 04:37:00.440066
RTM1P52,2.16,2.15,2.17,1000000.0,1000000.0,0,0,0,0,0,0,0,0,37,2026-02-05 04:37:00.440066
RTM1C53,0.79,0.78,0.8,1000000.0,1000000.0,0,0,0,0,0,0,0,0,37,2026-02-05 04:37:00.440066
RTM1P53,2.94,2.93,2.95,1000000.0,1000000.0,0,0,0,0,0,0,0,0,37,2026-02-05 04:37:00.440066
RTM1C54,0.45,0.44,0.46,1000000.0,1000000.0,0,0,0,0,0,0,0,0,37,2026-02-05 04:37:00.440066
RTM1P54,3.6,3.59,3.61,1000000.0,1000000.0,0,0,0,0,0,0,0,0,37,2026-02-05 04:37:00.440066
RTM,51.16,51.15,51.17,100000000.0,100000000.0,0,0,0,0,0,0,0,0,38,2026-02-05 04:37:01.051655
RTM1C45,6.23,6.22,6.24,1000000.0,1000000.0,0,0,0,0,0,0,0,0,38,2026-02-05 04:37:01.051655
RTM1P45,0.07,0.06,0.08,1000000.0,1000000.0,0,0,0,0,0,0,0,0,38,2026-02-05 04:37:01.051655
RTM1C46,5.31,5.3,5.32,1000000.0,1000000.0,0,0,0,0,0,0,0,0,38,2026-02-05 04:37:01.051655
RTM1P46,0.15,0.14,0.16,1000000.0,1000000.0,0,0,0,0,0,0,0,0,38,2026-02-05 04:37:01.051655
RTM1C47,4.41,4.4,4.42,1000000.0,1000000.0,0,0,0,0,0,0,0,0,38,2026-02-05 04:37:01.051655
RTM1P47,0.25,0.24,0.26,1000000.0,1000000.0,0,0,0,0,0,0,0,0,38,2026-02-05 04:37:01.051655
RTM1C48,3.55,3.54,3.56,1000000.0,1000000.0,0,0,0,0,0,0,0,0,38,2026-02-05 04:37:01.051655
RTM1P48,0.4,0.39,0.41,1000000.0,1000000.0,0,0,0,0,0,0,0,0,38,2026-02-05 04:37:01.051655
RTM1C49,2.84,2.83,2.85,1000000.0,1000000.0,0,0,0,0,0,0,0,0,38,2026-02-05 04:37:01.051655
RTM1P49,0.69,0.68,0.7,1000000.0,1000000.0,0,0,0,0,0,0,0,0,38,2026-02-05 04:37:01.051655
RTM1C50,2.04,2.03,2.05,1000000.0,1000000.0,0,0,0,0,0,0,0,0,38,2026-02-05 04:37:01.051655
RTM1P50,0.88,0.87,0.89,1000000.0,1000000.0,0,0,0,0,0,0,0,0,38,2026-02-05 04:37:01.051655
RTM1C51,1.65,1.64,1.66,1000000.0,1000000.0,0,0,0,0,0,0,0,0,38,2026-02-05 04:37:01.051655
RTM1P51,1.5,1.49,1.51,1000000.0,1000000.0,0,0,0,0,0,0,0,0,38,2026-02-05 04:37:01.051655
RTM1C52,1.16,1.15,1.17,1000000.0,1000000.0,0,0,0,0,0,0,0,0,38,2026-02-05 04:37:01.051655
RTM1P52,2.0,1.99,2.01,1000000.0,1000000.0,0,0,0,0,0,0,0,0,38,2026-02-05 04:37:01.051655
RTM1C53,0.8,0.79,0.81,1000000.0,1000000.0,0,0,0,0,0,0,0,0,38,2026-02-05 04:37:01.051655
RTM1P53,2.64,2.63,2.65,1000000.0,1000000.0,0,0,0,0,0,0,0,0,38,2026-02-05 04:37:01.051655
RTM1C54,0.54,0.53,0.55,1000000.0,1000000.0,0,0,0,0,0,0,0,0,38,2026-02-05 04:37:01.051655
RTM1P54,3.39,3.38,3.4,1000000.0,1000000.0,0,0,0,0,0,0,0,0,38,2026-02-05 04:37:01.051655
RTM,50.99,50.98,51.0,100000000.0,100000000.0,0,0,0,0,0,0,0,0,39,2026-02-05 04:37:02.199257
RTM1C45,6.05,6.04,6.06,1000000.0,1000000.0,0,0,0,0,0,0,0,0,39,2026-02-05 04:37:02.199257
RTM1P45,0.06,0.05,0.07,1000000.0,1000000.0,0,0,0,0,0,0,0,0,39,2026-02-05 04:37:02.199257
RTM1C46,5.12,5.11,5.13,1000000.0,1000000.0,0,0,0,0,0,0,0,0,39,2026-02-05 04:37:02.199257
RTM1P46,0.13,0.12,0.14,1000000.0,1000000.0,0,0,0,0,0,0,0,0,39,2026-02-05 04:37:02.199257
RTM1C47,4.27,4.26,4.28,1000000.0,1000000.0,0,0,0,0,0,0,0,0,39,2026-02-05 04:37:02.199257
RTM1P47,0.28,0.27,0.29,1000000.0,1000000.0,0,0,0,0,0,0,0,0,39,2026-02-05 04:37:02.199257
RTM1C48,3.44,3.43,3.45,1000000.0,1000000.0,0,0,0,0,0,0,0,0,39,2026-02-05 04:37:02.199257
RTM1P48,0.46,0.45,0.47,1000000.0,1000000.0,0,0,0,0,0,0,0,0,39,2026-02-05 04:37:02.199257
RTM1C49,2.74,2.73,2.75,1000000.0,1000000.0,0,0,0,0,0,0,0,0,39,2026-02-05 04:37:02.199257
RTM1P49,0.75,0.74,0.76,1000000.0,1000000.0,0,0,0,0,0,0,0,0,39,2026-02-05 04:37:02.199257
RTM1C50,2.05,2.04,2.06,1000000.0,1000000.0,0,0,0,0,0,0,0,0,39,2026-02-05 04:37:02.199257
RTM1P50,1.07,1.06,1.08,1000000.0,1000000.0,0,0,0,0,0,0,0,0,39,2026-02-05 04:37:02.199257
RTM1C51,1.58,1.57,1.59,1000000.0,1000000.0,0,0,0,0,0,0,0,0,39,2026-02-05 04:37:02.199257
RTM1P51,1.59,1.58,1.6,1000000.0,1000000.0,0,0,0,0,0,0,0,0,39,2026-02-05 04:37:02.199257
RTM1C52,1.09,1.08,1.1,1000000.0,1000000.0,0,0,0,0,0,0,0,0,39,2026-02-05 04:37:02.199257
RTM1P52,2.1,2.09,2.11,1000000.0,1000000.0,0,0,0,0,0,0,0,0,39,2026-02-05 04:37:02.199257
RTM1C53,0.82,0.81,0.83,1000000.0,1000000.0,0,0,0,0,0,0,0,0,39,2026-02-05 04:37:02.199257
RTM1P53,2.83,2.82,2.84,1000000.0,1000000.0,0,0,0,0,0,0,0,0,39,2026-02-05 04:37:02.199257
RTM1C54,0.57,0.56,0.58,1000000.0,1000000.0,0,0,0,0,0,0,0,0,39,2026-02-05 04:37:02.199257
RTM1P54,3.58,3.57,3.59,1000000.0,1000000.0,0,0,0,0,0,0,0,0,39,2026-02-05 04:37:02.199257
RTM,50.94,50.93,50.95,100000000.0,100000000.0,0,0,0,0,0,0,0,0,40,2026-02-05 04:37:03.349280
RTM1C45,6.01,6.0,6.02,1000000.0,1000000.0,0,0,0,0,0,0,0,0,40,2026-02-05 04:37:03.349280
RTM1P45,0.07,0.06,0.08,1000000.0,1000000.0,0,0,0,0,0,0,0,0,40,2026-02-05 04:37:03.349280
RTM1C46,5.1,5.09,5.11,1000000.0,1000000.0,0,0,0,0,0,0,0,0,40,2026-02-05 04:37:03.349280
RTM1P46,0.16,0.15,0.17,1000000.0,1000000.0,0,0,0,0,0,0,0,0,40,2026-02-05 04:37:03.349280
RTM1C47,4.23,4.22,4.24,1000000.0,1000000.0,0,0,0,0,0,0,0,0,40,2026-02-05 04:37:03.349280
RTM1P47,0.29,0.28,0.3,1000000.0,1000000.0,0,0,0,0,0,0,0,0,40,2026-02-05 04:37:03.349280
RTM1C48,3.45,3.44,3.46,1000000.0,1000000.0,0,0,0,0,0,0,0,0,40,2026-02-05 04:37:03.349280
RTM1P48,0.51,0.5,0.52,1000000.0,1000000.0,0,0,0,0,0,0,0,0,40,2026-02-05 04:37:03.349280
RTM1C49,2.72,2.71,2.73,1000000.0,1000000.0,0,0,0,0,0,0,0,0,40,2026-02-05 04:37:03.349280
RTM1P49,0.78,0.77,0.79,1000000.0,1000000.0,0,0,0,0,0,0,0,0,40,2026-02-05 04:37:03.349280
RTM1C50,1.96,1.95,1.97,1000000.0,1000000.0,0,0,0,0,0,0,0,0,40,2026-02-05 04:37:03.349280
RTM1P50,1.02,1.01,1.03,1000000.0,1000000.0,0,0,0,0,0,0,0,0,40,2026-02-05 04:37:03.349280
RTM1C51,1.48,1.47,1.49,1000000.0,1000000.0,0,0,0,0,0,0,0,0,40,2026-02-05 04:37:03.349280
RTM1P51,1.54,1.53,1.55,1000000.0,1000000.0,0,0,0,0,0,0,0,0,40,2026-02-05 04:37:03.349280
RTM1C52,1.02,1.01,1.03,1000000.0,1000000.0,0,0,0,0,0,0,0,0,40,2026-02-05 04:37:03.349280
RTM1P52,2.07,2.06,2.08,1000000.0,1000000.0,0,0,0,0,0,0,0,0,40,2026-02-05 04:37:03.349280
RTM1C53,0.73,0.72,0.74,1000000.0,1000000.0,0,0,0,0,0,0,0,0,40,2026-02-05 04:37:03.349280
RTM1P53,2.79,2.78,2.8,1000000.0,1000000.0,0,0,0,0,0,0,0,0,40,2026-02-05 04:37:03.349280
RTM1C54,0.49,0.48,0.5,1000000.0,1000000.0,0,0,0,0,0,0,0,0,40,2026-02-05 04:37:03.349280
RTM1P54,3.54,3.53,3.55,1000000.0,1000000.0,0,0,0,0,0,0,0,0,40,2026-02-05 04:37:03.349280
RTM,51.05,51.04,51.06,100000000.0,100000000.0,0,0,0,0,0,0,0,0,41,2026-02-05 04:37:04.445368
RTM1C45,6.12,6.11,6.13,1000000.0,1000000.0,0,0,0,0,0,0,0,0,41,2026-02-05 04:37:04.445368
RTM1P45,0.07,0.06,0.08,1000000.0,1000000.0,0,0,0,0,0,0,0,0,41,2026-02-05 04:37:04.445368
RTM1C46,5.23,5.22,5.24,1000000.0,1000000.0,0,0,0,0,0,0,0,0,41,2026-02-05 04:37:04.445368
RTM1P46,0.17,0.16,0.18,1000000.0,1000000.0,0,0,0,0,0,0,0,0,41,2026-02-05 04:37:04.445368
RTM1C47,4.36,4.35,4.37,1000000.0,1000000.0,0,0,0,0,0,0,0,0,41,2026-02-05 04:37:04.445368
RTM1P47,0.31,0.3,0.32,1000000.0,1000000.0,0,0,0,0,0,0,0,0,41,2026-02-05 04:37:04.445368
RTM1C48,3.52,3.51,3.53,1000000.0,1000000.0,0,0,0,0,0,0,0,0,41,2026-02-05 04:37:04.445368
RTM1P48,0.46,0.45,0.47,1000000.0,1000000.0,0,0,0,0,0,0,0,0,41,2026-02-05 04:37:04.445368
RTM1C49,2.82,2.81,2.83,1000000.0,1000000.0,0,0,0,0,0,0,0,0,41,2026-02-05 04:37:04.445368
RTM1P49,0.77,0.76,0.78,1000000.0,1000000.0,0,0,0,0,0,0,0,0,41,2026-02-05 04:37:04.445368
RTM1C50,2.1,2.09,2.11,1000000.0,1000000.0,0,0,0,0,0,0,0,0,41,2026-02-05 04:37:04.445368
RTM1P50,1.05,1.04,1.06,1000000.0,1000000.0,0,0,0,0,0,0,0,0,41,2026-02-05 04:37:04.445368
RTM1C51,1.59,1.58,1.6,1000000.0,1000000.0,0,0,0,0,0,0,0,0,41,2026-02-05 04:37:04.445368
RTM1P51,1.54,1.53,1.55,1000000.0,1000000.0,0,0,0,0,0,0,0,0,41,2026-02-05 04:37:04.445368
RTM1C52,1.08,1.07,1.09,1000000.0,1000000.0,0,0,0,0,0,0,0,0,41,2026-02-05 04:37:04.445368
RTM1P52,2.02,2.01,2.03,1000000.0,1000000.0,0,0,0,0,0,0,0,0,41,2026-02-05 04:37:04.445368
RTM1C53,0.85,0.84,0.86,1000000.0,1000000.0,0,0,0,0,0,0,0,0,41,2026-02-05 04:37:04.445368
RTM1P53,2.8,2.79,2.81,1000000.0,1000000.0,0,0,0,0,0,0,0,0,41,2026-02-05 04:37:04.445368
RTM1C54,0.51,0.5,0.52,1000000.0,1000000.0,0,0,0,0,0,0,0,0,41,2026-02-05 04:37:04.445368
RTM1P54,3.45,3.44,3.46,1000000.0,1000000.0,0,0,0,0,0,0,0,0,41,2026-02-05 04:37:04.445368
RTM,51.1,51.09,51.11,100000000.0,100000000.0,0,0,0,0,0,0,0,0,42,2026-02-05 04:37:05.533277
RTM1C45,6.19,6.18,6.2,1000000.0,1000000.0,0,0,0,0,0,0,0,0,42,2026-02-05 04:37:05.533277
RTM1P45,0.09,0.08,0.1,1000000.0,1000000.0,0,0,0,0,0,0,0,0,42,2026-02-05 04:37:05.533277
RTM1C46,5.23,5.22,5.24,1000000.0,1000000.0,0,0,0,0,0,0,0,0,42,2026-02-05 04:37:05.533277
RTM1P46,0.14,0.13,0.15,1000000.0,1000000.0,0,0,0,0,0,0,0,0,42,2026-02-05 04:37:05.533277
RTM1C47,4.37,4.36,4.38,1000000.0,1000000.0,0,0,0,0,0,0,0,0,42,2026-02-05 04:37:05.533277
RTM1P47,0.28,0.27,0.29,1000000.0,1000000.0,0,0,0,0,0,0,0,0,42,2026-02-05 04:37:05.533277
RTM1C48,3.58,3.57,3.59,1000000.0,1000000.0,0,0,0,0,0,0,0,0,42,2026-02-05 04:37:05.533277
RTM1P48,0.48,0.47,0.49,1000000.0,1000000.0,0,0,0,0,0,0,0,0,42,2026-02-05 04:37:05.533277
RTM1C49,2.81,2.8,2.82,1000000.0,1000000.0,0,0,0,0,0,0,0,0,42,2026-02-05 04:37:05.533277
RTM1P49,0.71,0.7,0.72,1000000.0,1000000.0,0,0,0,0,0,0,0,0,42,2026-02-05 04:37:05.533277
RTM1C50,2.15,2.14,2.16,1000000.0,1000000.0,0,0,0,0,0,0,0,0,42,2026-02-05 04:37:05.533277
RTM1P50,1.05,1.04,1.06,1000000.0,1000000.0,0,0,0,0,0,0,0,0,42,2026-02-05 04:37:05.533277
RTM1C51,1.59,1.58,1.6,1000000.0,1000000.0,0,0,0,0,0,0,0,0,42,2026-02-05 04:37:05.533277
RTM1P51,1.49,1.48,1.5,1000000.0,1000000.0,0,0,0,0,0,0,0,0,42,2026-02-05 04:37:05.533277
RTM1C52,1.14,1.13,1.15,1000000.0,1000000.0,0,0,0,0,0,0,0,0,42,2026-02-05 04:37:05.533277
RTM1P52,2.04,2.03,2.05,1000000.0,1000000.0,0,0,0,0,0,0,0,0,42,2026-02-05 04:37:05.533277
RTM1C53,0.79,0.78,0.8,1000000.0,1000000.0,0,0,0,0,0,0,0,0,42,2026-02-05 04:37:05.533277
RTM1P53,2.7,2.69,2.71,1000000.0,1000000.0,0,0,0,0,0,0,0,0,42,2026-02-05 04:37:05.533277
RTM1C54,0.6,0.59,0.61,1000000.0,1000000.0,0,0,0,0,0,0,0,0,42,2026-02-05 04:37:05.533277
RTM1P54,3.5,3.49,3.51,1000000.0,1000000.0,0,0,0,0,0,0,0,0,42,2026-02-05 04:37:05.533277
RTM,51.73,51.72,51.74,100000000.0,100000000.0,0,0,0,0,0,0,0,0,43,2026-02-05 04:37:06.132352
RTM1C45,6.78,6.77,6.79,1000000.0,1000000.0,0,0,0,0,0,0,0,0,43,2026-02-05 04:37:06.132352
RTM1P45,0.05,0.04,0.06,1000000.0,1000000.0,0,0,0,0,0,0,0,0,43,2026-02-05 04:37:06.132352
RTM1C46,5.85,5.84,5.86,1000000.0,1000000.0,0,0,0,0,0,0,0,0,43,2026-02-05 04:37:06.132352
RTM1P46,0.12,0.11,0.13,1000000.0,1000000.0,0,0,0,0,0,0,0,0,43,2026-02-05 04:37:06.132352
RTM1C47,4.95,4.94,4.96,1000000.0,1000000.0,0,0,0,0,0,0,0,0,43,2026-02-05 04:37:06.132352
RTM1P47,0.22,0.21,0.23,1000000.0,1000000.0,0,0,0,0,0,0,0,0,43,2026-02-05 04:37:06.132352
RTM1C48,4.06,4.05,4.07,1000000.0,1000000.0,0,0,0,0,0,0,0,0,43,2026-02-05 04:37:06.132352
RTM1P48,0.33,0.32,0.34,1000000.0,1000000.0,0,0,0,0,0,0,0,0,43,2026-02-05 04:37:06.132352
RTM1C49,3.3,3.29,3.31,1000000.0,1000000.0,0,0,0,0,0,0,0,0,43,2026-02-05 04:37:06.132352
RTM1P49,0.57,0.56,0.58,1000000.0,1000000.0,0,0,0,0,0,0,0,0,43,2026-02-05 04:37:06.132352
RTM1C50,2.52,2.51,2.53,1000000.0,1000000.0,0,0,0,0,0,0,0,0,43,2026-02-05 04:37:06.132352
RTM1P50,0.79,0.78,0.8,1000000.0,1000000.0,0,0,0,0,0,0,0,0,43,2026-02-05 04:37:06.132352
RTM1C51,1.95,1.94,1.96,1000000.0,1000000.0,0,0,0,0,0,0,0,0,43,2026-02-05 04:37:06.132352
RTM1P51,1.22,1.21,1.23,1000000.0,1000000.0,0,0,0,0,0,0,0,0,43,2026-02-05 04:37:06.132352
RTM1C52,1.42,1.41,1.43,1000000.0,1000000.0,0,0,0,0,0,0,0,0,43,2026-02-05 04:37:06.132352
RTM1P52,1.69,1.68,1.7,1000000.0,1000000.0,0,0,0,0,0,0,0,0,43,2026-02-05 04:37:06.132352
RTM1C53,1.01,1.0,1.02,1000000.0,1000000.0,0,0,0,0,0,0,0,0,43,2026-02-05 04:37:06.132352
RTM1P53,2.28,2.27,2.29,1000000.0,1000000.0,0,0,0,0,0,0,0,0,43,2026-02-05 04:37:06.132352
RTM1C54,0.73,0.72,0.74,1000000.0,1000000.0,0,0,0,0,0,0,0,0,43,2026-02-05 04:37:06.132352
RTM1P54,3.0,2.99,3.01,1000000.0,1000000.0,0,0,0,0,0,0,0,0,43,2026-02-05 04:37:06.132352
RTM,51.76,51.75,51.77,100000000.0,100000000.0,0,0,0,0,0,0,0,0,44,2026-02-05 04:37:07.301828
RTM1C45,6.81,6.8,6.82,1000000.0,1000000.0,0,0,0,0,0,0,0,0,44,2026-02-05 04:37:07.301828
RTM1P45,0.05,0.04,0.06,1000000.0,1000000.0,0,0,0,0,0,0,0,0,44,2026-02-05 04:37:07.301828
RTM1C46,5.86,5.85,5.87,1000000.0,1000000.0,0,0,0,0,0,0,0,0,44,2026-02-05 04:37:07.301828
RTM1P46,0.1,0.09,0.11,1000000.0,1000000.0,0,0,0,0,0,0,0,0,44,2026-02-05 04:37:07.301828
RTM1C47,4.96,4.95,4.97,1000000.0,1000000.0,0,0,0,0,0,0,0,0,44,2026-02-05 04:37:07.301828
RTM1P47,0.2,0.19,0.21,1000000.0,1000000.0,0,0,0,0,0,0,0,0,44,2026-02-05 04:37:07.301828
RTM1C48,4.08,4.07,4.09,1000000.0,1000000.0,0,0,0,0,0,0,0,0,44,2026-02-05 04:37:07.301828
RTM1P48,0.32,0.31,0.33,1000000.0,1000000.0,0,0,0,0,0,0,0,0,44,2026-02-05 04:37:07.301828
RTM1C49,3.32,3.31,3.33,1000000.0,1000000.0,0,0,0,0,0,0,0,0,44,2026-02-05 04:37:07.301828
RTM1P49,0.56,0.55,0.57,1000000.0,1000000.0,0,0,0,0,0,0,0,0,44,2026-02-05 04:37:07.301828
RTM1C50,2.62,2.61,2.63,1000000.0,1000000.0,0,0,0,0,0,0,0,0,44,2026-02-05 04:37:07.301828
RTM1P50,0.87,0.86,0.88,1000000.0,1000000.0,0,0,0,0,0,0,0,0,44,2026-02-05 04:37:07.301828
RTM1C51,2.03,2.02,2.04,1000000.0,1000000.0,0,0,0,0,0,0,0,0,44,2026-02-05 04:37:07.301828
RTM1P51,1.27,1.26,1.28,1000000.0,1000000.0,0,0,0,0,0,0,0,0,44,2026-02-05 04:37:07.301828
RTM1C52,1.51,1.5,1.52,1000000.0,1000000.0,0,0,0,0,0,0,0,0,44,2026-02-05 04:37:07.301828
RTM1P52,1.75,1.74,1.76,1000000.0,1000000.0,0,0,0,0,0,0,0,0,44,2026-02-05 04:37:07.301828
RTM1C53,1.09,1.08,1.1,1000000.0,1000000.0,0,0,0,0,0,0,0,0,44,2026-02-05 04:37:07.301828
RTM1P53,2.33,2.32,2.34,1000000.0,1000000.0,0,0,0,0,0,0,0,0,44,2026-02-05 04:37:07.301828
RTM1C54,0.75,0.74,0.76,1000000.0,1000000.0,0,0,0,0,0,0,0,0,44,2026-02-05 04:37:07.301828
RTM1P54,3.0,2.99,3.01,1000000.0,1000000.0,0,0,0,0,0,0,0,0,44,2026-02-05 04:37:07.301828
RTM,52.17,52.17,52.19,100000000.0,100000000.0,0,0,0,0,0,0,0,0,45,2026-02-05 04:37:08.465527
RTM1C45,7.21,7.2,7.22,1000000.0,1000000.0,0,0,0,0,0,0,0,0,45,2026-02-05 04:37:08.465527
RTM1P45,0.04,0.03,0.05,1000000.0,1000000.0,0,0,0,0,0,0,0,0,45,2026-02-05 04:37:08.465527
RTM1C46,6.25,6.24,6.26,1000000.0,1000000.0,0,0,0,0,0,0,0,0,45,2026-02-05 04:37:08.465527
RTM1P46,0.08,0.07,0.09,1000000.0,1000000.0,0,0,0,0,0,0,0,0,45,2026-02-05 04:37:08.465527
RTM1C47,5.36,5.35,5.37,1000000.0,1000000.0,0,0,0,0,0,0,0,0,45,2026-02-05 04:37:08.465527
RTM1P47,0.18,0.17,0.19,1000000.0,1000000.0,0,0,0,0,0,0,0,0,45,2026-02-05 04:37:08.465527
RTM1C48,4.48,4.47,4.49,1000000.0,1000000.0,0,0,0,0,0,0,0,0,45,2026-02-05 04:37:08.465527
RTM1P48,0.31,0.3,0.32,1000000.0,1000000.0,0,0,0,0,0,0,0,0,45,2026-02-05 04:37:08.465527
RTM1C49,3.65,3.64,3.66,1000000.0,1000000.0,0,0,0,0,0,0,0,0,45,2026-02-05 04:37:08.465527
RTM1P49,0.48,0.47,0.49,1000000.0,1000000.0,0,0,0,0,0,0,0,0,45,2026-02-05 04:37:08.465527
RTM1C50,2.88,2.87,2.89,1000000.0,1000000.0,0,0,0,0,0,0,0,0,45,2026-02-05 04:37:08.465527
RTM1P50,0.71,0.7,0.72,1000000.0,1000000.0,0,0,0,0,0,0,0,0,45,2026-02-05 04:37:08.465527
RTM1C51,2.25,2.24,2.26,1000000.0,1000000.0,0,0,0,0,0,0,0,0,45,2026-02-05 04:37:08.465527
RTM1P51,1.08,1.07,1.09,1000000.0,1000000.0,0,0,0,0,0,0,0,0,45,2026-02-05 04:37:08.465527
RTM1C52,1.72,1.71,1.73,1000000.0,1000000.0,0,0,0,0,0,0,0,0,45,2026-02-05 04:37:08.465527
RTM1P52,1.54,1.53,1.55,1000000.0,1000000.0,0,0,0,0,0,0,0,0,45,2026-02-05 04:37:08.465527
RTM1C53,1.24,1.23,1.25,1000000.0,1000000.0,0,0,0,0,0,0,0,0,45,2026-02-05 04:37:08.465527
RTM1P53,2.07,2.06,2.08,1000000.0,1000000.0,0,0,0,0,0,0,0,0,45,2026-02-05 04:37:08.465527
RTM1C54,0.9,0.89,0.91,1000000.0,1000000.0,0,0,0,0,0,0,0,0,45,2026-02-05 04:37:08.465527
RTM1P54,2.72,2.71,2.73,1000000.0,1000000.0,0,0,0,0,0,0,0,0,45,2026-02-05 04:37:08.465527
RTM,52.23,52.22,52.24,100000000.0,100000000.0,0,0,0,0,0,0,0,0,46,2026-02-05 04:37:09.083448
RTM1C45,7.27,7.26,7.28,1000000.0,1000000.0,0,0,0,0,0,0,0,0,46,2026-02-05 04:37:09.083448
RTM1P45,0.04,0.03,0.05,1000000.0,1000000.0,0,0,0,0,0,0,0,0,46,2026-02-05 04:37:09.083448
RTM1C46,6.32,6.31,6.33,1000000.0,1000000.0,0,0,0,0,0,0,0,0,46,2026-02-05 04:37:09.083448
RTM1P46,0.09,0.08,0.1,1000000.0,1000000.0,0,0,0,0,0,0,0,0,46,2026-02-05 04:37:09.083448
RTM1C47,5.39,5.38,5.4,1000000.0,1000000.0,0,0,0,0,0,0,0,0,46,2026-02-05 04:37:09.083448
RTM1P47,0.16,0.15,0.17,1000000.0,1000000.0,0,0,0,0,0,0,0,0,46,2026-02-05 04:37:09.083448
RTM1C48,4.51,4.5,4.52,1000000.0,1000000.0,0,0,0,0,0,0,0,0,46,2026-02-05 04:37:09.083448
RTM1P48,0.28,0.27,0.29,1000000.0,1000000.0,0,0,0,0,0,0,0,0,46,2026-02-05 04:37:09.083448
RTM1C49,3.7,3.69,3.71,1000000.0,1000000.0,0,0,0,0,0,0,0,0,46,2026-02-05 04:37:09.083448
RTM1P49,0.46,0.45,0.47,1000000.0,1000000.0,0,0,0,0,0,0,0,0,46,2026-02-05 04:37:09.083448
RTM1C50,2.92,2.91,2.93,1000000.0,1000000.0,0,0,0,0,0,0,0,0,46,2026-02-05 04:37:09.083448
RTM1P50,0.69,0.68,0.7,1000000.0,1000000.0,0,0,0,0,0,0,0,0,46,2026-02-05 04:37:09.083448
RTM1C51,2.3,2.29,2.31,1000000.0,1000000.0,0,0,0,0,0,0,0,0,46,2026-02-05 04:37:09.083448
RTM1P51,1.06,1.05,1.07,1000000.0,1000000.0,0,0,0,0,0,0,0,0,46,2026-02-05 04:37:09.083448
RTM1C52,1.77,1.76,1.78,1000000.0,1000000.0,0,0,0,0,0,0,0,0,46,2026-02-05 04:37:09.083448
RTM1P52,1.54,1.53,1.55,1000000.0,1000000.0,0,0,0,0,0,0,0,0,46,2026-02-05 04:37:09.083448
RTM1C53,1.27,1.26,1.28,1000000.0,1000000.0,0,0,0,0,0,0,0,0,46,2026-02-05 04:37:09.083448
RTM1P53,2.04,2.03,2.05,1000000.0,1000000.0,0,0,0,0,0,0,0,0,46,2026-02-05 04:37:09.083448
RTM1C54,0.94,0.93,0.95,1000000.0,1000000.0,0,0,0,0,0,0,0,0,46,2026-02-05 04:37:09.083448
RTM1P54,2.71,2.7,2.72,1000000.0,1000000.0,0,0,0,0,0,0,0,0,46,2026-02-05 04:37:09.083448
RTM,52.0,51.99,52.01,100000000.0,100000000.0,0,0,0,0,0,0,0,0,47,2026-02-05 04:37:10.227890
RTM1C45,7.05,7.04,7.06,1000000.0,1000000.0,0,0,0,0,0,0,0,0,47,2026-02-05 04:37:10.227890
RTM1P45,0.05,0.04,0.06,1000000.0,1000000.0,0,0,0,0,0,0,0,0,47,2026-02-05 04:37:10.227890
RTM1C46,6.1,6.09,6.11,1000000.0,1000000.0,0,0,0,0,0,0,0,0,47,2026-02-05 04:37:10.227890
RTM1P46,0.1,0.09,0.11,1000000.0,1000000.0,0,0,0,0,0,0,0,0,47,2026-02-05 04:37:10.227890
RTM1C47,5.2,5.19,5.21,1000000.0,1000000.0,0,0,0,0,0,0,0,0,47,2026-02-05 04:37:10.227890
RTM1P47,0.2,0.19,0.21,1000000.0,1000000.0,0,0,0,0,0,0,0,0,47,2026-02-05 04:37:10.227890
RTM1C48,4.34,4.33,4.35,1000000.0,1000000.0,0,0,0,0,0,0,0,0,47,2026-02-05 04:37:10.227890
RTM1P48,0.34,0.33,0.35,1000000.0,1000000.0,0,0,0,0,0,0,0,0,47,2026-02-05 04:37:10.227890
RTM1C49,3.5,3.49,3.51,1000000.0,1000000.0,0,0,0,0,0,0,0,0,47,2026-02-05 04:37:10.227890
RTM1P49,0.5,0.49,0.51,1000000.0,1000000.0,0,0,0,0,0,0,0,0,47,2026-02-05 04:37:10.227890
RTM1C50,2.81,2.8,2.82,1000000.0,1000000.0,0,0,0,0,0,0,0,0,47,2026-02-05 04:37:10.227890
RTM1P50,0.8,0.79,0.81,1000000.0,1000000.0,0,0,0,0,0,0,0,0,47,2026-02-05 04:37:10.227890
RTM1C51,2.14,2.13,2.15,1000000.0,1000000.0,0,0,0,0,0,0,0,0,47,2026-02-05 04:37:10.227890
RTM1P51,1.14,1.13,1.15,1000000.0,1000000.0,0,0,0,0,0,0,0,0,47,2026-02-05 04:37:10.227890
RTM1C52,1.62,1.61,1.63,1000000.0,1000000.0,0,0,0,0,0,0,0,0,47,2026-02-05 04:37:10.227890
RTM1P52,1.61,1.6,1.62,1000000.0,1000000.0,0,0,0,0,0,0,0,0,47,2026-02-05 04:37:10.227890
RTM1C53,1.18,1.17,1.19,1000000.0,1000000.0,0,0,0,0,0,0,0,0,47,2026-02-05 04:37:10.227890
RTM1P53,2.17,2.16,2.18,1000000.0,1000000.0,0,0,0,0,0,0,0,0,47,2026-02-05 04:37:10.227890
RTM1C54,0.84,0.83,0.85,1000000.0,1000000.0,0,0,0,0,0,0,0,0,47,2026-02-05 04:37:10.227890
RTM1P54,2.84,2.83,2.85,1000000.0,1000000.0,0,0,0,0,0,0,0,0,47,2026-02-05 04:37:10.227890
RTM,51.86,51.85,51.87,100000000.0,100000000.0,0,0,0,0,0,0,0,0,48,2026-02-05 04:37:11.333520
RTM1C45,6.92,6.91,6.93,1000000.0,1000000.0,0,0,0,0,0,0,0,0,48,2026-02-05 04:37:11.333520
RTM1P45,0.06,0.05,0.07,1000000.0,1000000.0,0,0,0,0,0,0,0,0,48,2026-02-05 04:37:11.333520
RTM1C46,5.97,5.96,5.98,1000000.0,1000000.0,0,0,0,0,0,0,0,0,48,2026-02-05 04:37:11.333520
RTM1P46,0.1,0.09,0.11,1000000.0,1000000.0,0,0,0,0,0,0,0,0,48,2026-02-05 04:37:11.333520
RTM1C47,5.08,5.07,5.09,1000000.0,1000000.0,0,0,0,0,0,0,0,0,48,2026-02-05 04:37:11.333520
RTM1P47,0.21,0.2,0.22,1000000.0,1000000.0,0,0,0,0,0,0,0,0,48,2026-02-05 04:37:11.333520
RTM1C48,4.23,4.22,4.24,1000000.0,1000000.0,0,0,0,0,0,0,0,0,48,2026-02-05 04:37:11.333520
RTM1P48,0.36,0.35,0.37,1000000.0,1000000.0,0,0,0,0,0,0,0,0,48,2026-02-05 04:37:11.333520
RTM1C49,3.41,3.4,3.42,1000000.0,1000000.0,0,0,0,0,0,0,0,0,48,2026-02-05 04:37:11.333520
RTM1P49,0.54,0.53,0.55,1000000.0,1000000.0,0,0,0,0,0,0,0,0,48,2026-02-05 04:37:11.333520
RTM1C50,2.71,2.7,2.72,1000000.0,1000000.0,0,0,0,0,0,0,0,0,48,2026-02-05 04:37:11.333520
RTM1P50,0.85,0.84,0.86,1000000.0,1000000.0,0,0,0,0,0,0,0,0,48,2026-02-05 04:37:11.333520
RTM1C51,2.09,2.08,2.1,1000000.0,1000000.0,0,0,0,0,0,0,0,0,48,2026-02-05 04:37:11.333520
RTM1P51,1.22,1.21,1.23,1000000.0,1000000.0,0,0,0,0,0,0,0,0,48,2026-02-05 04:37:11.333520
RTM1C52,1.55,1.54,1.56,1000000.0,1000000.0,0,0,0,0,0,0,0,0,48,2026-02-05 04:37:11.333520
RTM1P52,1.68,1.67,1.69,1000000.0,1000000.0,0,0,0,0,0,0,0,0,48,2026-02-05 04:37:11.333520
RTM1C53,1.11,1.1,1.12,1000000.0,1000000.0,0,0,0,0,0,0,0,0,48,2026-02-05 04:37:11.333520
RTM1P53,2.24,2.23,2.25,1000000.0,1000000.0,0,0,0,0,0,0,0,0,48,2026-02-05 04:37:11.333520
RTM1C54,0.84,0.83,0.85,1000000.0,1000000.0,0,0,0,0,0,0,0,0,48,2026-02-05 04:37:11.333520
RTM1P54,2.98,2.97,2.99,1000000.0,1000000.0,0,0,0,0,0,0,0,0,48,2026-02-05 04:37:11.333520
RTM,51.67,51.66,51.68,100000000.0,100000000.0,0,0,0,0,0,0,0,0,49,2026-02-05 04:37:12.441100
RTM1C45,6.73,6.72,6.74,1000000.0,1000000.0,0,0,0,0,0,0,0,0,49,2026-02-05 04:37:12.441100
RTM1P45,0.06,0.05,0.07,1000000.0,1000000.0,0,0,0,0,0,0,0,0,49,2026-02-05 04:37:12.441100
RTM1C46,5.78,5.77,5.79,1000000.0,1000000.0,0,0,0,0,0,0,0,0,49,2026-02-05 04:37:12.441100
RTM1P46,0.11,0.1,0.12,1000000.0,1000000.0,0,0,0,0,0,0,0,0,49,2026-02-05 04:37:12.441100
RTM1C47,4.89,4.88,4.9,1000000.0,1000000.0,0,0,0,0,0,0,0,0,49,2026-02-05 04:37:12.441100
RTM1P47,0.22,0.21,0.23,1000000.0,1000000.0,0,0,0,0,0,0,0,0,49,2026-02-05 04:37:12.441100
RTM1C48,4.05,4.04,4.06,1000000.0,1000000.0,0,0,0,0,0,0,0,0,49,2026-02-05 04:37:12.441100
RTM1P48,0.38,0.37,0.39,1000000.0,1000000.0,0,0,0,0,0,0,0,0,49,2026-02-05 04:37:12.441100
RTM1C49,3.24,3.23,3.25,1000000.0,1000000.0,0,0,0,0,0,0,0,0,49,2026-02-05 04:37:12.441100
RTM1P49,0.57,0.56,0.58,1000000.0,1000000.0,0,0,0,0,0,0,0,0,49,2026-02-05 04:37:12.441100
RTM1C50,2.54,2.53,2.55,1000000.0,1000000.0,0,0,0,0,0,0,0,0,49,2026-02-05 04:37:12.441100
RTM1P50,0.87,0.86,0.88,1000000.0,1000000.0,0,0,0,0,0,0,0,0,49,2026-02-05 04:37:12.441100
RTM1C51,2.01,2.0,2.02,1000000.0,1000000.0,0,0,0,0,0,0,0,0,49,2026-02-05 04:37:12.441100
RTM1P51,1.34,1.33,1.35,1000000.0,1000000.0,0,0,0,0,0,0,0,0,49,2026-02-05 04:37:12.441100
RTM1C52,1.46,1.45,1.47,1000000.0,1000000.0,0,0,0,0,0,0,0,0,49,2026-02-05 04:37:12.441100
RTM1P52,1.79,1.78,1.8,1000000.0,1000000.0,0,0,0,0,0,0,0,0,49,2026-02-05 04:37:12.441100
RTM1C53,1.11,1.1,1.12,1000000.0,1000000.0,0,0,0,0,0,0,0,0,49,2026-02-05 04:37:12.441100
RTM1P53,2.44,2.43,2.45,1000000.0,1000000.0,0,0,0,0,0,0,0,0,49,2026-02-05 04:37:12.441100
RTM1C54,0.73,0.72,0.74,1000000.0,1000000.0,0,0,0,0,0,0,0,0,49,2026-02-05 04:37:12.441100
RTM1P54,3.06,3.05,3.07,1000000.0,1000000.0,0,0,0,0,0,0,0,0,49,2026-02-05 04:37:12.441100
RTM,51.5,51.48,51.5,100000000.0,100000000.0,0,0,0,0,0,0,0,0,50,2026-02-05 04:37:13.531759
RTM1C45,6.57,6.56,6.58,1000000.0,1000000.0,0,0,0,0,0,0,0,0,50,2026-02-05 04:37:13.531759
RTM1P45,0.08,0.07,0.09,1000000.0,1000000.0,0,0,0,0,0,0,0,0,50,2026-02-05 04:37:13.531759
RTM1C46,5.61,5.6,5.62,1000000.0,1000000.0,0,0,0,0,0,0,0,0,50,2026-02-05 04:37:13.531759
RTM1P46,0.12,0.11,0.13,1000000.0,1000000.0,0,0,0,0,0,0,0,0,50,2026-02-05 04:37:13.531759
RTM1C47,4.73,4.72,4.74,1000000.0,1000000.0,0,0,0,0,0,0,0,0,50,2026-02-05 04:37:13.531759
RTM1P47,0.24,0.23,0.25,1000000.0,1000000.0,0,0,0,0,0,0,0,0,50,2026-02-05 04:37:13.531759
RTM1C48,3.88,3.87,3.89,1000000.0,1000000.0,0,0,0,0,0,0,0,0,50,2026-02-05 04:37:13.531759
RTM1P48,0.39,0.38,0.4,1000000.0,1000000.0,0,0,0,0,0,0,0,0,50,2026-02-05 04:37:13.531759
RTM1C49,3.15,3.14,3.16,1000000.0,1000000.0,0,0,0,0,0,0,0,0,50,2026-02-05 04:37:13.531759
RTM1P49,0.65,0.64,0.66,1000000.0,1000000.0,0,0,0,0,0,0,0,0,50,2026-02-05 04:37:13.531759
RTM1C50,2.47,2.46,2.48,1000000.0,1000000.0,0,0,0,0,0,0,0,0,50,2026-02-05 04:37:13.531759
RTM1P50,0.97,0.96,0.98,1000000.0,1000000.0,0,0,0,0,0,0,0,0,50,2026-02-05 04:37:13.531759
RTM1C51,1.91,1.9,1.92,1000000.0,1000000.0,0,0,0,0,0,0,0,0,50,2026-02-05 04:37:13.531759
RTM1P51,1.42,1.41,1.43,1000000.0,1000000.0,0,0,0,0,0,0,0,0,50,2026-02-05 04:37:13.531759
RTM1C52,1.4,1.39,1.41,1000000.0,1000000.0,0,0,0,0,0,0,0,0,50,2026-02-05 04:37:13.531759
RTM1P52,1.91,1.9,1.92,1000000.0,1000000.0,0,0,0,0,0,0,0,0,50,2026-02-05 04:37:13.531759
RTM1C53,1.01,1.0,1.02,1000000.0,1000000.0,0,0,0,0,0,0,0,0,50,2026-02-05 04:37:13.531759
RTM1P53,2.52,2.51,2.53,1000000.0,1000000.0,0,0,0,0,0,0,0,0,50,2026-02-05 04:37:13.531759
RTM1C54,0.68,0.67,0.69,1000000.0,1000000.0,0,0,0,0,0,0,0,0,50,2026-02-05 04:37:13.531759
RTM1P54,3.19,3.18,3.2,1000000.0,1000000.0,0,0,0,0,0,0,0,0,50,2026-02-05 04:37:13.531759
RTM,51.17,51.16,51.18,100000000.0,100000000.0,0,0,0,0,0,0,0,0,51,2026-02-05 04:37:14.114316
RTM1C45,6.25,6.24,6.26,1000000.0,1000000.0,0,0,0,0,0,0,0,0,51,2026-02-05 04:37:14.114316
RTM1P45,0.08,0.07,0.09,1000000.0,1000000.0,0,0,0,0,0,0,0,0,51,2026-02-05 04:37:14.114316
RTM1C46,5.32,5.31,5.33,1000000.0,1000000.0,0,0,0,0,0,0,0,0,51,2026-02-05 04:37:14.114316
RTM1P46,0.15,0.14,0.16,1000000.0,1000000.0,0,0,0,0,0,0,0,0,51,2026-02-05 04:37:14.114316
RTM1C47,4.47,4.46,4.48,1000000.0,1000000.0,0,0,0,0,0,0,0,0,51,2026-02-05 04:37:14.114316
RTM1P47,0.29,0.28,0.3,1000000.0,1000000.0,0,0,0,0,0,0,0,0,51,2026-02-05 04:37:14.114316
RTM1C48,3.66,3.65,3.67,1000000.0,1000000.0,0,0,0,0,0,0,0,0,51,2026-02-05 04:37:14.114316
RTM1P48,0.49,0.48,0.5,1000000.0,1000000.0,0,0,0,0,0,0,0,0,51,2026-02-05 04:37:14.114316
RTM1C49,2.9,2.89,2.91,1000000.0,1000000.0,0,0,0,0,0,0,0,0,51,2026-02-05 04:37:14.114316
RTM1P49,0.73,0.72,0.74,1000000.0,1000000.0,0,0,0,0,0,0,0,0,51,2026-02-05 04:37:14.114316
RTM1C50,2.24,2.23,2.25,1000000.0,1000000.0,0,0,0,0,0,0,0,0,51,2026-02-05 04:37:14.114316
RTM1P50,1.07,1.06,1.08,1000000.0,1000000.0,0,0,0,0,0,0,0,0,51,2026-02-05 04:37:14.114316
RTM1C51,1.73,1.72,1.74,1000000.0,1000000.0,0,0,0,0,0,0,0,0,51,2026-02-05 04:37:14.114316
RTM1P51,1.56,1.55,1.57,1000000.0,1000000.0,0,0,0,0,0,0,0,0,51,2026-02-05 04:37:14.114316
RTM1C52,1.29,1.28,1.3,1000000.0,1000000.0,0,0,0,0,0,0,0,0,51,2026-02-05 04:37:14.114316
RTM1P52,2.11,2.1,2.12,1000000.0,1000000.0,0,0,0,0,0,0,0,0,51,2026-02-05 04:37:14.114316
RTM1C53,0.89,0.88,0.9,1000000.0,1000000.0,0,0,0,0,0,0,0,0,51,2026-02-05 04:37:14.114316
RTM1P53,2.71,2.7,2.72,1000000.0,1000000.0,0,0,0,0,0,0,0,0,51,2026-02-05 04:37:14.114316
RTM1C54,0.62,0.61,0.63,1000000.0,1000000.0,0,0,0,0,0,0,0,0,51,2026-02-05 04:37:14.114316
RTM1P54,3.44,3.43,3.45,1000000.0,1000000.0,0,0,0,0,0,0,0,0,51,2026-02-05 04:37:14.114316
RTM,51.39,51.38,51.4,100000000.0,100000000.0,0,0,0,0,0,0,0,0,52,2026-02-05 04:37:15.231962
RTM1C45,6.48,6.47,6.49,1000000.0,1000000.0,0,0,0,0,0,0,0,0,52,2026-02-05 04:37:15.231962
RTM1P45,0.08,0.07,0.09,1000000.0,1000000.0,0,0,0,0,0,0,0,0,52,2026-02-05 04:37:15.231962
RTM1C46,5.53,5.52,5.54,1000000.0,1000000.0,0,0,0,0,0,0,0,0,52,2026-02-05 04:37:15.231962
RTM1P46,0.14,0.13,0.15,1000000.0,1000000.0,0,0,0,0,0,0,0,0,52,2026-02-05 04:37:15.231962
RTM1C47,4.64,4.63,4.65,1000000.0,1000000.0,0,0,0,0,0,0,0,0,52,2026-02-05 04:37:15.231962
RTM1P47,0.25,0.24,0.26,1000000.0,1000000.0,0,0,0,0,0,0,0,0,52,2026-02-05 04:37:15.231962
RTM1C48,3.83,3.82,3.84,1000000.0,1000000.0,0,0,0,0,0,0,0,0,52,2026-02-05 04:37:15.231962
RTM1P48,0.44,0.43,0.45,1000000.0,1000000.0,0,0,0,0,0,0,0,0,52,2026-02-05 04:37:15.231962
RTM1C49,3.08,3.07,3.09,1000000.0,1000000.0,0,0,0,0,0,0,0,0,52,2026-02-05 04:37:15.231962
RTM1P49,0.68,0.67,0.69,1000000.0,1000000.0,0,0,0,0,0,0,0,0,52,2026-02-05 04:37:15.231962
RTM1C50,2.39,2.38,2.4,1000000.0,1000000.0,0,0,0,0,0,0,0,0,52,2026-02-05 04:37:15.231962
RTM1P50,0.99,0.98,1.0,1000000.0,1000000.0,0,0,0,0,0,0,0,0,52,2026-02-05 04:37:15.231962
RTM1C51,1.84,1.83,1.85,1000000.0,1000000.0,0,0,0,0,0,0,0,0,52,2026-02-05 04:37:15.231962
RTM1P51,1.45,1.44,1.46,1000000.0,1000000.0,0,0,0,0,0,0,0,0,52,2026-02-05 04:37:15.231962
RTM1C52,1.35,1.34,1.36,1000000.0,1000000.0,0,0,0,0,0,0,0,0,52,2026-02-05 04:37:15.231962
RTM1P52,1.96,1.95,1.97,1000000.0,1000000.0,0,0,0,0,0,0,0,0,52,2026-02-05 04:37:15.231962
RTM1C53,0.98,0.97,0.99,1000000.0,1000000.0,0,0,0,0,0,0,0,0,52,2026-02-05 04:37:15.231962
RTM1P53,2.59,2.58,2.6,1000000.0,1000000.0,0,0,0,0,0,0,0,0,52,2026-02-05 04:37:15.231962
RTM1C54,0.67,0.66,0.68,1000000.0,1000000.0,0,0,0,0,0,0,0,0,52,2026-02-05 04:37:15.231962
RTM1P54,3.28,3.27,3.29,1000000.0,1000000.0,0,0,0,0,0,0,0,0,52,2026-02-05 04:37:15.231962
RTM,51.3,51.29,51.31,100000000.0,100000000.0,0,0,0,0,0,0,0,0,53,2026-02-05 04:37:16.321107
RTM1C45,6.38,6.37,6.39,1000000.0,1000000.0,0,0,0,0,0,0,0,0,53,2026-02-05 04:37:16.321107
RTM1P45,0.08,0.07,0.09,1000000.0,1000000.0,0,0,0,0,0,0,0,0,53,2026-02-05 04:37:16.321107
RTM1C46,5.46,5.45,5.47,1000000.0,1000000.0,0,0,0,0,0,0,0,0,53,2026-02-05 04:37:16.321107
RTM1P46,0.15,0.14,0.16,1000000.0,1000000.0,0,0,0,0,0,0,0,0,53,2026-02-05 04:37:16.321107
RTM1C47,4.57,4.56,4.58,1000000.0,1000000.0,0,0,0,0,0,0,0,0,53,2026-02-05 04:37:16.321107
RTM1P47,0.26,0.25,0.27,1000000.0,1000000.0,0,0,0,0,0,0,0,0,53,2026-02-05 04:37:16.321107
RTM1C48,3.75,3.74,3.76,1000000.0,1000000.0,0,0,0,0,0,0,0,0,53,2026-02-05 04:37:16.321107
RTM1P48,0.45,0.44,0.46,1000000.0,1000000.0,0,0,0,0,0,0,0,0,53,2026-02-05 04:37:16.321107
RTM1C49,3.03,3.02,3.04,1000000.0,1000000.0,0,0,0,0,0,0,0,0,53,2026-02-05 04:37:16.321107
RTM1P49,0.72,0.71,0.73,1000000.0,1000000.0,0,0,0,0,0,0,0,0,53,2026-02-05 04:37:16.321107
RTM1C50,2.33,2.32,2.34,1000000.0,1000000.0,0,0,0,0,0,0,0,0,53,2026-02-05 04:37:16.321107
RTM1P50,1.03,1.02,1.04,1000000.0,1000000.0,0,0,0,0,0,0,0,0,53,2026-02-05 04:37:16.321107
RTM1C51,1.8,1.79,1.81,1000000.0,1000000.0,0,0,0,0,0,0,0,0,53,2026-02-05 04:37:16.321107
RTM1P51,1.5,1.49,1.51,1000000.0,1000000.0,0,0,0,0,0,0,0,0,53,2026-02-05 04:37:16.321107
RTM1C52,1.32,1.31,1.33,1000000.0,1000000.0,0,0,0,0,0,0,0,0,53,2026-02-05 04:37:16.321107
RTM1P52,2.02,2.01,2.03,1000000.0,1000000.0,0,0,0,0,0,0,0,0,53,2026-02-05 04:37:16.321107
RTM1C53,0.96,0.95,0.97,1000000.0,1000000.0,0,0,0,0,0,0,0,0,53,2026-02-05 04:37:16.321107
RTM1P53,2.66,2.65,2.67,1000000.0,1000000.0,0,0,0,0,0,0,0,0,53,2026-02-05 04:37:16.321107
RTM1C54,0.67,0.66,0.68,1000000.0,1000000.0,0,0,0,0,0,0,0,0,53,2026-02-05 04:37:16.321107
RTM1P54,3.37,3.36,3.38,1000000.0,1000000.0,0,0,0,0,0,0,0,0,53,2026-02-05 04:37:16.321107
RTM,51.3,51.29,51.31,100000000.0,100000000.0,0,0,0,0,0,0,0,0,54,2026-02-05 04:37:17.394333
RTM1C45,6.38,6.37,6.39,1000000.0,1000000.0,0,0,0,0,0,0,0,0,54,2026-02-05 04:37:17.394333
RTM1P45,0.09,0.08,0.1,1000000.0,1000000.0,0,0,0,0,0,0,0,0,54,2026-02-05 04:37:17.394333
RTM1C46,5.45,5.44,5.46,1000000.0,1000000.0,0,0,0,0,0,0,0,0,54,2026-02-05 04:37:17.394333
RTM1P46,0.15,0.14,0.16,1000000.0,1000000.0,0,0,0,0,0,0,0,0,54,2026-02-05 04:37:17.394333
RTM1C47,4.56,4.55,4.57,1000000.0,1000000.0,0,0,0,0,0,0,0,0,54,2026-02-05 04:37:17.394333
RTM1P47,0.26,0.25,0.27,1000000.0,1000000.0,0,0,0,0,0,0,0,0,54,2026-02-05 04:37:17.394333
RTM1C48,3.76,3.75,3.77,1000000.0,1000000.0,0,0,0,0,0,0,0,0,54,2026-02-05 04:37:17.394333
RTM1P48,0.46,0.45,0.47,1000000.0,1000000.0,0,0,0,0,0,0,0,0,54,2026-02-05 04:37:17.394333
RTM1C49,3.01,3.0,3.02,1000000.0,1000000.0,0,0,0,0,0,0,0,0,54,2026-02-05 04:37:17.394333
RTM1P49,0.71,0.7,0.72,1000000.0,1000000.0,0,0,0,0,0,0,0,0,54,2026-02-05 04:37:17.394333
RTM1C50,2.33,2.32,2.34,1000000.0,1000000.0,0,0,0,0,0,0,0,0,54,2026-02-05 04:37:17.394333
RTM1P50,1.04,1.03,1.05,1000000.0,1000000.0,0,0,0,0,0,0,0,0,54,2026-02-05 04:37:17.394333
RTM1C51,1.8,1.79,1.81,1000000.0,1000000.0,0,0,0,0,0,0,0,0,54,2026-02-05 04:37:17.394333
RTM1P51,1.51,1.5,1.52,1000000.0,1000000.0,0,0,0,0,0,0,0,0,54,2026-02-05 04:37:17.394333
RTM1C52,1.31,1.3,1.32,1000000.0,1000000.0,0,0,0,0,0,0,0,0,54,2026-02-05 04:37:17.394333
RTM1P52,2.01,2.0,2.02,1000000.0,1000000.0,0,0,0,0,0,0,0,0,54,2026-02-05 04:37:17.394333
RTM1C53,0.95,0.94,0.96,1000000.0,1000000.0,0,0,0,0,0,0,0,0,54,2026-02-05 04:37:17.394333
RTM1P53,2.65,2.64,2.66,1000000.0,1000000.0,0,0,0,0,0,0,0,0,54,2026-02-05 04:37:17.394333
RTM1C54,0.67,0.66,0.68,1000000.0,1000000.0,0,0,0,0,0,0,0,0,54,2026-02-05 04:37:17.394333
RTM1P54,3.38,3.37,3.39,1000000.0,1000000.0,0,0,0,0,0,0,0,0,54,2026-02-05 04:37:17.394333
RTM,51.52,51.51,51.53,100000000.0,100000000.0,0,0,0,0,0,0,0,0,55,2026-02-05 04:37:18.464281
RTM1C45,6.6,6.59,6.61,1000000.0,1000000.0,0,0,0,0,0,0,0,0,55,2026-02-05 04:37:18.464281
