ticker,last_price,bid_price,ask_price,BUY_ANON,SELL_GIOT-1,SELL_ANON,BUY_UEBR-3,BUY_GIOT-1,BUY_UBCT-2,SELL_UBCT-2,SELL_UEBR-3,tick,timestamp
RTM,0.0,0.0,0.0,0,0,0,0,0,0,0,0,0,2026-02-04 19:00:11.512039
RTM1C45,0.0,0.0,0.0,0,0,0,0,0,0,0,0,0,2026-02-04 19:00:11.512039
RTM1P45,0.0,0.0,0.0,0,0,0,0,0,0,0,0,0,2026-02-04 19:00:11.512039
RTM1C46,0.0,0.0,0.0,0,0,0,0,0,0,0,0,0,2026-02-04 19:00:11.512039
RTM1P46,0.0,0.0,0.0,0,0,0,0,0,0,0,0,0,2026-02-04 19:00:11.512039
RTM1C47,0.0,0.0,0.0,0,0,0,0,0,0,0,0,0,2026-02-04 19:00:11.512039
RTM1P47,0.0,0.0,0.0,0,0,0,0,0,0,0,0,0,2026-02-04 19:00:11.512039
RTM1C48,0.0,0.0,0.0,0,0,0,0,0,0,0,0,0,2026-02-04 19:00:11.512039
RTM1P48,0.0,0.0,0.0,0,0,0,0,0,0,0,0,0,2026-02-04 19:00:11.512039
RTM1C49,0.0,0.0,0.0,0,0,0,0,0,0,0,0,0,2026-02-04 19:00:11.512039
RTM1P49,0.0,0.0,0.0,0,0,0,0,0,0,0,0,0,2026-02-04 19:00:11.512039
RTM1C50,0.0,0.0,0.0,0,0,0,0,0,0,0,0,0,2026-02-04 19:00:11.512039
RTM1P50,0.0,0.0,0.0,0,0,0,0,0,0,0,0,0,2026-02-04 19:00:11.512039
RTM1C51,0.0,0.0,0.0,0,0,0,0,0,0,0,0,0,2026-02-04 19:00:11.512039
RTM1P51,0.0,0.0,0.0,0,0,0,0,0,0,0,0,0,2026-02-04 19:00:11.512039
RTM1C52,0.0,0.0,0.0,0,0,0,0,0,0,0,0,0,2026-02-04 19:00:11.512039
RTM1P52,0.0,0.0,0.0,0,0,0,0,0,0,0,0,0,2026-02-04 19:00:11.512039
RTM1C53,0.0,0.0,0.0,0,0,0,0,0,0,0,0,0,2026-02-04 19:00:11.512039
RTM1P53,0.0,0.0,0.0,0,0,0,0,0,0,0,0,0,2026-02-04 19:00:11.512039
RTM1C54,0.0,0.0,0.0,0,0,0,0,0,0,0,0,0,2026-02-04 19:00:11.512039
RTM1P54,0.0,0.0,0.0,0,0,0,0,0,0,0,0,0,2026-02-04 19:00:11.512039
RTM,50.0,0.0,0.0,100000000.0,100000000.0,0,0,0,0,0,0,1,2026-02-04 19:00:12.103228,2.0,1.0,1.0,Week 1,Delta limit and penalty,The delta limit for this sub-heat is 13000 and the penalty percentage is 2%
RTM1C45,5.85,0.0,0.0,1000000.0,1000000.0,0,0,0,0,0,0,1,2026-02-04 19:00:12.103228,1.0,1.0,1.0,Week 1,Risk free rate and current annualized volatility of RTM,The current risk free rate is 0%. RTM is an ETF that mimics one of the major indices in the simulated world and its current annualized realized volatility is 36%. This simulation consists of 20 trading days that are each 15 ticks in length.
RTM1P45,0.85,0.0,0.0,1000000.0,1000000.0,0,0,0,0,0,0,1,2026-02-04 19:00:12.103228,,,,,,
RTM1C46,5.12,0.0,0.0,1000000.0,1000000.0,0,0,0,0,0,0,1,2026-02-04 19:00:12.103228,,,,,,
RTM1P46,1.12,0.0,0.0,1000000.0,1000000.0,0,0,0,0,0,0,1,2026-02-04 19:00:12.103228,,,,,,
RTM1C47,4.45,0.0,0.0,1000000.0,1000000.0,0,0,0,0,0,0,1,2026-02-04 19:00:12.103228,,,,,,
RTM1P47,1.45,0.0,0.0,1000000.0,1000000.0,0,0,0,0,0,0,1,2026-02-04 19:00:12.103228,,,,,,
RTM1C48,3.83,0.0,0.0,1000000.0,1000000.0,0,0,0,0,0,0,1,2026-02-04 19:00:12.103228,,,,,,
RTM1P48,1.83,0.0,0.0,1000000.0,1000000.0,0,0,0,0,0,0,1,2026-02-04 19:00:12.103228,,,,,,
RTM1C49,3.23,0.0,0.0,1000000.0,1000000.0,0,0,0,0,0,0,1,2026-02-04 19:00:12.103228,,,,,,
RTM1P49,2.23,0.0,0.0,1000000.0,1000000.0,0,0,0,0,0,0,1,2026-02-04 19:00:12.103228,,,,,,
RTM1C50,2.65,0.0,0.0,1000000.0,1000000.0,0,0,0,0,0,0,1,2026-02-04 19:00:12.103228,,,,,,
RTM1P50,2.65,0.0,0.0,1000000.0,1000000.0,0,0,0,0,0,0,1,2026-02-04 19:00:12.103228,,,,,,
RTM1C51,2.02,0.0,0.0,1000000.0,1000000.0,0,0,0,0,0,0,1,2026-02-04 19:00:12.103228,,,,,,
RTM1P51,3.02,0.0,0.0,1000000.0,1000000.0,0,0,0,0,0,0,1,2026-02-04 19:00:12.103228,,,,,,
RTM1C52,2.01,0.0,0.0,1000000.0,1000000.0,0,0,0,0,0,0,1,2026-02-04 19:00:12.103228,,,,,,
RTM1P52,4.01,0.0,0.0,1000000.0,1000000.0,0,0,0,0,0,0,1,2026-02-04 19:00:12.103228,,,,,,
RTM1C53,1.6,0.0,0.0,1000000.0,1000000.0,0,0,0,0,0,0,1,2026-02-04 19:00:12.103228,,,,,,
RTM1P53,4.6,0.0,0.0,1000000.0,1000000.0,0,0,0,0,0,0,1,2026-02-04 19:00:12.103228,,,,,,
RTM1C54,1.31,0.0,0.0,1000000.0,1000000.0,0,0,0,0,0,0,1,2026-02-04 19:00:12.103228,,,,,,
RTM1P54,5.31,0.0,0.0,1000000.0,1000000.0,0,0,0,0,0,0,1,2026-02-04 19:00:12.103228,,,,,,
RTM,49.77,49.76,49.78,100000000.0,100000000.0,0,0,0,0,0,0,2,2026-02-04 19:00:13.178893
RTM1C45,5.62,5.61,5.63,1000000.0,1000000.0,0,0,0,0,0,0,2,2026-02-04 19:00:13.178893
RTM1P45,0.85,0.84,0.86,1000000.0,1000000.0,0,0,0,0,0,0,2,2026-02-04 19:00:13.178893
RTM1C46,4.89,4.88,4.9,1000000.0,1000000.0,0,0,0,0,0,0,2,2026-02-04 19:00:13.178893
RTM1P46,1.13,1.12,1.14,1000000.0,1000000.0,0,0,0,0,0,0,2,2026-02-04 19:00:13.178893
RTM1C47,4.06,4.05,4.07,1000000.0,1000000.0,0,0,0,0,0,0,2,2026-02-04 19:00:13.178893
RTM1P47,1.29,1.28,1.3,1000000.0,1000000.0,0,0,0,0,0,0,2,2026-02-04 19:00:13.178893
RTM1C48,3.58,3.57,3.59,1000000.0,1000000.0,0,0,0,0,0,0,2,2026-02-04 19:00:13.178893
RTM1P48,1.82,1.81,1.83,1000000.0,1000000.0,0,0,0,0,0,0,2,2026-02-04 19:00:13.178893
RTM1C49,2.9,2.89,2.91,1000000.0,1000000.0,0,0,0,0,0,0,2,2026-02-04 19:00:13.178893
RTM1P49,2.13,2.12,2.14,1000000.0,1000000.0,0,0,0,0,0,0,2,2026-02-04 19:00:13.178893
RTM1C50,2.48,2.47,2.49,1000000.0,1000000.0,0,0,0,0,0,0,2,2026-02-04 19:00:13.178893
RTM1P50,2.72,2.71,2.73,1000000.0,1000000.0,0,0,0,0,0,0,2,2026-02-04 19:00:13.178893
RTM1C51,2.26,2.25,2.27,1000000.0,1000000.0,0,0,0,0,0,0,2,2026-02-04 19:00:13.178893
RTM1P51,3.5,3.49,3.51,1000000.0,1000000.0,0,0,0,0,0,0,2,2026-02-04 19:00:13.178893
RTM1C52,1.67,1.67,1.69,1000000.0,1000000.0,0,0,0,0,0,0,2,2026-02-04 19:00:13.178893
RTM1P52,3.92,3.91,3.93,1000000.0,1000000.0,0,0,0,0,0,0,2,2026-02-04 19:00:13.178893
RTM1C53,1.22,1.21,1.23,1000000.0,1000000.0,0,0,0,0,0,0,2,2026-02-04 19:00:13.178893
RTM1P53,4.46,4.45,4.47,1000000.0,1000000.0,0,0,0,0,0,0,2,2026-02-04 19:00:13.178893
RTM1C54,1.05,1.04,1.06,1000000.0,1000000.0,0,0,0,0,0,0,2,2026-02-04 19:00:13.178893
RTM1P54,5.28,5.27,5.29,1000000.0,1000000.0,0,0,0,0,0,0,2,2026-02-04 19:00:13.178893
RTM,49.89,49.89,49.91,100000000.0,100000000.0,0,0,0,0,0,0,3,2026-02-04 19:00:14.353441
RTM1C45,5.62,5.61,5.63,1000000.0,1000000.0,0,0,0,0,0,0,3,2026-02-04 19:00:14.353441
RTM1P45,0.73,0.72,0.74,1000000.0,1000000.0,0,0,0,0,0,0,3,2026-02-04 19:00:14.353441
RTM1C46,4.79,4.78,4.8,1000000.0,1000000.0,0,0,0,0,0,0,3,2026-02-04 19:00:14.353441
RTM1P46,0.9,0.89,0.91,1000000.0,1000000.0,0,0,0,0,0,0,3,2026-02-04 19:00:14.353441
RTM1C47,4.31,4.3,4.32,1000000.0,1000000.0,0,0,0,0,0,0,3,2026-02-04 19:00:14.353441
RTM1P47,1.41,1.4,1.42,1000000.0,1000000.0,0,0,0,0,0,0,3,2026-02-04 19:00:14.353441
RTM1C48,3.73,3.72,3.74,1000000.0,1000000.0,0,0,0,0,0,0,3,2026-02-04 19:00:14.353441
RTM1P48,1.83,1.82,1.84,1000000.0,1000000.0,0,0,0,0,0,0,3,2026-02-04 19:00:14.353441
RTM1C49,2.97,2.96,2.98,1000000.0,1000000.0,0,0,0,0,0,0,3,2026-02-04 19:00:14.353441
RTM1P49,2.08,2.07,2.09,1000000.0,1000000.0,0,0,0,0,0,0,3,2026-02-04 19:00:14.353441
RTM1C50,2.38,2.37,2.39,1000000.0,1000000.0,0,0,0,0,0,0,3,2026-02-04 19:00:14.353441
RTM1P50,2.48,2.47,2.49,1000000.0,1000000.0,0,0,0,0,0,0,3,2026-02-04 19:00:14.353441
RTM1C51,2.27,2.27,2.29,1000000.0,1000000.0,0,0,0,0,0,0,3,2026-02-04 19:00:14.353441
RTM1P51,3.39,3.37,3.39,1000000.0,1000000.0,0,0,0,0,0,0,3,2026-02-04 19:00:14.353441
RTM1C52,1.89,1.88,1.9,1000000.0,1000000.0,0,0,0,0,0,0,3,2026-02-04 19:00:14.353441
RTM1P52,4.0,3.99,4.01,1000000.0,1000000.0,0,0,0,0,0,0,3,2026-02-04 19:00:14.353441
RTM1C53,1.6,1.59,1.61,1000000.0,1000000.0,0,0,0,0,0,0,3,2026-02-04 19:00:14.353441
RTM1P53,4.7,4.69,4.71,1000000.0,1000000.0,0,0,0,0,0,0,3,2026-02-04 19:00:14.353441
RTM1C54,1.23,1.22,1.24,1000000.0,1000000.0,0,0,0,0,0,0,3,2026-02-04 19:00:14.353441
RTM1P54,5.33,5.32,5.34,1000000.0,1000000.0,0,0,0,0,0,0,3,2026-02-04 19:00:14.353441
RTM,49.77,49.76,49.78,100000000.0,100000000.0,0,0,0,0,0,0,4,2026-02-04 19:00:14.956492
RTM1C45,5.57,5.56,5.58,1000000.0,1000000.0,0,0,0,0,0,0,4,2026-02-04 19:00:14.956492
RTM1P45,0.8,0.79,0.81,1000000.0,1000000.0,0,0,0,0,0,0,4,2026-02-04 19:00:14.956492
RTM1C46,4.71,4.7,4.72,1000000.0,1000000.0,0,0,0,0,0,0,4,2026-02-04 19:00:14.956492
RTM1P46,0.94,0.93,0.95,1000000.0,1000000.0,0,0,0,0,0,0,4,2026-02-04 19:00:14.956492
RTM1C47,4.15,4.14,4.16,1000000.0,1000000.0,0,0,0,0,0,0,4,2026-02-04 19:00:14.956492
RTM1P47,1.38,1.37,1.39,1000000.0,1000000.0,0,0,0,0,0,0,4,2026-02-04 19:00:14.956492
RTM1C48,3.52,3.51,3.53,1000000.0,1000000.0,0,0,0,0,0,0,4,2026-02-04 19:00:14.956492
RTM1P48,1.75,1.74,1.76,1000000.0,1000000.0,0,0,0,0,0,0,4,2026-02-04 19:00:14.956492
RTM1C49,2.86,2.85,2.87,1000000.0,1000000.0,0,0,0,0,0,0,4,2026-02-04 19:00:14.956492
RTM1P49,2.09,2.08,2.1,1000000.0,1000000.0,0,0,0,0,0,0,4,2026-02-04 19:00:14.956492
RTM1C50,2.51,2.5,2.52,1000000.0,1000000.0,0,0,0,0,0,0,4,2026-02-04 19:00:14.956492
RTM1P50,2.74,2.73,2.75,1000000.0,1000000.0,0,0,0,0,0,0,4,2026-02-04 19:00:14.956492
RTM1C51,2.14,2.13,2.15,1000000.0,1000000.0,0,0,0,0,0,0,4,2026-02-04 19:00:14.956492
RTM1P51,3.36,3.35,3.37,1000000.0,1000000.0,0,0,0,0,0,0,4,2026-02-04 19:00:14.956492
RTM1C52,1.57,1.56,1.58,1000000.0,1000000.0,0,0,0,0,0,0,4,2026-02-04 19:00:14.956492
RTM1P52,3.8,3.79,3.81,1000000.0,1000000.0,0,0,0,0,0,0,4,2026-02-04 19:00:14.956492
RTM1C53,1.36,1.35,1.37,1000000.0,1000000.0,0,0,0,0,0,0,4,2026-02-04 19:00:14.956492
RTM1P53,4.59,4.58,4.6,1000000.0,1000000.0,0,0,0,0,0,0,4,2026-02-04 19:00:14.956492
RTM1C54,0.95,0.94,0.96,1000000.0,1000000.0,0,0,0,0,0,0,4,2026-02-04 19:00:14.956492
RTM1P54,5.18,5.17,5.19,1000000.0,1000000.0,0,0,0,0,0,0,4,2026-02-04 19:00:14.956492
RTM,49.38,49.37,49.39,100000000.0,100000000.0,0,0,0,0,0,0,5,2026-02-04 19:00:16.027244
RTM1C45,5.09,5.08,5.1,1000000.0,1000000.0,0,0,0,0,0,0,5,2026-02-04 19:00:16.027244
RTM1P45,0.72,0.71,0.73,1000000.0,1000000.0,0,0,0,0,0,0,5,2026-02-04 19:00:16.027244
RTM1C46,4.42,4.41,4.43,1000000.0,1000000.0,0,0,0,0,0,0,5,2026-02-04 19:00:16.027244
RTM1P46,1.04,1.03,1.05,1000000.0,1000000.0,0,0,0,0,0,0,5,2026-02-04 19:00:16.027244
RTM1C47,3.85,3.84,3.86,1000000.0,1000000.0,0,0,0,0,0,0,5,2026-02-04 19:00:16.027244
RTM1P47,1.47,1.46,1.48,1000000.0,1000000.0,0,0,0,0,0,0,5,2026-02-04 19:00:16.027244
RTM1C48,3.35,3.34,3.36,1000000.0,1000000.0,0,0,0,0,0,0,5,2026-02-04 19:00:16.027244
RTM1P48,1.97,1.96,1.98,1000000.0,1000000.0,0,0,0,0,0,0,5,2026-02-04 19:00:16.027244
RTM1C49,2.67,2.66,2.68,1000000.0,1000000.0,0,0,0,0,0,0,5,2026-02-04 19:00:16.027244
RTM1P49,2.29,2.28,2.3,1000000.0,1000000.0,0,0,0,0,0,0,5,2026-02-04 19:00:16.027244
RTM1C50,2.32,2.31,2.33,1000000.0,1000000.0,0,0,0,0,0,0,5,2026-02-04 19:00:16.027244
RTM1P50,2.95,2.94,2.96,1000000.0,1000000.0,0,0,0,0,0,0,5,2026-02-04 19:00:16.027244
RTM1C51,1.82,1.81,1.83,1000000.0,1000000.0,0,0,0,0,0,0,5,2026-02-04 19:00:16.027244
RTM1P51,3.44,3.43,3.45,1000000.0,1000000.0,0,0,0,0,0,0,5,2026-02-04 19:00:16.027244
RTM1C52,1.45,1.44,1.46,1000000.0,1000000.0,0,0,0,0,0,0,5,2026-02-04 19:00:16.027244
RTM1P52,4.08,4.07,4.09,1000000.0,1000000.0,0,0,0,0,0,0,5,2026-02-04 19:00:16.027244
RTM1C53,1.33,1.32,1.34,1000000.0,1000000.0,0,0,0,0,0,0,5,2026-02-04 19:00:16.027244
RTM1P53,4.95,4.94,4.96,1000000.0,1000000.0,0,0,0,0,0,0,5,2026-02-04 19:00:16.027244
RTM1C54,0.96,0.95,0.97,1000000.0,1000000.0,0,0,0,0,0,0,5,2026-02-04 19:00:16.027244
RTM1P54,5.58,5.57,5.59,1000000.0,1000000.0,0,0,0,0,0,0,5,2026-02-04 19:00:16.027244
RTM,49.58,49.57,49.59,100000000.0,100000000.0,0,0,0,0,0,0,6,2026-02-04 19:00:17.083317
RTM1C45,5.47,5.46,5.48,1000000.0,1000000.0,0,0,0,0,0,0,6,2026-02-04 19:00:17.083317
RTM1P45,0.89,0.88,0.9,1000000.0,1000000.0,0,0,0,0,0,0,6,2026-02-04 19:00:17.083317
RTM1C46,4.61,4.61,4.63,1000000.0,1000000.0,0,0,0,0,0,0,6,2026-02-04 19:00:17.083317
RTM1P46,1.04,1.03,1.05,1000000.0,1000000.0,0,0,0,0,0,0,6,2026-02-04 19:00:17.083317
RTM1C47,3.99,3.98,4.0,1000000.0,1000000.0,0,0,0,0,0,0,6,2026-02-04 19:00:17.083317
RTM1P47,1.41,1.4,1.42,1000000.0,1000000.0,0,0,0,0,0,0,6,2026-02-04 19:00:17.083317
RTM1C48,3.4,3.39,3.41,1000000.0,1000000.0,0,0,0,0,0,0,6,2026-02-04 19:00:17.083317
RTM1P48,1.82,1.81,1.83,1000000.0,1000000.0,0,0,0,0,0,0,6,2026-02-04 19:00:17.083317
RTM1C49,2.83,2.82,2.84,1000000.0,1000000.0,0,0,0,0,0,0,6,2026-02-04 19:00:17.083317
RTM1P49,2.25,2.24,2.26,1000000.0,1000000.0,0,0,0,0,0,0,6,2026-02-04 19:00:17.083317
RTM1C50,2.2,2.19,2.21,1000000.0,1000000.0,0,0,0,0,0,0,6,2026-02-04 19:00:17.083317
RTM1P50,2.62,2.61,2.63,1000000.0,1000000.0,0,0,0,0,0,0,6,2026-02-04 19:00:17.083317
RTM1C51,1.82,1.81,1.83,1000000.0,1000000.0,0,0,0,0,0,0,6,2026-02-04 19:00:17.083317
RTM1P51,3.23,3.22,3.24,1000000.0,1000000.0,0,0,0,0,0,0,6,2026-02-04 19:00:17.083317
RTM1C52,1.46,1.45,1.47,1000000.0,1000000.0,0,0,0,0,0,0,6,2026-02-04 19:00:17.083317
RTM1P52,3.88,3.87,3.89,1000000.0,1000000.0,0,0,0,0,0,0,6,2026-02-04 19:00:17.083317
RTM1C53,1.27,1.26,1.28,1000000.0,1000000.0,0,0,0,0,0,0,6,2026-02-04 19:00:17.083317
RTM1P53,4.68,4.67,4.69,1000000.0,1000000.0,0,0,0,0,0,0,6,2026-02-04 19:00:17.083317
RTM1C54,0.9,0.89,0.91,1000000.0,1000000.0,0,0,0,0,0,0,6,2026-02-04 19:00:17.083317
RTM1P54,5.32,5.31,5.33,1000000.0,1000000.0,0,0,0,0,0,0,6,2026-02-04 19:00:17.083317
RTM,49.94,49.93,49.95,100000000.0,100000000.0,0,0,0,0,0,0,7,2026-02-04 19:00:18.142530
RTM1C45,5.67,5.66,5.68,1000000.0,1000000.0,0,0,0,0,0,0,7,2026-02-04 19:00:18.142530
RTM1P45,0.72,0.71,0.73,1000000.0,1000000.0,0,0,0,0,0,0,7,2026-02-04 19:00:18.142530
RTM1C46,4.92,4.91,4.93,1000000.0,1000000.0,0,0,0,0,0,0,7,2026-02-04 19:00:18.142530
RTM1P46,0.98,0.97,0.99,1000000.0,1000000.0,0,0,0,0,0,0,7,2026-02-04 19:00:18.142530
RTM1C47,4.06,4.05,4.07,1000000.0,1000000.0,0,0,0,0,0,0,7,2026-02-04 19:00:18.142530
RTM1P47,1.11,1.1,1.12,1000000.0,1000000.0,0,0,0,0,0,0,7,2026-02-04 19:00:18.142530
RTM1C48,3.52,3.51,3.53,1000000.0,1000000.0,0,0,0,0,0,0,7,2026-02-04 19:00:18.142530
RTM1P48,1.58,1.57,1.59,1000000.0,1000000.0,0,0,0,0,0,0,7,2026-02-04 19:00:18.142530
RTM1C49,2.9,2.89,2.91,1000000.0,1000000.0,0,0,0,0,0,0,7,2026-02-04 19:00:18.142530
RTM1P49,1.96,1.95,1.97,1000000.0,1000000.0,0,0,0,0,0,0,7,2026-02-04 19:00:18.142530
RTM1C50,2.6,2.59,2.61,1000000.0,1000000.0,0,0,0,0,0,0,7,2026-02-04 19:00:18.142530
RTM1P50,2.66,2.65,2.67,1000000.0,1000000.0,0,0,0,0,0,0,7,2026-02-04 19:00:18.142530
RTM1C51,2.16,2.15,2.17,1000000.0,1000000.0,0,0,0,0,0,0,7,2026-02-04 19:00:18.142530
RTM1P51,3.22,3.21,3.23,1000000.0,1000000.0,0,0,0,0,0,0,7,2026-02-04 19:00:18.142530
RTM1C52,1.7,1.69,1.71,1000000.0,1000000.0,0,0,0,0,0,0,7,2026-02-04 19:00:18.142530
RTM1P52,3.76,3.75,3.77,1000000.0,1000000.0,0,0,0,0,0,0,7,2026-02-04 19:00:18.142530
RTM1C53,1.39,1.38,1.4,1000000.0,1000000.0,0,0,0,0,0,0,7,2026-02-04 19:00:18.142530
RTM1P53,4.45,4.44,4.46,1000000.0,1000000.0,0,0,0,0,0,0,7,2026-02-04 19:00:18.142530
RTM1C54,0.98,0.97,0.99,1000000.0,1000000.0,0,0,0,0,0,0,7,2026-02-04 19:00:18.142530
RTM1P54,5.04,5.03,5.05,1000000.0,1000000.0,0,0,0,0,0,0,7,2026-02-04 19:00:18.142530
RTM,50.19,50.18,50.2,100000000.0,100000000.0,0,0,0,0,0,0,8,2026-02-04 19:00:19.218305
RTM1C45,5.86,5.85,5.87,1000000.0,1000000.0,0,0,0,0,0,0,8,2026-02-04 19:00:19.218305
RTM1P45,0.67,0.66,0.68,1000000.0,1000000.0,0,0,0,0,0,0,8,2026-02-04 19:00:19.218305
RTM1C46,5.1,5.09,5.11,1000000.0,1000000.0,0,0,0,0,0,0,8,2026-02-04 19:00:19.218305
RTM1P46,0.91,0.9,0.92,1000000.0,1000000.0,0,0,0,0,0,0,8,2026-02-04 19:00:19.218305
RTM1C47,4.29,4.28,4.3,1000000.0,1000000.0,0,0,0,0,0,0,8,2026-02-04 19:00:19.218305
RTM1P47,1.09,1.08,1.1,1000000.0,1000000.0,0,0,0,0,0,0,8,2026-02-04 19:00:19.218305
RTM1C48,3.69,3.68,3.7,1000000.0,1000000.0,0,0,0,0,0,0,8,2026-02-04 19:00:19.218305
RTM1P48,1.5,1.49,1.51,1000000.0,1000000.0,0,0,0,0,0,0,8,2026-02-04 19:00:19.218305
RTM1C49,3.05,3.04,3.06,1000000.0,1000000.0,0,0,0,0,0,0,8,2026-02-04 19:00:19.218305
RTM1P49,1.85,1.84,1.86,1000000.0,1000000.0,0,0,0,0,0,0,8,2026-02-04 19:00:19.218305
RTM1C50,2.54,2.53,2.55,1000000.0,1000000.0,0,0,0,0,0,0,8,2026-02-04 19:00:19.218305
RTM1P50,2.35,2.34,2.36,1000000.0,1000000.0,0,0,0,0,0,0,8,2026-02-04 19:00:19.218305
RTM1C51,2.16,2.15,2.17,1000000.0,1000000.0,0,0,0,0,0,0,8,2026-02-04 19:00:19.218305
RTM1P51,2.97,2.96,2.98,1000000.0,1000000.0,0,0,0,0,0,0,8,2026-02-04 19:00:19.218305
RTM1C52,1.62,1.61,1.63,1000000.0,1000000.0,0,0,0,0,0,0,8,2026-02-04 19:00:19.218305
RTM1P52,3.43,3.42,3.44,1000000.0,1000000.0,0,0,0,0,0,0,8,2026-02-04 19:00:19.218305
RTM1C53,1.33,1.32,1.34,1000000.0,1000000.0,0,0,0,0,0,0,8,2026-02-04 19:00:19.218305
RTM1P53,4.14,4.13,4.15,1000000.0,1000000.0,0,0,0,0,0,0,8,2026-02-04 19:00:19.218305
RTM1C54,1.2,1.19,1.21,1000000.0,1000000.0,0,0,0,0,0,0,8,2026-02-04 19:00:19.218305
RTM1P54,5.01,5.0,5.02,1000000.0,1000000.0,0,0,0,0,0,0,8,2026-02-04 19:00:19.218305
RTM,49.81,49.79,49.81,100000000.0,100000000.0,0,0,0,0,0,0,9,2026-02-04 19:00:20.326779
RTM1C45,5.53,5.52,5.54,1000000.0,1000000.0,0,0,0,0,0,0,9,2026-02-04 19:00:20.326779
RTM1P45,0.74,0.73,0.75,1000000.0,1000000.0,0,0,0,0,0,0,9,2026-02-04 19:00:20.326779
RTM1C46,4.71,4.7,4.72,1000000.0,1000000.0,0,0,0,0,0,0,9,2026-02-04 19:00:20.326779
RTM1P46,0.92,0.91,0.93,1000000.0,1000000.0,0,0,0,0,0,0,9,2026-02-04 19:00:20.326779
RTM1C47,4.15,4.14,4.16,1000000.0,1000000.0,0,0,0,0,0,0,9,2026-02-04 19:00:20.326779
RTM1P47,1.35,1.34,1.36,1000000.0,1000000.0,0,0,0,0,0,0,9,2026-02-04 19:00:20.326779
RTM1C48,3.4,3.39,3.41,1000000.0,1000000.0,0,0,0,0,0,0,9,2026-02-04 19:00:20.326779
RTM1P48,1.6,1.59,1.61,1000000.0,1000000.0,0,0,0,0,0,0,9,2026-02-04 19:00:20.326779
RTM1C49,2.85,2.84,2.86,1000000.0,1000000.0,0,0,0,0,0,0,9,2026-02-04 19:00:20.326779
RTM1P49,2.05,2.04,2.06,1000000.0,1000000.0,0,0,0,0,0,0,9,2026-02-04 19:00:20.326779
RTM1C50,2.44,2.43,2.45,1000000.0,1000000.0,0,0,0,0,0,0,9,2026-02-04 19:00:20.326779
RTM1P50,2.64,2.63,2.65,1000000.0,1000000.0,0,0,0,0,0,0,9,2026-02-04 19:00:20.326779
RTM1C51,1.81,1.79,1.81,1000000.0,1000000.0,0,0,0,0,0,0,9,2026-02-04 19:00:20.326779
RTM1P51,3.0,2.99,3.01,1000000.0,1000000.0,0,0,0,0,0,0,9,2026-02-04 19:00:20.326779
RTM1C52,1.69,1.68,1.7,1000000.0,1000000.0,0,0,0,0,0,0,9,2026-02-04 19:00:20.326779
RTM1P52,3.9,3.89,3.91,1000000.0,1000000.0,0,0,0,0,0,0,9,2026-02-04 19:00:20.326779
RTM1C53,1.15,1.14,1.16,1000000.0,1000000.0,0,0,0,0,0,0,9,2026-02-04 19:00:20.326779
RTM1P53,4.35,4.34,4.36,1000000.0,1000000.0,0,0,0,0,0,0,9,2026-02-04 19:00:20.326779
RTM1C54,1.11,1.1,1.12,1000000.0,1000000.0,0,0,0,0,0,0,9,2026-02-04 19:00:20.326779
RTM1P54,5.31,5.3,5.32,1000000.0,1000000.0,0,0,0,0,0,0,9,2026-02-04 19:00:20.326779
RTM,50.22,50.21,50.23,100000000.0,100000000.0,0,0,0,0,0,0,10,2026-02-04 19:00:20.990068
RTM1C45,5.83,5.82,5.84,1000000.0,1000000.0,0,0,0,0,0,0,10,2026-02-04 19:00:20.990068
RTM1P45,0.61,0.6,0.62,1000000.0,1000000.0,0,0,0,0,0,0,10,2026-02-04 19:00:20.990068
RTM1C46,5.11,5.1,5.12,1000000.0,1000000.0,0,0,0,0,0,0,10,2026-02-04 19:00:20.990068
RTM1P46,0.9,0.89,0.91,1000000.0,1000000.0,0,0,0,0,0,0,10,2026-02-04 19:00:20.990068
RTM1C47,4.36,4.35,4.37,1000000.0,1000000.0,0,0,0,0,0,0,10,2026-02-04 19:00:20.990068
RTM1P47,1.15,1.14,1.16,1000000.0,1000000.0,0,0,0,0,0,0,10,2026-02-04 19:00:20.990068
RTM1C48,3.6,3.59,3.61,1000000.0,1000000.0,0,0,0,0,0,0,10,2026-02-04 19:00:20.990068
RTM1P48,1.38,1.37,1.39,1000000.0,1000000.0,0,0,0,0,0,0,10,2026-02-04 19:00:20.990068
RTM1C49,3.21,3.2,3.22,1000000.0,1000000.0,0,0,0,0,0,0,10,2026-02-04 19:00:20.990068
RTM1P49,1.99,1.98,2.0,1000000.0,1000000.0,0,0,0,0,0,0,10,2026-02-04 19:00:20.990068
RTM1C50,2.52,2.51,2.53,1000000.0,1000000.0,0,0,0,0,0,0,10,2026-02-04 19:00:20.990068
RTM1P50,2.31,2.3,2.32,1000000.0,1000000.0,0,0,0,0,0,0,10,2026-02-04 19:00:20.990068
RTM1C51,2.15,2.14,2.16,1000000.0,1000000.0,0,0,0,0,0,0,10,2026-02-04 19:00:20.990068
RTM1P51,2.93,2.92,2.94,1000000.0,1000000.0,0,0,0,0,0,0,10,2026-02-04 19:00:20.990068
RTM1C52,1.78,1.77,1.79,1000000.0,1000000.0,0,0,0,0,0,0,10,2026-02-04 19:00:20.990068
RTM1P52,3.56,3.55,3.57,1000000.0,1000000.0,0,0,0,0,0,0,10,2026-02-04 19:00:20.990068
RTM1C53,1.34,1.33,1.35,1000000.0,1000000.0,0,0,0,0,0,0,10,2026-02-04 19:00:20.990068
RTM1P53,4.12,4.11,4.13,1000000.0,1000000.0,0,0,0,0,0,0,10,2026-02-04 19:00:20.990068
RTM1C54,1.0,0.99,1.01,1000000.0,1000000.0,0,0,0,0,0,0,10,2026-02-04 19:00:20.990068
RTM1P54,4.78,4.77,4.79,1000000.0,1000000.0,0,0,0,0,0,0,10,2026-02-04 19:00:20.990068
RTM,49.63,49.62,49.64,100000000.0,100000000.0,0,0,0,0,0,0,11,2026-02-04 19:00:22.099493
RTM1C45,5.25,5.24,5.26,1000000.0,1000000.0,0,0,0,0,0,0,11,2026-02-04 19:00:22.099493
RTM1P45,0.61,0.6,0.62,1000000.0,1000000.0,0,0,0,0,0,0,11,2026-02-04 19:00:22.099493
RTM1C46,4.53,4.52,4.54,1000000.0,1000000.0,0,0,0,0,0,0,11,2026-02-04 19:00:22.099493
RTM1P46,0.9,0.89,0.91,1000000.0,1000000.0,0,0,0,0,0,0,11,2026-02-04 19:00:22.099493
RTM1C47,3.88,3.87,3.89,1000000.0,1000000.0,0,0,0,0,0,0,11,2026-02-04 19:00:22.099493
RTM1P47,1.25,1.24,1.26,1000000.0,1000000.0,0,0,0,0,0,0,11,2026-02-04 19:00:22.099493
RTM1C48,3.34,3.33,3.35,1000000.0,1000000.0,0,0,0,0,0,0,11,2026-02-04 19:00:22.099493
RTM1P48,1.7,1.69,1.71,1000000.0,1000000.0,0,0,0,0,0,0,11,2026-02-04 19:00:22.099493
RTM1C49,2.81,2.8,2.82,1000000.0,1000000.0,0,0,0,0,0,0,11,2026-02-04 19:00:22.099493
RTM1P49,2.18,2.17,2.19,1000000.0,1000000.0,0,0,0,0,0,0,11,2026-02-04 19:00:22.099493
RTM1C50,2.15,2.14,2.16,1000000.0,1000000.0,0,0,0,0,0,0,11,2026-02-04 19:00:22.099493
RTM1P50,2.51,2.5,2.52,1000000.0,1000000.0,0,0,0,0,0,0,11,2026-02-04 19:00:22.099493
RTM1C51,1.81,1.8,1.82,1000000.0,1000000.0,0,0,0,0,0,0,11,2026-02-04 19:00:22.099493
RTM1P51,3.17,3.16,3.18,1000000.0,1000000.0,0,0,0,0,0,0,11,2026-02-04 19:00:22.099493
RTM1C52,1.56,1.55,1.57,1000000.0,1000000.0,0,0,0,0,0,0,11,2026-02-04 19:00:22.099493
RTM1P52,3.93,3.92,3.94,1000000.0,1000000.0,0,0,0,0,0,0,11,2026-02-04 19:00:22.099493
RTM1C53,1.22,1.21,1.23,1000000.0,1000000.0,0,0,0,0,0,0,11,2026-02-04 19:00:22.099493
RTM1P53,4.58,4.57,4.59,1000000.0,1000000.0,0,0,0,0,0,0,11,2026-02-04 19:00:22.099493
RTM1C54,0.93,0.92,0.94,1000000.0,1000000.0,0,0,0,0,0,0,11,2026-02-04 19:00:22.099493
RTM1P54,5.3,5.29,5.31,1000000.0,1000000.0,0,0,0,0,0,0,11,2026-02-04 19:00:22.099493
RTM,49.77,49.76,49.78,100000000.0,100000000.0,0,0,0,0,0,0,12,2026-02-04 19:00:23.158659
RTM1C45,5.43,5.42,5.44,1000000.0,1000000.0,0,0,0,0,0,0,12,2026-02-04 19:00:23.158659
RTM1P45,0.66,0.65,0.67,1000000.0,1000000.0,0,0,0,0,0,0,12,2026-02-04 19:00:23.158659
RTM1C46,4.56,4.55,4.57,1000000.0,1000000.0,0,0,0,0,0,0,12,2026-02-04 19:00:23.158659
RTM1P46,0.8,0.79,0.81,1000000.0,1000000.0,0,0,0,0,0,0,12,2026-02-04 19:00:23.158659
RTM1C47,3.97,3.96,3.98,1000000.0,1000000.0,0,0,0,0,0,0,12,2026-02-04 19:00:23.158659
RTM1P47,1.2,1.19,1.21,1000000.0,1000000.0,0,0,0,0,0,0,12,2026-02-04 19:00:23.158659
RTM1C48,3.42,3.41,3.43,1000000.0,1000000.0,0,0,0,0,0,0,12,2026-02-04 19:00:23.158659
RTM1P48,1.65,1.64,1.66,1000000.0,1000000.0,0,0,0,0,0,0,12,2026-02-04 19:00:23.158659
RTM1C49,2.83,2.82,2.84,1000000.0,1000000.0,0,0,0,0,0,0,12,2026-02-04 19:00:23.158659
RTM1P49,2.06,2.05,2.07,1000000.0,1000000.0,0,0,0,0,0,0,12,2026-02-04 19:00:23.158659
RTM1C50,2.38,2.37,2.39,1000000.0,1000000.0,0,0,0,0,0,0,12,2026-02-04 19:00:23.158659
RTM1P50,2.61,2.6,2.62,1000000.0,1000000.0,0,0,0,0,0,0,12,2026-02-04 19:00:23.158659
RTM1C51,1.79,1.78,1.8,1000000.0,1000000.0,0,0,0,0,0,0,12,2026-02-04 19:00:23.158659
RTM1P51,3.03,3.02,3.04,1000000.0,1000000.0,0,0,0,0,0,0,12,2026-02-04 19:00:23.158659
RTM1C52,1.41,1.4,1.42,1000000.0,1000000.0,0,0,0,0,0,0,12,2026-02-04 19:00:23.158659
RTM1P52,3.64,3.63,3.65,1000000.0,1000000.0,0,0,0,0,0,0,12,2026-02-04 19:00:23.158659
RTM1C53,1.12,1.11,1.13,1000000.0,1000000.0,0,0,0,0,0,0,12,2026-02-04 19:00:23.158659
RTM1P53,4.35,4.34,4.36,1000000.0,1000000.0,0,0,0,0,0,0,12,2026-02-04 19:00:23.158659
RTM1C54,0.96,0.95,0.97,1000000.0,1000000.0,0,0,0,0,0,0,12,2026-02-04 19:00:23.158659
RTM1P54,5.19,5.18,5.2,1000000.0,1000000.0,0,0,0,0,0,0,12,2026-02-04 19:00:23.158659
RTM,49.64,49.63,49.65,100000000.0,100000000.0,0,0,0,0,0,0,13,2026-02-04 19:00:24.222695
RTM1C45,5.36,5.35,5.37,1000000.0,1000000.0,0,0,0,0,0,0,13,2026-02-04 19:00:24.222695
RTM1P45,0.72,0.71,0.73,1000000.0,1000000.0,0,0,0,0,0,0,13,2026-02-04 19:00:24.222695
RTM1C46,4.46,4.45,4.47,1000000.0,1000000.0,0,0,0,0,0,0,13,2026-02-04 19:00:24.222695
RTM1P46,0.82,0.81,0.83,1000000.0,1000000.0,0,0,0,0,0,0,13,2026-02-04 19:00:24.222695
RTM1C47,3.95,3.94,3.96,1000000.0,1000000.0,0,0,0,0,0,0,13,2026-02-04 19:00:24.222695
RTM1P47,1.31,1.3,1.32,1000000.0,1000000.0,0,0,0,0,0,0,13,2026-02-04 19:00:24.222695
RTM1C48,3.18,3.17,3.19,1000000.0,1000000.0,0,0,0,0,0,0,13,2026-02-04 19:00:24.222695
RTM1P48,1.54,1.53,1.55,1000000.0,1000000.0,0,0,0,0,0,0,13,2026-02-04 19:00:24.222695
RTM1C49,2.66,2.65,2.67,1000000.0,1000000.0,0,0,0,0,0,0,13,2026-02-04 19:00:24.222695
RTM1P49,2.02,2.01,2.03,1000000.0,1000000.0,0,0,0,0,0,0,13,2026-02-04 19:00:24.222695
RTM1C50,2.24,2.23,2.25,1000000.0,1000000.0,0,0,0,0,0,0,13,2026-02-04 19:00:24.222695
RTM1P50,2.6,2.59,2.61,1000000.0,1000000.0,0,0,0,0,0,0,13,2026-02-04 19:00:24.222695
RTM1C51,1.81,1.8,1.82,1000000.0,1000000.0,0,0,0,0,0,0,13,2026-02-04 19:00:24.222695
RTM1P51,3.17,3.16,3.18,1000000.0,1000000.0,0,0,0,0,0,0,13,2026-02-04 19:00:24.222695
RTM1C52,1.43,1.42,1.44,1000000.0,1000000.0,0,0,0,0,0,0,13,2026-02-04 19:00:24.222695
RTM1P52,3.79,3.78,3.8,1000000.0,1000000.0,0,0,0,0,0,0,13,2026-02-04 19:00:24.222695
RTM1C53,1.12,1.11,1.13,1000000.0,1000000.0,0,0,0,0,0,0,13,2026-02-04 19:00:24.222695
RTM1P53,4.48,4.47,4.49,1000000.0,1000000.0,0,0,0,0,0,0,13,2026-02-04 19:00:24.222695
RTM1C54,0.83,0.82,0.84,1000000.0,1000000.0,0,0,0,0,0,0,13,2026-02-04 19:00:24.222695
RTM1P54,5.19,5.18,5.2,1000000.0,1000000.0,0,0,0,0,0,0,13,2026-02-04 19:00:24.222695
RTM,49.27,49.26,49.28,100000000.0,100000000.0,0,0,0,0,0,0,14,2026-02-04 19:00:25.312851
RTM1C45,5.0,4.99,5.01,1000000.0,1000000.0,0,0,0,0,0,0,14,2026-02-04 19:00:25.312851
RTM1P45,0.72,0.71,0.73,1000000.0,1000000.0,0,0,0,0,0,0,14,2026-02-04 19:00:25.312851
RTM1C46,4.32,4.31,4.33,1000000.0,1000000.0,0,0,0,0,0,0,14,2026-02-04 19:00:25.312851
RTM1P46,1.05,1.04,1.06,1000000.0,1000000.0,0,0,0,0,0,0,14,2026-02-04 19:00:25.312851
RTM1C47,3.61,3.6,3.62,1000000.0,1000000.0,0,0,0,0,0,0,14,2026-02-04 19:00:25.312851
RTM1P47,1.34,1.33,1.35,1000000.0,1000000.0,0,0,0,0,0,0,14,2026-02-04 19:00:25.312851
RTM1C48,2.93,2.92,2.94,1000000.0,1000000.0,0,0,0,0,0,0,14,2026-02-04 19:00:25.312851
RTM1P48,1.66,1.65,1.67,1000000.0,1000000.0,0,0,0,0,0,0,14,2026-02-04 19:00:25.312851
RTM1C49,2.37,2.36,2.38,1000000.0,1000000.0,0,0,0,0,0,0,14,2026-02-04 19:00:25.312851
RTM1P49,2.09,2.08,2.1,1000000.0,1000000.0,0,0,0,0,0,0,14,2026-02-04 19:00:25.312851
RTM1C50,2.04,2.03,2.05,1000000.0,1000000.0,0,0,0,0,0,0,14,2026-02-04 19:00:25.312851
RTM1P50,2.76,2.75,2.77,1000000.0,1000000.0,0,0,0,0,0,0,14,2026-02-04 19:00:25.312851
RTM1C51,1.56,1.55,1.57,1000000.0,1000000.0,0,0,0,0,0,0,14,2026-02-04 19:00:25.312851
RTM1P51,3.28,3.27,3.29,1000000.0,1000000.0,0,0,0,0,0,0,14,2026-02-04 19:00:25.312851
RTM1C52,1.34,1.33,1.35,1000000.0,1000000.0,0,0,0,0,0,0,14,2026-02-04 19:00:25.312851
RTM1P52,4.06,4.05,4.07,1000000.0,1000000.0,0,0,0,0,0,0,14,2026-02-04 19:00:25.312851
RTM1C53,1.0,0.99,1.01,1000000.0,1000000.0,0,0,0,0,0,0,14,2026-02-04 19:00:25.312851
RTM1P53,4.73,4.72,4.74,1000000.0,1000000.0,0,0,0,0,0,0,14,2026-02-04 19:00:25.312851
RTM1C54,0.71,0.7,0.72,1000000.0,1000000.0,0,0,0,0,0,0,14,2026-02-04 19:00:25.312851
RTM1P54,5.43,5.42,5.44,1000000.0,1000000.0,0,0,0,0,0,0,14,2026-02-04 19:00:25.312851
RTM,48.88,48.87,48.89,100000000.0,100000000.0,0,0,0,0,0,0,15,2026-02-04 19:00:26.377259
RTM1C45,4.69,4.68,4.7,1000000.0,1000000.0,0,0,0,0,0,0,15,2026-02-04 19:00:26.377259
RTM1P45,0.81,0.8,0.82,1000000.0,1000000.0,0,0,0,0,0,0,15,2026-02-04 19:00:26.377259
RTM1C46,3.91,3.9,3.92,1000000.0,1000000.0,0,0,0,0,0,0,15,2026-02-04 19:00:26.377259
RTM1P46,1.04,1.03,1.05,1000000.0,1000000.0,0,0,0,0,0,0,15,2026-02-04 19:00:26.377259
RTM1C47,3.29,3.28,3.3,1000000.0,1000000.0,0,0,0,0,0,0,15,2026-02-04 19:00:26.377259
RTM1P47,1.41,1.4,1.42,1000000.0,1000000.0,0,0,0,0,0,0,15,2026-02-04 19:00:26.377259
RTM1C48,2.81,2.8,2.82,1000000.0,1000000.0,0,0,0,0,0,0,15,2026-02-04 19:00:26.377259
RTM1P48,1.94,1.93,1.95,1000000.0,1000000.0,0,0,0,0,0,0,15,2026-02-04 19:00:26.377259
RTM1C49,2.26,2.25,2.27,1000000.0,1000000.0,0,0,0,0,0,0,15,2026-02-04 19:00:26.377259
RTM1P49,2.39,2.38,2.4,1000000.0,1000000.0,0,0,0,0,0,0,15,2026-02-04 19:00:26.377259
RTM1C50,1.76,1.75,1.77,1000000.0,1000000.0,0,0,0,0,0,0,15,2026-02-04 19:00:26.377259
RTM1P50,2.88,2.87,2.89,1000000.0,1000000.0,0,0,0,0,0,0,15,2026-02-04 19:00:26.377259
RTM1C51,1.4,1.39,1.41,1000000.0,1000000.0,0,0,0,0,0,0,15,2026-02-04 19:00:26.377259
RTM1P51,3.52,3.51,3.53,1000000.0,1000000.0,0,0,0,0,0,0,15,2026-02-04 19:00:26.377259
RTM1C52,1.12,1.11,1.13,1000000.0,1000000.0,0,0,0,0,0,0,15,2026-02-04 19:00:26.377259
RTM1P52,4.25,4.24,4.26,1000000.0,1000000.0,0,0,0,0,0,0,15,2026-02-04 19:00:26.377259
RTM1C53,0.81,0.8,0.82,1000000.0,1000000.0,0,0,0,0,0,0,15,2026-02-04 19:00:26.377259
RTM1P53,4.94,4.93,4.95,1000000.0,1000000.0,0,0,0,0,0,0,15,2026-02-04 19:00:26.377259
RTM1C54,0.64,0.63,0.65,1000000.0,1000000.0,0,0,0,0,0,0,15,2026-02-04 19:00:26.377259
RTM1P54,5.76,5.75,5.77,1000000.0,1000000.0,0,0,0,0,0,0,15,2026-02-04 19:00:26.377259
RTM,48.79,48.78,48.8,100000000.0,100000000.0,0,0,0,0,0,0,16,2026-02-04 19:00:26.974163
RTM1C45,4.56,4.55,4.57,1000000.0,1000000.0,0,0,0,0,0,0,16,2026-02-04 19:00:26.974163
RTM1P45,0.77,0.76,0.78,1000000.0,1000000.0,0,0,0,0,0,0,16,2026-02-04 19:00:26.974163
RTM1C46,3.82,3.81,3.83,1000000.0,1000000.0,0,0,0,0,0,0,16,2026-02-04 19:00:26.974163
RTM1P46,1.03,1.02,1.04,1000000.0,1000000.0,0,0,0,0,0,0,16,2026-02-04 19:00:26.974163
RTM1C47,3.25,3.24,3.26,1000000.0,1000000.0,0,0,0,0,0,0,16,2026-02-04 19:00:26.974163
RTM1P47,1.46,1.45,1.47,1000000.0,1000000.0,0,0,0,0,0,0,16,2026-02-04 19:00:26.974163
RTM1C48,2.57,2.56,2.58,1000000.0,1000000.0,0,0,0,0,0,0,16,2026-02-04 19:00:26.974163
RTM1P48,1.78,1.77,1.79,1000000.0,1000000.0,0,0,0,0,0,0,16,2026-02-04 19:00:26.974163
RTM1C49,2.16,2.15,2.17,1000000.0,1000000.0,0,0,0,0,0,0,16,2026-02-04 19:00:26.974163
RTM1P49,2.36,2.35,2.37,1000000.0,1000000.0,0,0,0,0,0,0,16,2026-02-04 19:00:26.974163
RTM1C50,1.72,1.71,1.73,1000000.0,1000000.0,0,0,0,0,0,0,16,2026-02-04 19:00:26.974163
RTM1P50,2.92,2.91,2.93,1000000.0,1000000.0,0,0,0,0,0,0,16,2026-02-04 19:00:26.974163
RTM1C51,1.32,1.31,1.33,1000000.0,1000000.0,0,0,0,0,0,0,16,2026-02-04 19:00:26.974163
RTM1P51,3.53,3.52,3.54,1000000.0,1000000.0,0,0,0,0,0,0,16,2026-02-04 19:00:26.974163
RTM1C52,1.08,1.07,1.09,1000000.0,1000000.0,0,0,0,0,0,0,16,2026-02-04 19:00:26.974163
RTM1P52,4.29,4.28,4.3,1000000.0,1000000.0,0,0,0,0,0,0,16,2026-02-04 19:00:26.974163
RTM1C53,0.77,0.76,0.78,1000000.0,1000000.0,0,0,0,0,0,0,16,2026-02-04 19:00:26.974163
RTM1P53,4.98,4.97,4.99,1000000.0,1000000.0,0,0,0,0,0,0,16,2026-02-04 19:00:26.974163
RTM1C54,0.68,0.67,0.69,1000000.0,1000000.0,0,0,0,0,0,0,16,2026-02-04 19:00:26.974163
RTM1P54,5.88,5.87,5.89,1000000.0,1000000.0,0,0,0,0,0,0,16,2026-02-04 19:00:26.974163
RTM,48.84,48.83,48.85,100000000.0,100000000.0,0,0,0,0,0,0,17,2026-02-04 19:00:28.082886
RTM1C45,4.58,4.57,4.59,1000000.0,1000000.0,0,0,0,0,0,0,17,2026-02-04 19:00:28.082886
RTM1P45,0.74,0.73,0.75,1000000.0,1000000.0,0,0,0,0,0,0,17,2026-02-04 19:00:28.082886
RTM1C46,3.87,3.86,3.88,1000000.0,1000000.0,0,0,0,0,0,0,17,2026-02-04 19:00:28.082886
RTM1P46,1.04,1.03,1.05,1000000.0,1000000.0,0,0,0,0,0,0,17,2026-02-04 19:00:28.082886
RTM1C47,3.23,3.22,3.24,1000000.0,1000000.0,0,0,0,0,0,0,17,2026-02-04 19:00:28.082886
RTM1P47,1.39,1.38,1.4,1000000.0,1000000.0,0,0,0,0,0,0,17,2026-02-04 19:00:28.082886
RTM1C48,2.68,2.67,2.69,1000000.0,1000000.0,0,0,0,0,0,0,17,2026-02-04 19:00:28.082886
RTM1P48,1.85,1.84,1.86,1000000.0,1000000.0,0,0,0,0,0,0,17,2026-02-04 19:00:28.082886
RTM1C49,2.07,2.06,2.08,1000000.0,1000000.0,0,0,0,0,0,0,17,2026-02-04 19:00:28.082886
RTM1P49,2.23,2.22,2.24,1000000.0,1000000.0,0,0,0,0,0,0,17,2026-02-04 19:00:28.082886
RTM1C50,1.71,1.7,1.72,1000000.0,1000000.0,0,0,0,0,0,0,17,2026-02-04 19:00:28.082886
RTM1P50,2.87,2.86,2.88,1000000.0,1000000.0,0,0,0,0,0,0,17,2026-02-04 19:00:28.082886
RTM1C51,1.3,1.29,1.31,1000000.0,1000000.0,0,0,0,0,0,0,17,2026-02-04 19:00:28.082886
RTM1P51,3.47,3.46,3.48,1000000.0,1000000.0,0,0,0,0,0,0,17,2026-02-04 19:00:28.082886
RTM1C52,1.02,1.01,1.03,1000000.0,1000000.0,0,0,0,0,0,0,17,2026-02-04 19:00:28.082886
RTM1P52,4.18,4.17,4.19,1000000.0,1000000.0,0,0,0,0,0,0,17,2026-02-04 19:00:28.082886
RTM1C53,0.86,0.85,0.87,1000000.0,1000000.0,0,0,0,0,0,0,17,2026-02-04 19:00:28.082886
RTM1P53,5.03,5.02,5.04,1000000.0,1000000.0,0,0,0,0,0,0,17,2026-02-04 19:00:28.082886
RTM1C54,0.67,0.66,0.68,1000000.0,1000000.0,0,0,0,0,0,0,17,2026-02-04 19:00:28.082886
RTM1P54,5.84,5.83,5.85,1000000.0,1000000.0,0,0,0,0,0,0,17,2026-02-04 19:00:28.082886
RTM,48.95,48.94,48.96,100000000.0,100000000.0,0,0,0,0,0,0,18,2026-02-04 19:00:29.159688
RTM1C45,4.62,4.61,4.63,1000000.0,1000000.0,0,0,0,0,0,0,18,2026-02-04 19:00:29.159688
RTM1P45,0.67,0.66,0.68,1000000.0,1000000.0,0,0,0,0,0,0,18,2026-02-04 19:00:29.159688
RTM1C46,3.88,3.87,3.89,1000000.0,1000000.0,0,0,0,0,0,0,18,2026-02-04 19:00:29.159688
RTM1P46,0.93,0.92,0.94,1000000.0,1000000.0,0,0,0,0,0,0,18,2026-02-04 19:00:29.159688
RTM1C47,3.3,3.29,3.31,1000000.0,1000000.0,0,0,0,0,0,0,18,2026-02-04 19:00:29.159688
RTM1P47,1.35,1.34,1.36,1000000.0,1000000.0,0,0,0,0,0,0,18,2026-02-04 19:00:29.159688
RTM1C48,2.74,2.73,2.75,1000000.0,1000000.0,0,0,0,0,0,0,18,2026-02-04 19:00:29.159688
RTM1P48,1.79,1.78,1.8,1000000.0,1000000.0,0,0,0,0,0,0,18,2026-02-04 19:00:29.159688
RTM1C49,2.21,2.2,2.22,1000000.0,1000000.0,0,0,0,0,0,0,18,2026-02-04 19:00:29.159688
RTM1P49,2.27,2.26,2.28,1000000.0,1000000.0,0,0,0,0,0,0,18,2026-02-04 19:00:29.159688
RTM1C50,1.82,1.81,1.83,1000000.0,1000000.0,0,0,0,0,0,0,18,2026-02-04 19:00:29.159688
RTM1P50,2.88,2.87,2.89,1000000.0,1000000.0,0,0,0,0,0,0,18,2026-02-04 19:00:29.159688
RTM1C51,1.4,1.39,1.41,1000000.0,1000000.0,0,0,0,0,0,0,18,2026-02-04 19:00:29.159688
RTM1P51,3.46,3.45,3.47,1000000.0,1000000.0,0,0,0,0,0,0,18,2026-02-04 19:00:29.159688
RTM1C52,1.04,1.03,1.05,1000000.0,1000000.0,0,0,0,0,0,0,18,2026-02-04 19:00:29.159688
RTM1P52,4.09,4.08,4.1,1000000.0,1000000.0,0,0,0,0,0,0,18,2026-02-04 19:00:29.159688
RTM1C53,0.81,0.8,0.82,1000000.0,1000000.0,0,0,0,0,0,0,18,2026-02-04 19:00:29.159688
RTM1P53,4.86,4.85,4.87,1000000.0,1000000.0,0,0,0,0,0,0,18,2026-02-04 19:00:29.159688
RTM1C54,0.66,0.65,0.67,1000000.0,1000000.0,0,0,0,0,0,0,18,2026-02-04 19:00:29.159688
RTM1P54,5.72,5.71,5.73,1000000.0,1000000.0,0,0,0,0,0,0,18,2026-02-04 19:00:29.159688
RTM,48.94,48.93,48.95,100000000.0,100000000.0,0,0,0,0,0,0,19,2026-02-04 19:00:30.231844
RTM1C45,4.68,4.67,4.69,1000000.0,1000000.0,0,0,0,0,0,0,19,2026-02-04 19:00:30.231844
RTM1P45,0.74,0.73,0.75,1000000.0,1000000.0,0,0,0,0,0,0,19,2026-02-04 19:00:30.231844
RTM1C46,3.96,3.95,3.97,1000000.0,1000000.0,0,0,0,0,0,0,19,2026-02-04 19:00:30.231844
RTM1P46,1.02,1.01,1.03,1000000.0,1000000.0,0,0,0,0,0,0,19,2026-02-04 19:00:30.231844
RTM1C47,3.23,3.22,3.24,1000000.0,1000000.0,0,0,0,0,0,0,19,2026-02-04 19:00:30.231844
RTM1P47,1.29,1.28,1.3,1000000.0,1000000.0,0,0,0,0,0,0,19,2026-02-04 19:00:30.231844
RTM1C48,2.64,2.63,2.65,1000000.0,1000000.0,0,0,0,0,0,0,19,2026-02-04 19:00:30.231844
RTM1P48,1.7,1.69,1.71,1000000.0,1000000.0,0,0,0,0,0,0,19,2026-02-04 19:00:30.231844
RTM1C49,2.09,2.08,2.1,1000000.0,1000000.0,0,0,0,0,0,0,19,2026-02-04 19:00:30.231844
RTM1P49,2.15,2.14,2.16,1000000.0,1000000.0,0,0,0,0,0,0,19,2026-02-04 19:00:30.231844
RTM1C50,1.77,1.76,1.78,1000000.0,1000000.0,0,0,0,0,0,0,19,2026-02-04 19:00:30.231844
RTM1P50,2.83,2.82,2.84,1000000.0,1000000.0,0,0,0,0,0,0,19,2026-02-04 19:00:30.231844
RTM1C51,1.31,1.3,1.32,1000000.0,1000000.0,0,0,0,0,0,0,19,2026-02-04 19:00:30.231844
RTM1P51,3.36,3.35,3.37,1000000.0,1000000.0,0,0,0,0,0,0,19,2026-02-04 19:00:30.231844
RTM1C52,1.07,1.06,1.08,1000000.0,1000000.0,0,0,0,0,0,0,19,2026-02-04 19:00:30.231844
RTM1P52,4.13,4.12,4.14,1000000.0,1000000.0,0,0,0,0,0,0,19,2026-02-04 19:00:30.231844
RTM1C53,0.86,0.85,0.87,1000000.0,1000000.0,0,0,0,0,0,0,19,2026-02-04 19:00:30.231844
RTM1P53,4.92,4.91,4.93,1000000.0,1000000.0,0,0,0,0,0,0,19,2026-02-04 19:00:30.231844
RTM1C54,0.59,0.58,0.6,1000000.0,1000000.0,0,0,0,0,0,0,19,2026-02-04 19:00:30.231844
RTM1P54,5.65,5.64,5.66,1000000.0,1000000.0,0,0,0,0,0,0,19,2026-02-04 19:00:30.231844
RTM,49.13,49.12,49.14,100000000.0,100000000.0,0,0,0,0,0,0,20,2026-02-04 19:00:31.294188
RTM1C45,4.73,4.72,4.74,1000000.0,1000000.0,0,0,0,0,0,0,20,2026-02-04 19:00:31.294188
RTM1P45,0.6,0.59,0.61,1000000.0,1000000.0,0,0,0,0,0,0,20,2026-02-04 19:00:31.294188
RTM1C46,4.0,3.99,4.01,1000000.0,1000000.0,0,0,0,0,0,0,20,2026-02-04 19:00:31.294188
RTM1P46,0.87,0.86,0.88,1000000.0,1000000.0,0,0,0,0,0,0,20,2026-02-04 19:00:31.294188
RTM1C47,3.42,3.41,3.43,1000000.0,1000000.0,0,0,0,0,0,0,20,2026-02-04 19:00:31.294188
RTM1P47,1.29,1.28,1.3,1000000.0,1000000.0,0,0,0,0,0,0,20,2026-02-04 19:00:31.294188
RTM1C48,2.79,2.78,2.8,1000000.0,1000000.0,0,0,0,0,0,0,20,2026-02-04 19:00:31.294188
RTM1P48,1.66,1.65,1.67,1000000.0,1000000.0,0,0,0,0,0,0,20,2026-02-04 19:00:31.294188
RTM1C49,2.28,2.27,2.29,1000000.0,1000000.0,0,0,0,0,0,0,20,2026-02-04 19:00:31.294188
RTM1P49,2.15,2.14,2.16,1000000.0,1000000.0,0,0,0,0,0,0,20,2026-02-04 19:00:31.294188
RTM1C50,1.83,1.82,1.84,1000000.0,1000000.0,0,0,0,0,0,0,20,2026-02-04 19:00:31.294188
RTM1P50,2.7,2.69,2.71,1000000.0,1000000.0,0,0,0,0,0,0,20,2026-02-04 19:00:31.294188
RTM1C51,1.43,1.42,1.44,1000000.0,1000000.0,0,0,0,0,0,0,20,2026-02-04 19:00:31.294188
RTM1P51,3.3,3.29,3.31,1000000.0,1000000.0,0,0,0,0,0,0,20,2026-02-04 19:00:31.294188
RTM1C52,1.14,1.13,1.15,1000000.0,1000000.0,0,0,0,0,0,0,20,2026-02-04 19:00:31.294188
RTM1P52,4.01,4.0,4.02,1000000.0,1000000.0,0,0,0,0,0,0,20,2026-02-04 19:00:31.294188
RTM1C53,0.82,0.81,0.83,1000000.0,1000000.0,0,0,0,0,0,0,20,2026-02-04 19:00:31.294188
RTM1P53,4.69,4.68,4.7,1000000.0,1000000.0,0,0,0,0,0,0,20,2026-02-04 19:00:31.294188
RTM1C54,0.66,0.65,0.67,1000000.0,1000000.0,0,0,0,0,0,0,20,2026-02-04 19:00:31.294188
RTM1P54,5.53,5.52,5.54,1000000.0,1000000.0,0,0,0,0,0,0,20,2026-02-04 19:00:31.294188
RTM,49.64,49.63,49.65,100000000.0,100000000.0,0,0,0,0,0,0,21,2026-02-04 19:00:32.370857
RTM1C45,5.14,5.13,5.15,1000000.0,1000000.0,0,0,0,0,0,0,21,2026-02-04 19:00:32.370857
RTM1P45,0.5,0.49,0.51,1000000.0,1000000.0,0,0,0,0,0,0,21,2026-02-04 19:00:32.370857
RTM1C46,4.43,4.42,4.44,1000000.0,1000000.0,0,0,0,0,0,0,21,2026-02-04 19:00:32.370857
RTM1P46,0.79,0.78,0.8,1000000.0,1000000.0,0,0,0,0,0,0,21,2026-02-04 19:00:32.370857
RTM1C47,3.67,3.66,3.68,1000000.0,1000000.0,0,0,0,0,0,0,21,2026-02-04 19:00:32.370857
RTM1P47,1.03,1.02,1.04,1000000.0,1000000.0,0,0,0,0,0,0,21,2026-02-04 19:00:32.370857
RTM1C48,3.09,3.08,3.1,1000000.0,1000000.0,0,0,0,0,0,0,21,2026-02-04 19:00:32.370857
RTM1P48,1.45,1.44,1.46,1000000.0,1000000.0,0,0,0,0,0,0,21,2026-02-04 19:00:32.370857
RTM1C49,2.46,2.45,2.47,1000000.0,1000000.0,0,0,0,0,0,0,21,2026-02-04 19:00:32.370857
RTM1P49,1.82,1.81,1.83,1000000.0,1000000.0,0,0,0,0,0,0,21,2026-02-04 19:00:32.370857
RTM1C50,1.96,1.95,1.97,1000000.0,1000000.0,0,0,0,0,0,0,21,2026-02-04 19:00:32.370857
RTM1P50,2.32,2.31,2.33,1000000.0,1000000.0,0,0,0,0,0,0,21,2026-02-04 19:00:32.370857
RTM1C51,1.55,1.54,1.56,1000000.0,1000000.0,0,0,0,0,0,0,21,2026-02-04 19:00:32.370857
RTM1P51,2.91,2.9,2.92,1000000.0,1000000.0,0,0,0,0,0,0,21,2026-02-04 19:00:32.370857
RTM1C52,1.19,1.18,1.2,1000000.0,1000000.0,0,0,0,0,0,0,21,2026-02-04 19:00:32.370857
RTM1P52,3.55,3.54,3.56,1000000.0,1000000.0,0,0,0,0,0,0,21,2026-02-04 19:00:32.370857
RTM1C53,0.98,0.97,0.99,1000000.0,1000000.0,0,0,0,0,0,0,21,2026-02-04 19:00:32.370857
RTM1P53,4.34,4.33,4.35,1000000.0,1000000.0,0,0,0,0,0,0,21,2026-02-04 19:00:32.370857
RTM1C54,0.74,0.73,0.75,1000000.0,1000000.0,0,0,0,0,0,0,21,2026-02-04 19:00:32.370857
RTM1P54,5.1,5.09,5.11,1000000.0,1000000.0,0,0,0,0,0,0,21,2026-02-04 19:00:32.370857
RTM,49.3,49.29,49.31,100000000.0,100000000.0,0,0,0,0,0,0,22,2026-02-04 19:00:33.433148
RTM1C45,4.9,4.89,4.91,1000000.0,1000000.0,0,0,0,0,0,0,22,2026-02-04 19:00:33.433148
RTM1P45,0.6,0.59,0.61,1000000.0,1000000.0,0,0,0,0,0,0,22,2026-02-04 19:00:33.433148
RTM1C46,4.09,4.08,4.1,1000000.0,1000000.0,0,0,0,0,0,0,22,2026-02-04 19:00:33.433148
RTM1P46,0.78,0.77,0.79,1000000.0,1000000.0,0,0,0,0,0,0,22,2026-02-04 19:00:33.433148
RTM1C47,3.4,3.39,3.41,1000000.0,1000000.0,0,0,0,0,0,0,22,2026-02-04 19:00:33.433148
RTM1P47,1.09,1.08,1.1,1000000.0,1000000.0,0,0,0,0,0,0,22,2026-02-04 19:00:33.433148
RTM1C48,2.82,2.81,2.83,1000000.0,1000000.0,0,0,0,0,0,0,22,2026-02-04 19:00:33.433148
RTM1P48,1.52,1.51,1.53,1000000.0,1000000.0,0,0,0,0,0,0,22,2026-02-04 19:00:33.433148
RTM1C49,2.23,2.22,2.24,1000000.0,1000000.0,0,0,0,0,0,0,22,2026-02-04 19:00:33.433148
RTM1P49,1.93,1.92,1.94,1000000.0,1000000.0,0,0,0,0,0,0,22,2026-02-04 19:00:33.433148
RTM1C50,1.77,1.76,1.78,1000000.0,1000000.0,0,0,0,0,0,0,22,2026-02-04 19:00:33.433148
RTM1P50,2.47,2.46,2.48,1000000.0,1000000.0,0,0,0,0,0,0,22,2026-02-04 19:00:33.433148
RTM1C51,1.4,1.39,1.41,1000000.0,1000000.0,0,0,0,0,0,0,22,2026-02-04 19:00:33.433148
RTM1P51,3.1,3.09,3.11,1000000.0,1000000.0,0,0,0,0,0,0,22,2026-02-04 19:00:33.433148
RTM1C52,1.05,1.04,1.06,1000000.0,1000000.0,0,0,0,0,0,0,22,2026-02-04 19:00:33.433148
RTM1P52,3.75,3.74,3.76,1000000.0,1000000.0,0,0,0,0,0,0,22,2026-02-04 19:00:33.433148
RTM1C53,0.87,0.86,0.88,1000000.0,1000000.0,0,0,0,0,0,0,22,2026-02-04 19:00:33.433148
RTM1P53,4.57,4.56,4.58,1000000.0,1000000.0,0,0,0,0,0,0,22,2026-02-04 19:00:33.433148
RTM1C54,0.63,0.62,0.64,1000000.0,1000000.0,0,0,0,0,0,0,22,2026-02-04 19:00:33.433148
RTM1P54,5.32,5.31,5.33,1000000.0,1000000.0,0,0,0,0,0,0,22,2026-02-04 19:00:33.433148
RTM,49.14,49.13,49.15,100000000.0,100000000.0,0,0,0,0,0,0,23,2026-02-04 19:00:34.027496
RTM1C45,4.73,4.72,4.74,1000000.0,1000000.0,0,0,0,0,0,0,23,2026-02-04 19:00:34.027496
RTM1P45,0.59,0.58,0.6,1000000.0,1000000.0,0,0,0,0,0,0,23,2026-02-04 19:00:34.027496
RTM1C46,3.97,3.96,3.98,1000000.0,1000000.0,0,0,0,0,0,0,23,2026-02-04 19:00:34.027496
RTM1P46,0.82,0.81,0.83,1000000.0,1000000.0,0,0,0,0,0,0,23,2026-02-04 19:00:34.027496
RTM1C47,3.35,3.34,3.36,1000000.0,1000000.0,0,0,0,0,0,0,23,2026-02-04 19:00:34.027496
RTM1P47,1.21,1.2,1.22,1000000.0,1000000.0,0,0,0,0,0,0,23,2026-02-04 19:00:34.027496
RTM1C48,2.75,2.74,2.76,1000000.0,1000000.0,0,0,0,0,0,0,23,2026-02-04 19:00:34.027496
RTM1P48,1.61,1.6,1.62,1000000.0,1000000.0,0,0,0,0,0,0,23,2026-02-04 19:00:34.027496
RTM1C49,2.19,2.18,2.2,1000000.0,1000000.0,0,0,0,0,0,0,23,2026-02-04 19:00:34.027496
RTM1P49,2.04,2.03,2.05,1000000.0,1000000.0,0,0,0,0,0,0,23,2026-02-04 19:00:34.027496
RTM1C50,1.69,1.68,1.7,1000000.0,1000000.0,0,0,0,0,0,0,23,2026-02-04 19:00:34.027496
RTM1P50,2.54,2.53,2.55,1000000.0,1000000.0,0,0,0,0,0,0,23,2026-02-04 19:00:34.027496
RTM1C51,1.3,1.29,1.31,1000000.0,1000000.0,0,0,0,0,0,0,23,2026-02-04 19:00:34.027496
RTM1P51,3.16,3.15,3.17,1000000.0,1000000.0,0,0,0,0,0,0,23,2026-02-04 19:00:34.027496
RTM1C52,1.03,1.02,1.04,1000000.0,1000000.0,0,0,0,0,0,0,23,2026-02-04 19:00:34.027496
RTM1P52,3.88,3.87,3.89,1000000.0,1000000.0,0,0,0,0,0,0,23,2026-02-04 19:00:34.027496
RTM1C53,0.81,0.8,0.82,1000000.0,1000000.0,0,0,0,0,0,0,23,2026-02-04 19:00:34.027496
RTM1P53,4.67,4.66,4.68,1000000.0,1000000.0,0,0,0,0,0,0,23,2026-02-04 19:00:34.027496
RTM1C54,0.55,0.54,0.56,1000000.0,1000000.0,0,0,0,0,0,0,23,2026-02-04 19:00:34.027496
RTM1P54,5.4,5.39,5.41,1000000.0,1000000.0,0,0,0,0,0,0,23,2026-02-04 19:00:34.027496
RTM,48.88,48.87,48.89,100000000.0,100000000.0,0,0,0,0,0,0,24,2026-02-04 19:00:35.114805
RTM1C45,4.51,4.5,4.52,1000000.0,1000000.0,0,0,0,0,0,0,24,2026-02-04 19:00:35.114805
RTM1P45,0.63,0.62,0.64,1000000.0,1000000.0,0,0,0,0,0,0,24,2026-02-04 19:00:35.114805
RTM1C46,3.78,3.77,3.79,1000000.0,1000000.0,0,0,0,0,0,0,24,2026-02-04 19:00:35.114805
RTM1P46,0.89,0.88,0.9,1000000.0,1000000.0,0,0,0,0,0,0,24,2026-02-04 19:00:35.114805
RTM1C47,3.09,3.08,3.1,1000000.0,1000000.0,0,0,0,0,0,0,24,2026-02-04 19:00:35.114805
RTM1P47,1.2,1.19,1.21,1000000.0,1000000.0,0,0,0,0,0,0,24,2026-02-04 19:00:35.114805
RTM1C48,2.55,2.54,2.56,1000000.0,1000000.0,0,0,0,0,0,0,24,2026-02-04 19:00:35.114805
RTM1P48,1.67,1.66,1.68,1000000.0,1000000.0,0,0,0,0,0,0,24,2026-02-04 19:00:35.114805
RTM1C49,2.06,2.05,2.07,1000000.0,1000000.0,0,0,0,0,0,0,24,2026-02-04 19:00:35.114805
RTM1P49,2.17,2.16,2.18,1000000.0,1000000.0,0,0,0,0,0,0,24,2026-02-04 19:00:35.114805
RTM1C50,1.61,1.6,1.62,1000000.0,1000000.0,0,0,0,0,0,0,24,2026-02-04 19:00:35.114805
RTM1P50,2.73,2.72,2.74,1000000.0,1000000.0,0,0,0,0,0,0,24,2026-02-04 19:00:35.114805
RTM1C51,1.24,1.23,1.25,1000000.0,1000000.0,0,0,0,0,0,0,24,2026-02-04 19:00:35.114805
RTM1P51,3.35,3.34,3.36,1000000.0,1000000.0,0,0,0,0,0,0,24,2026-02-04 19:00:35.114805
RTM1C52,0.96,0.95,0.97,1000000.0,1000000.0,0,0,0,0,0,0,24,2026-02-04 19:00:35.114805
RTM1P52,4.08,4.07,4.09,1000000.0,1000000.0,0,0,0,0,0,0,24,2026-02-04 19:00:35.114805
RTM1C53,0.73,0.72,0.74,1000000.0,1000000.0,0,0,0,0,0,0,24,2026-02-04 19:00:35.114805
RTM1P53,4.85,4.84,4.86,1000000.0,1000000.0,0,0,0,0,0,0,24,2026-02-04 19:00:35.114805
RTM1C54,0.54,0.53,0.55,1000000.0,1000000.0,0,0,0,0,0,0,24,2026-02-04 19:00:35.114805
RTM1P54,5.65,5.64,5.66,1000000.0,1000000.0,0,0,0,0,0,0,24,2026-02-04 19:00:35.114805
RTM,49.01,49.0,49.02,100000000.0,100000000.0,0,0,0,0,0,0,25,2026-02-04 19:00:36.267676
RTM1C45,4.62,4.61,4.63,1000000.0,1000000.0,0,0,0,0,0,0,25,2026-02-04 19:00:36.267676
RTM1P45,0.61,0.6,0.62,1000000.0,1000000.0,0,0,0,0,0,0,25,2026-02-04 19:00:36.267676
RTM1C46,3.88,3.87,3.89,1000000.0,1000000.0,0,0,0,0,0,0,25,2026-02-04 19:00:36.267676
RTM1P46,0.87,0.86,0.88,1000000.0,1000000.0,0,0,0,0,0,0,25,2026-02-04 19:00:36.267676
RTM1C47,3.15,3.14,3.16,1000000.0,1000000.0,0,0,0,0,0,0,25,2026-02-04 19:00:36.267676
RTM1P47,1.14,1.13,1.15,1000000.0,1000000.0,0,0,0,0,0,0,25,2026-02-04 19:00:36.267676
RTM1C48,2.55,2.54,2.56,1000000.0,1000000.0,0,0,0,0,0,0,25,2026-02-04 19:00:36.267676
RTM1P48,1.54,1.53,1.55,1000000.0,1000000.0,0,0,0,0,0,0,25,2026-02-04 19:00:36.267676
RTM1C49,2.09,2.08,2.1,1000000.0,1000000.0,0,0,0,0,0,0,25,2026-02-04 19:00:36.267676
RTM1P49,2.08,2.07,2.09,1000000.0,1000000.0,0,0,0,0,0,0,25,2026-02-04 19:00:36.267676
RTM1C50,1.66,1.65,1.67,1000000.0,1000000.0,0,0,0,0,0,0,25,2026-02-04 19:00:36.267676
RTM1P50,2.65,2.64,2.66,1000000.0,1000000.0,0,0,0,0,0,0,25,2026-02-04 19:00:36.267676
RTM1C51,1.29,1.28,1.3,1000000.0,1000000.0,0,0,0,0,0,0,25,2026-02-04 19:00:36.267676
RTM1P51,3.29,3.28,3.3,1000000.0,1000000.0,0,0,0,0,0,0,25,2026-02-04 19:00:36.267676
RTM1C52,0.96,0.95,0.97,1000000.0,1000000.0,0,0,0,0,0,0,25,2026-02-04 19:00:36.267676
RTM1P52,3.95,3.94,3.96,1000000.0,1000000.0,0,0,0,0,0,0,25,2026-02-04 19:00:36.267676
RTM1C53,0.69,0.68,0.7,1000000.0,1000000.0,0,0,0,0,0,0,25,2026-02-04 19:00:36.267676
RTM1P53,4.68,4.67,4.69,1000000.0,1000000.0,0,0,0,0,0,0,25,2026-02-04 19:00:36.267676
RTM1C54,0.54,0.53,0.55,1000000.0,1000000.0,0,0,0,0,0,0,25,2026-02-04 19:00:36.267676
RTM1P54,5.53,5.52,5.54,1000000.0,1000000.0,0,0,0,0,0,0,25,2026-02-04 19:00:36.267676
RTM,48.93,48.92,48.94,100000000.0,100000000.0,0,0,0,0,0,0,26,2026-02-04 19:00:37.342100
RTM1C45,4.5,4.49,4.51,1000000.0,1000000.0,0,0,0,0,0,0,26,2026-02-04 19:00:37.342100
RTM1P45,0.57,0.56,0.58,1000000.0,1000000.0,0,0,0,0,0,0,26,2026-02-04 19:00:37.342100
RTM1C46,3.82,3.81,3.83,1000000.0,1000000.0,0,0,0,0,0,0,26,2026-02-04 19:00:37.342100
RTM1P46,0.9,0.89,0.91,1000000.0,1000000.0,0,0,0,0,0,0,26,2026-02-04 19:00:37.342100
RTM1C47,3.11,3.1,3.12,1000000.0,1000000.0,0,0,0,0,0,0,26,2026-02-04 19:00:37.342100
RTM1P47,1.18,1.17,1.19,1000000.0,1000000.0,0,0,0,0,0,0,26,2026-02-04 19:00:37.342100
RTM1C48,2.49,2.48,2.5,1000000.0,1000000.0,0,0,0,0,0,0,26,2026-02-04 19:00:37.342100
RTM1P48,1.56,1.55,1.57,1000000.0,1000000.0,0,0,0,0,0,0,26,2026-02-04 19:00:37.342100
RTM1C49,2.01,2.0,2.02,1000000.0,1000000.0,0,0,0,0,0,0,26,2026-02-04 19:00:37.342100
RTM1P49,2.08,2.07,2.09,1000000.0,1000000.0,0,0,0,0,0,0,26,2026-02-04 19:00:37.342100
RTM1C50,1.6,1.59,1.61,1000000.0,1000000.0,0,0,0,0,0,0,26,2026-02-04 19:00:37.342100
RTM1P50,2.68,2.67,2.69,1000000.0,1000000.0,0,0,0,0,0,0,26,2026-02-04 19:00:37.342100
RTM1C51,1.26,1.25,1.27,1000000.0,1000000.0,0,0,0,0,0,0,26,2026-02-04 19:00:37.342100
RTM1P51,3.33,3.32,3.34,1000000.0,1000000.0,0,0,0,0,0,0,26,2026-02-04 19:00:37.342100
RTM1C52,0.89,0.88,0.9,1000000.0,1000000.0,0,0,0,0,0,0,26,2026-02-04 19:00:37.342100
RTM1P52,3.96,3.95,3.97,1000000.0,1000000.0,0,0,0,0,0,0,26,2026-02-04 19:00:37.342100
RTM1C53,0.66,0.65,0.67,1000000.0,1000000.0,0,0,0,0,0,0,26,2026-02-04 19:00:37.342100
RTM1P53,4.73,4.72,4.74,1000000.0,1000000.0,0,0,0,0,0,0,26,2026-02-04 19:00:37.342100
RTM1C54,0.51,0.5,0.52,1000000.0,1000000.0,0,0,0,0,0,0,26,2026-02-04 19:00:37.342100
RTM1P54,5.58,5.57,5.59,1000000.0,1000000.0,0,0,0,0,0,0,26,2026-02-04 19:00:37.342100
RTM,49.0,48.99,49.01,100000000.0,100000000.0,0,0,0,0,0,0,27,2026-02-04 19:00:38.405917
RTM1C45,4.56,4.55,4.57,1000000.0,1000000.0,0,0,0,0,0,0,27,2026-02-04 19:00:38.405917
RTM1P45,0.56,0.55,0.57,1000000.0,1000000.0,0,0,0,0,0,0,27,2026-02-04 19:00:38.405917
RTM1C46,3.84,3.83,3.85,1000000.0,1000000.0,0,0,0,0,0,0,27,2026-02-04 19:00:38.405917
RTM1P46,0.84,0.83,0.85,1000000.0,1000000.0,0,0,0,0,0,0,27,2026-02-04 19:00:38.405917
RTM1C47,3.14,3.13,3.15,1000000.0,1000000.0,0,0,0,0,0,0,27,2026-02-04 19:00:38.405917
RTM1P47,1.14,1.13,1.15,1000000.0,1000000.0,0,0,0,0,0,0,27,2026-02-04 19:00:38.405917
RTM1C48,2.51,2.5,2.52,1000000.0,1000000.0,0,0,0,0,0,0,27,2026-02-04 19:00:38.405917
RTM1P48,1.51,1.5,1.52,1000000.0,1000000.0,0,0,0,0,0,0,27,2026-02-04 19:00:38.405917
RTM1C49,1.99,1.98,2.0,1000000.0,1000000.0,0,0,0,0,0,0,27,2026-02-04 19:00:38.405917
RTM1P49,1.99,1.98,2.0,1000000.0,1000000.0,0,0,0,0,0,0,27,2026-02-04 19:00:38.405917
RTM1C50,1.61,1.6,1.62,1000000.0,1000000.0,0,0,0,0,0,0,27,2026-02-04 19:00:38.405917
RTM1P50,2.61,2.6,2.62,1000000.0,1000000.0,0,0,0,0,0,0,27,2026-02-04 19:00:38.405917
RTM1C51,1.21,1.2,1.22,1000000.0,1000000.0,0,0,0,0,0,0,27,2026-02-04 19:00:38.405917
RTM1P51,3.21,3.2,3.22,1000000.0,1000000.0,0,0,0,0,0,0,27,2026-02-04 19:00:38.405917
RTM1C52,0.89,0.88,0.9,1000000.0,1000000.0,0,0,0,0,0,0,27,2026-02-04 19:00:38.405917
RTM1P52,3.89,3.88,3.9,1000000.0,1000000.0,0,0,0,0,0,0,27,2026-02-04 19:00:38.405917
RTM1C53,0.67,0.66,0.68,1000000.0,1000000.0,0,0,0,0,0,0,27,2026-02-04 19:00:38.405917
RTM1P53,4.67,4.66,4.68,1000000.0,1000000.0,0,0,0,0,0,0,27,2026-02-04 19:00:38.405917
RTM1C54,0.48,0.47,0.49,1000000.0,1000000.0,0,0,0,0,0,0,27,2026-02-04 19:00:38.405917
RTM1P54,5.48,5.47,5.49,1000000.0,1000000.0,0,0,0,0,0,0,27,2026-02-04 19:00:38.405917
RTM,49.0,48.99,49.01,100000000.0,100000000.0,0,0,0,0,0,0,28,2026-02-04 19:00:39.016149
RTM1C45,4.54,4.53,4.55,1000000.0,1000000.0,0,0,0,0,0,0,28,2026-02-04 19:00:39.016149
RTM1P45,0.55,0.54,0.56,1000000.0,1000000.0,0,0,0,0,0,0,28,2026-02-04 19:00:39.016149
RTM1C46,3.79,3.78,3.8,1000000.0,1000000.0,0,0,0,0,0,0,28,2026-02-04 19:00:39.016149
RTM1P46,0.8,0.79,0.81,1000000.0,1000000.0,0,0,0,0,0,0,28,2026-02-04 19:00:39.016149
RTM1C47,3.11,3.1,3.12,1000000.0,1000000.0,0,0,0,0,0,0,28,2026-02-04 19:00:39.016149
RTM1P47,1.11,1.1,1.12,1000000.0,1000000.0,0,0,0,0,0,0,28,2026-02-04 19:00:39.016149
RTM1C48,2.52,2.51,2.53,1000000.0,1000000.0,0,0,0,0,0,0,28,2026-02-04 19:00:39.016149
RTM1P48,1.52,1.51,1.53,1000000.0,1000000.0,0,0,0,0,0,0,28,2026-02-04 19:00:39.016149
RTM1C49,2.0,1.99,2.01,1000000.0,1000000.0,0,0,0,0,0,0,28,2026-02-04 19:00:39.016149
RTM1P49,2.0,1.99,2.01,1000000.0,1000000.0,0,0,0,0,0,0,28,2026-02-04 19:00:39.016149
RTM1C50,1.59,1.58,1.6,1000000.0,1000000.0,0,0,0,0,0,0,28,2026-02-04 19:00:39.016149
RTM1P50,2.59,2.58,2.6,1000000.0,1000000.0,0,0,0,0,0,0,28,2026-02-04 19:00:39.016149
RTM1C51,1.19,1.18,1.2,1000000.0,1000000.0,0,0,0,0,0,0,28,2026-02-04 19:00:39.016149
RTM1P51,3.2,3.19,3.21,1000000.0,1000000.0,0,0,0,0,0,0,28,2026-02-04 19:00:39.016149
RTM1C52,0.9,0.89,0.91,1000000.0,1000000.0,0,0,0,0,0,0,28,2026-02-04 19:00:39.016149
RTM1P52,3.91,3.9,3.92,1000000.0,1000000.0,0,0,0,0,0,0,28,2026-02-04 19:00:39.016149
RTM1C53,0.65,0.64,0.66,1000000.0,1000000.0,0,0,0,0,0,0,28,2026-02-04 19:00:39.016149
RTM1P53,4.66,4.65,4.67,1000000.0,1000000.0,0,0,0,0,0,0,28,2026-02-04 19:00:39.016149
RTM1C54,0.47,0.46,0.48,1000000.0,1000000.0,0,0,0,0,0,0,28,2026-02-04 19:00:39.016149
RTM1P54,5.47,5.46,5.48,1000000.0,1000000.0,0,0,0,0,0,0,28,2026-02-04 19:00:39.016149
RTM,48.62,48.61,48.63,100000000.0,100000000.0,0,0,0,0,0,0,29,2026-02-04 19:00:40.146260
RTM1C45,4.22,4.21,4.23,1000000.0,1000000.0,0,0,0,0,0,0,29,2026-02-04 19:00:40.146260
RTM1P45,0.6,0.59,0.61,1000000.0,1000000.0,0,0,0,0,0,0,29,2026-02-04 19:00:40.146260
RTM1C46,3.51,3.5,3.52,1000000.0,1000000.0,0,0,0,0,0,0,29,2026-02-04 19:00:40.146260
RTM1P46,0.89,0.88,0.9,1000000.0,1000000.0,0,0,0,0,0,0,29,2026-02-04 19:00:40.146260
RTM1C47,2.84,2.83,2.85,1000000.0,1000000.0,0,0,0,0,0,0,29,2026-02-04 19:00:40.146260
RTM1P47,1.22,1.21,1.23,1000000.0,1000000.0,0,0,0,0,0,0,29,2026-02-04 19:00:40.146260
RTM1C48,2.28,2.27,2.29,1000000.0,1000000.0,0,0,0,0,0,0,29,2026-02-04 19:00:40.146260
RTM1P48,1.66,1.65,1.67,1000000.0,1000000.0,0,0,0,0,0,0,29,2026-02-04 19:00:40.146260
RTM1C49,1.76,1.75,1.77,1000000.0,1000000.0,0,0,0,0,0,0,29,2026-02-04 19:00:40.146260
RTM1P49,2.15,2.14,2.16,1000000.0,1000000.0,0,0,0,0,0,0,29,2026-02-04 19:00:40.146260
RTM1C50,1.39,1.38,1.4,1000000.0,1000000.0,0,0,0,0,0,0,29,2026-02-04 19:00:40.146260
RTM1P50,2.77,2.76,2.78,1000000.0,1000000.0,0,0,0,0,0,0,29,2026-02-04 19:00:40.146260
RTM1C51,1.05,1.04,1.06,1000000.0,1000000.0,0,0,0,0,0,0,29,2026-02-04 19:00:40.146260
RTM1P51,3.43,3.42,3.44,1000000.0,1000000.0,0,0,0,0,0,0,29,2026-02-04 19:00:40.146260
RTM1C52,0.76,0.75,0.77,1000000.0,1000000.0,0,0,0,0,0,0,29,2026-02-04 19:00:40.146260
RTM1P52,4.15,4.14,4.16,1000000.0,1000000.0,0,0,0,0,0,0,29,2026-02-04 19:00:40.146260
RTM1C53,0.55,0.54,0.56,1000000.0,1000000.0,0,0,0,0,0,0,29,2026-02-04 19:00:40.146260
RTM1P53,4.94,4.93,4.95,1000000.0,1000000.0,0,0,0,0,0,0,29,2026-02-04 19:00:40.146260
RTM1C54,0.39,0.38,0.4,1000000.0,1000000.0,0,0,0,0,0,0,29,2026-02-04 19:00:40.146260
RTM1P54,5.77,5.76,5.78,1000000.0,1000000.0,0,0,0,0,0,0,29,2026-02-04 19:00:40.146260
RTM,49.39,49.38,49.4,100000000.0,100000000.0,0,0,0,0,0,0,30,2026-02-04 19:00:41.272803
RTM1C45,4.84,4.83,4.85,1000000.0,1000000.0,0,0,0,0,0,0,30,2026-02-04 19:00:41.272803
RTM1P45,0.45,0.44,0.46,1000000.0,1000000.0,0,0,0,0,0,0,30,2026-02-04 19:00:41.272803
RTM1C46,4.07,4.06,4.08,1000000.0,1000000.0,0,0,0,0,0,0,30,2026-02-04 19:00:41.272803
RTM1P46,0.68,0.67,0.69,1000000.0,1000000.0,0,0,0,0,0,0,30,2026-02-04 19:00:41.272803
RTM1C47,3.34,3.33,3.35,1000000.0,1000000.0,0,0,0,0,0,0,30,2026-02-04 19:00:41.272803
RTM1P47,0.95,0.94,0.96,1000000.0,1000000.0,0,0,0,0,0,0,30,2026-02-04 19:00:41.272803
RTM1C48,2.7,2.69,2.71,1000000.0,1000000.0,0,0,0,0,0,0,30,2026-02-04 19:00:41.272803
RTM1P48,1.32,1.31,1.33,1000000.0,1000000.0,0,0,0,0,0,0,30,2026-02-04 19:00:41.272803
RTM1C49,2.15,2.14,2.16,1000000.0,1000000.0,0,0,0,0,0,0,30,2026-02-04 19:00:41.272803
RTM1P49,1.76,1.75,1.77,1000000.0,1000000.0,0,0,0,0,0,0,30,2026-02-04 19:00:41.272803
RTM1C50,1.69,1.68,1.7,1000000.0,1000000.0,0,0,0,0,0,0,30,2026-02-04 19:00:41.272803
RTM1P50,2.3,2.29,2.31,1000000.0,1000000.0,0,0,0,0,0,0,30,2026-02-04 19:00:41.272803
RTM1C51,1.31,1.3,1.32,1000000.0,1000000.0,0,0,0,0,0,0,30,2026-02-04 19:00:41.272803
RTM1P51,2.93,2.92,2.94,1000000.0,1000000.0,0,0,0,0,0,0,30,2026-02-04 19:00:41.272803
RTM1C52,1.0,0.99,1.01,1000000.0,1000000.0,0,0,0,0,0,0,30,2026-02-04 19:00:41.272803
RTM1P52,3.61,3.6,3.62,1000000.0,1000000.0,0,0,0,0,0,0,30,2026-02-04 19:00:41.272803
RTM1C53,0.72,0.71,0.73,1000000.0,1000000.0,0,0,0,0,0,0,30,2026-02-04 19:00:41.272803
RTM1P53,4.34,4.33,4.35,1000000.0,1000000.0,0,0,0,0,0,0,30,2026-02-04 19:00:41.272803
RTM1C54,0.52,0.51,0.53,1000000.0,1000000.0,0,0,0,0,0,0,30,2026-02-04 19:00:41.272803
RTM1P54,5.13,5.12,5.14,1000000.0,1000000.0,0,0,0,0,0,0,30,2026-02-04 19:00:41.272803
RTM,49.66,49.65,49.67,100000000.0,100000000.0,0,0,0,0,0,0,31,2026-02-04 19:00:42.370281
RTM1C45,5.1,5.09,5.11,1000000.0,1000000.0,0,0,0,0,0,0,31,2026-02-04 19:00:42.370281
RTM1P45,0.44,0.43,0.45,1000000.0,1000000.0,0,0,0,0,0,0,31,2026-02-04 19:00:42.370281
RTM1C46,4.25,4.24,4.26,1000000.0,1000000.0,0,0,0,0,0,0,31,2026-02-04 19:00:42.370281
RTM1P46,0.59,0.58,0.6,1000000.0,1000000.0,0,0,0,0,0,0,31,2026-02-04 19:00:42.370281
RTM1C47,3.56,3.55,3.57,1000000.0,1000000.0,0,0,0,0,0,0,31,2026-02-04 19:00:42.370281
RTM1P47,0.9,0.89,0.91,1000000.0,1000000.0,0,0,0,0,0,0,31,2026-02-04 19:00:42.370281
RTM1C48,2.91,2.9,2.92,1000000.0,1000000.0,0,0,0,0,0,0,31,2026-02-04 19:00:42.370281
RTM1P48,1.25,1.24,1.26,1000000.0,1000000.0,0,0,0,0,0,0,31,2026-02-04 19:00:42.370281
RTM1C49,2.36,2.35,2.37,1000000.0,1000000.0,0,0,0,0,0,0,31,2026-02-04 19:00:42.370281
RTM1P49,1.69,1.68,1.7,1000000.0,1000000.0,0,0,0,0,0,0,31,2026-02-04 19:00:42.370281
RTM1C50,1.84,1.83,1.85,1000000.0,1000000.0,0,0,0,0,0,0,31,2026-02-04 19:00:42.370281
RTM1P50,2.18,2.17,2.19,1000000.0,1000000.0,0,0,0,0,0,0,31,2026-02-04 19:00:42.370281
RTM1C51,1.37,1.36,1.38,1000000.0,1000000.0,0,0,0,0,0,0,31,2026-02-04 19:00:42.370281
RTM1P51,2.71,2.7,2.72,1000000.0,1000000.0,0,0,0,0,0,0,31,2026-02-04 19:00:42.370281
RTM1C52,1.09,1.08,1.1,1000000.0,1000000.0,0,0,0,0,0,0,31,2026-02-04 19:00:42.370281
RTM1P52,3.43,3.42,3.44,1000000.0,1000000.0,0,0,0,0,0,0,31,2026-02-04 19:00:42.370281
RTM1C53,0.78,0.77,0.79,1000000.0,1000000.0,0,0,0,0,0,0,31,2026-02-04 19:00:42.370281
RTM1P53,4.12,4.11,4.13,1000000.0,1000000.0,0,0,0,0,0,0,31,2026-02-04 19:00:42.370281
RTM1C54,0.62,0.61,0.63,1000000.0,1000000.0,0,0,0,0,0,0,31,2026-02-04 19:00:42.370281
RTM1P54,4.96,4.95,4.97,1000000.0,1000000.0,0,0,0,0,0,0,31,2026-02-04 19:00:42.370281
RTM,49.58,49.57,49.59,100000000.0,100000000.0,0,0,0,0,0,0,32,2026-02-04 19:00:43.435566
RTM1C45,4.98,4.97,4.99,1000000.0,1000000.0,0,0,0,0,0,0,32,2026-02-04 19:00:43.435566
RTM1P45,0.39,0.38,0.4,1000000.0,1000000.0,0,0,0,0,0,0,32,2026-02-04 19:00:43.435566
RTM1C46,4.18,4.17,4.19,1000000.0,1000000.0,0,0,0,0,0,0,32,2026-02-04 19:00:43.435566
RTM1P46,0.6,0.59,0.61,1000000.0,1000000.0,0,0,0,0,0,0,32,2026-02-04 19:00:43.435566
RTM1C47,3.48,3.47,3.49,1000000.0,1000000.0,0,0,0,0,0,0,32,2026-02-04 19:00:43.435566
RTM1P47,0.89,0.88,0.9,1000000.0,1000000.0,0,0,0,0,0,0,32,2026-02-04 19:00:43.435566
RTM1C48,2.83,2.82,2.84,1000000.0,1000000.0,0,0,0,0,0,0,32,2026-02-04 19:00:43.435566
RTM1P48,1.24,1.23,1.25,1000000.0,1000000.0,0,0,0,0,0,0,32,2026-02-04 19:00:43.435566
RTM1C49,2.34,2.33,2.35,1000000.0,1000000.0,0,0,0,0,0,0,32,2026-02-04 19:00:43.435566
RTM1P49,1.76,1.75,1.77,1000000.0,1000000.0,0,0,0,0,0,0,32,2026-02-04 19:00:43.435566
RTM1C50,1.72,1.71,1.73,1000000.0,1000000.0,0,0,0,0,0,0,32,2026-02-04 19:00:43.435566
RTM1P50,2.14,2.13,2.15,1000000.0,1000000.0,0,0,0,0,0,0,32,2026-02-04 19:00:43.435566
RTM1C51,1.45,1.44,1.46,1000000.0,1000000.0,0,0,0,0,0,0,32,2026-02-04 19:00:43.435566
RTM1P51,2.87,2.86,2.88,1000000.0,1000000.0,0,0,0,0,0,0,32,2026-02-04 19:00:43.435566
RTM1C52,1.12,1.11,1.13,1000000.0,1000000.0,0,0,0,0,0,0,32,2026-02-04 19:00:43.435566
RTM1P52,3.54,3.53,3.55,1000000.0,1000000.0,0,0,0,0,0,0,32,2026-02-04 19:00:43.435566
RTM1C53,0.69,0.68,0.7,1000000.0,1000000.0,0,0,0,0,0,0,32,2026-02-04 19:00:43.435566
RTM1P53,4.11,4.1,4.12,1000000.0,1000000.0,0,0,0,0,0,0,32,2026-02-04 19:00:43.435566
RTM1C54,0.56,0.55,0.57,1000000.0,1000000.0,0,0,0,0,0,0,32,2026-02-04 19:00:43.435566
RTM1P54,4.98,4.97,4.99,1000000.0,1000000.0,0,0,0,0,0,0,32,2026-02-04 19:00:43.435566
RTM,49.46,49.45,49.47,100000000.0,100000000.0,0,0,0,0,0,0,33,2026-02-04 19:00:44.529650
RTM1C45,4.85,4.84,4.86,1000000.0,1000000.0,0,0,0,0,0,0,33,2026-02-04 19:00:44.529650
RTM1P45,0.39,0.38,0.4,1000000.0,1000000.0,0,0,0,0,0,0,33,2026-02-04 19:00:44.529650
RTM1C46,4.13,4.12,4.14,1000000.0,1000000.0,0,0,0,0,0,0,33,2026-02-04 19:00:44.529650
RTM1P46,0.67,0.66,0.68,1000000.0,1000000.0,0,0,0,0,0,0,33,2026-02-04 19:00:44.529650
RTM1C47,3.33,3.32,3.34,1000000.0,1000000.0,0,0,0,0,0,0,33,2026-02-04 19:00:44.529650
RTM1P47,0.87,0.86,0.88,1000000.0,1000000.0,0,0,0,0,0,0,33,2026-02-04 19:00:44.529650
RTM1C48,2.77,2.76,2.78,1000000.0,1000000.0,0,0,0,0,0,0,33,2026-02-04 19:00:44.529650
RTM1P48,1.31,1.3,1.32,1000000.0,1000000.0,0,0,0,0,0,0,33,2026-02-04 19:00:44.529650
RTM1C49,2.19,2.18,2.2,1000000.0,1000000.0,0,0,0,0,0,0,33,2026-02-04 19:00:44.529650
RTM1P49,1.73,1.72,1.74,1000000.0,1000000.0,0,0,0,0,0,0,33,2026-02-04 19:00:44.529650
RTM1C50,1.67,1.66,1.68,1000000.0,1000000.0,0,0,0,0,0,0,33,2026-02-04 19:00:44.529650
RTM1P50,2.21,2.2,2.22,1000000.0,1000000.0,0,0,0,0,0,0,33,2026-02-04 19:00:44.529650
RTM1C51,1.26,1.25,1.27,1000000.0,1000000.0,0,0,0,0,0,0,33,2026-02-04 19:00:44.529650
RTM1P51,2.8,2.79,2.81,1000000.0,1000000.0,0,0,0,0,0,0,33,2026-02-04 19:00:44.529650
RTM1C52,1.05,1.04,1.06,1000000.0,1000000.0,0,0,0,0,0,0,33,2026-02-04 19:00:44.529650
RTM1P52,3.59,3.58,3.6,1000000.0,1000000.0,0,0,0,0,0,0,33,2026-02-04 19:00:44.529650
RTM1C53,0.67,0.66,0.68,1000000.0,1000000.0,0,0,0,0,0,0,33,2026-02-04 19:00:44.529650
RTM1P53,4.21,4.2,4.22,1000000.0,1000000.0,0,0,0,0,0,0,33,2026-02-04 19:00:44.529650
RTM1C54,0.55,0.54,0.56,1000000.0,1000000.0,0,0,0,0,0,0,33,2026-02-04 19:00:44.529650
RTM1P54,5.09,5.08,5.1,1000000.0,1000000.0,0,0,0,0,0,0,33,2026-02-04 19:00:44.529650
RTM,48.8,48.79,48.81,100000000.0,100000000.0,0,0,0,0,0,0,34,2026-02-04 19:00:45.112459
RTM1C45,4.32,4.31,4.33,1000000.0,1000000.0,0,0,0,0,0,0,34,2026-02-04 19:00:45.112459
RTM1P45,0.51,0.5,0.52,1000000.0,1000000.0,0,0,0,0,0,0,34,2026-02-04 19:00:45.112459
RTM1C46,3.54,3.53,3.55,1000000.0,1000000.0,0,0,0,0,0,0,34,2026-02-04 19:00:45.112459
RTM1P46,0.73,0.72,0.74,1000000.0,1000000.0,0,0,0,0,0,0,34,2026-02-04 19:00:45.112459
RTM1C47,2.98,2.97,2.99,1000000.0,1000000.0,0,0,0,0,0,0,34,2026-02-04 19:00:45.112459
RTM1P47,1.18,1.17,1.19,1000000.0,1000000.0,0,0,0,0,0,0,34,2026-02-04 19:00:45.112459
RTM1C48,2.31,2.3,2.32,1000000.0,1000000.0,0,0,0,0,0,0,34,2026-02-04 19:00:45.112459
RTM1P48,1.51,1.5,1.52,1000000.0,1000000.0,0,0,0,0,0,0,34,2026-02-04 19:00:45.112459
RTM1C49,1.84,1.83,1.85,1000000.0,1000000.0,0,0,0,0,0,0,34,2026-02-04 19:00:45.112459
RTM1P49,2.04,2.03,2.05,1000000.0,1000000.0,0,0,0,0,0,0,34,2026-02-04 19:00:45.112459
RTM1C50,1.37,1.36,1.38,1000000.0,1000000.0,0,0,0,0,0,0,34,2026-02-04 19:00:45.112459
RTM1P50,2.57,2.56,2.58,1000000.0,1000000.0,0,0,0,0,0,0,34,2026-02-04 19:00:45.112459
RTM1C51,1.05,1.04,1.06,1000000.0,1000000.0,0,0,0,0,0,0,34,2026-02-04 19:00:45.112459
RTM1P51,3.25,3.24,3.26,1000000.0,1000000.0,0,0,0,0,0,0,34,2026-02-04 19:00:45.112459
RTM1C52,0.77,0.76,0.78,1000000.0,1000000.0,0,0,0,0,0,0,34,2026-02-04 19:00:45.112459
RTM1P52,3.96,3.95,3.97,1000000.0,1000000.0,0,0,0,0,0,0,34,2026-02-04 19:00:45.112459
RTM1C53,0.58,0.57,0.59,1000000.0,1000000.0,0,0,0,0,0,0,34,2026-02-04 19:00:45.112459
RTM1P53,4.78,4.77,4.79,1000000.0,1000000.0,0,0,0,0,0,0,34,2026-02-04 19:00:45.112459
RTM1C54,0.39,0.38,0.4,1000000.0,1000000.0,0,0,0,0,0,0,34,2026-02-04 19:00:45.112459
RTM1P54,5.58,5.57,5.59,1000000.0,1000000.0,0,0,0,0,0,0,34,2026-02-04 19:00:45.112459
RTM,49.07,49.06,49.08,100000000.0,100000000.0,0,0,0,0,0,0,35,2026-02-04 19:00:46.208945
RTM1C45,4.56,4.55,4.57,1000000.0,1000000.0,0,0,0,0,0,0,35,2026-02-04 19:00:46.208945
RTM1P45,0.49,0.48,0.5,1000000.0,1000000.0,0,0,0,0,0,0,35,2026-02-04 19:00:46.208945
RTM1C46,3.78,3.77,3.79,1000000.0,1000000.0,0,0,0,0,0,0,35,2026-02-04 19:00:46.208945
RTM1P46,0.71,0.7,0.72,1000000.0,1000000.0,0,0,0,0,0,0,35,2026-02-04 19:00:46.208945
RTM1C47,3.11,3.1,3.12,1000000.0,1000000.0,0,0,0,0,0,0,35,2026-02-04 19:00:46.208945
RTM1P47,1.04,1.03,1.05,1000000.0,1000000.0,0,0,0,0,0,0,35,2026-02-04 19:00:46.208945
RTM1C48,2.51,2.5,2.52,1000000.0,1000000.0,0,0,0,0,0,0,35,2026-02-04 19:00:46.208945
RTM1P48,1.44,1.43,1.45,1000000.0,1000000.0,0,0,0,0,0,0,35,2026-02-04 19:00:46.208945
RTM1C49,1.88,1.87,1.89,1000000.0,1000000.0,0,0,0,0,0,0,35,2026-02-04 19:00:46.208945
RTM1P49,1.81,1.8,1.82,1000000.0,1000000.0,0,0,0,0,0,0,35,2026-02-04 19:00:46.208945
RTM1C50,1.57,1.56,1.58,1000000.0,1000000.0,0,0,0,0,0,0,35,2026-02-04 19:00:46.208945
RTM1P50,2.5,2.49,2.51,1000000.0,1000000.0,0,0,0,0,0,0,35,2026-02-04 19:00:46.208945
RTM1C51,1.06,1.05,1.07,1000000.0,1000000.0,0,0,0,0,0,0,35,2026-02-04 19:00:46.208945
RTM1P51,2.99,2.98,3.0,1000000.0,1000000.0,0,0,0,0,0,0,35,2026-02-04 19:00:46.208945
RTM1C52,0.8,0.79,0.81,1000000.0,1000000.0,0,0,0,0,0,0,35,2026-02-04 19:00:46.208945
RTM1P52,3.72,3.71,3.73,1000000.0,1000000.0,0,0,0,0,0,0,35,2026-02-04 19:00:46.208945
RTM1C53,0.6,0.59,0.61,1000000.0,1000000.0,0,0,0,0,0,0,35,2026-02-04 19:00:46.208945
RTM1P53,4.52,4.51,4.53,1000000.0,1000000.0,0,0,0,0,0,0,35,2026-02-04 19:00:46.208945
RTM1C54,0.49,0.48,0.5,1000000.0,1000000.0,0,0,0,0,0,0,35,2026-02-04 19:00:46.208945
RTM1P54,5.42,5.41,5.43,1000000.0,1000000.0,0,0,0,0,0,0,35,2026-02-04 19:00:46.208945
RTM,49.1,49.09,49.11,100000000.0,100000000.0,0,0,0,0,0,0,36,2026-02-04 19:00:47.266676,3.0,1.0,35.0,,News 1,The analysts have informed you that the realized volatility of RTM next week will be between 35% and 40%
RTM1C45,4.55,4.54,4.56,1000000.0,1000000.0,0,0,0,0,0,0,36,2026-02-04 19:00:47.266676,,,,,,
RTM1P45,0.45,0.44,0.46,1000000.0,1000000.0,0,0,0,0,0,0,36,2026-02-04 19:00:47.266676,,,,,,
RTM1C46,3.84,3.83,3.85,1000000.0,1000000.0,0,0,0,0,0,0,36,2026-02-04 19:00:47.266676,,,,,,
RTM1P46,0.74,0.73,0.75,1000000.0,1000000.0,0,0,0,0,0,0,36,2026-02-04 19:00:47.266676,,,,,,
RTM1C47,3.03,3.02,3.04,1000000.0,1000000.0,0,0,0,0,0,0,36,2026-02-04 19:00:47.266676,,,,,,
RTM1P47,0.94,0.93,0.95,1000000.0,1000000.0,0,0,0,0,0,0,36,2026-02-04 19:00:47.266676,,,,,,
RTM1C48,2.55,2.55,2.57,1000000.0,1000000.0,0,0,0,0,0,0,36,2026-02-04 19:00:47.266676,,,,,,
RTM1P48,1.46,1.46,1.48,1000000.0,1000000.0,0,0,0,0,0,0,36,2026-02-04 19:00:47.266676,,,,,,
RTM1C49,1.96,1.95,1.97,1000000.0,1000000.0,0,0,0,0,0,0,36,2026-02-04 19:00:47.266676,,,,,,
RTM1P49,1.86,1.85,1.87,1000000.0,1000000.0,0,0,0,0,0,0,36,2026-02-04 19:00:47.266676,,,,,,
RTM1C50,1.48,1.47,1.49,1000000.0,1000000.0,0,0,0,0,0,0,36,2026-02-04 19:00:47.266676,,,,,,
RTM1P50,2.39,2.38,2.4,1000000.0,1000000.0,0,0,0,0,0,0,36,2026-02-04 19:00:47.266676,,,,,,
RTM1C51,1.2,1.19,1.21,1000000.0,1000000.0,0,0,0,0,0,0,36,2026-02-04 19:00:47.266676,,,,,,
RTM1P51,3.1,3.09,3.11,1000000.0,1000000.0,0,0,0,0,0,0,36,2026-02-04 19:00:47.266676,,,,,,
RTM1C52,0.93,0.93,0.95,1000000.0,1000000.0,0,0,0,0,0,0,36,2026-02-04 19:00:47.266676,,,,,,
RTM1P52,3.84,3.84,3.86,1000000.0,1000000.0,0,0,0,0,0,0,36,2026-02-04 19:00:47.266676,,,,,,
RTM1C53,0.68,0.67,0.69,1000000.0,1000000.0,0,0,0,0,0,0,36,2026-02-04 19:00:47.266676,,,,,,
RTM1P53,4.58,4.57,4.59,1000000.0,1000000.0,0,0,0,0,0,0,36,2026-02-04 19:00:47.266676,,,,,,
RTM1C54,0.48,0.47,0.49,1000000.0,1000000.0,0,0,0,0,0,0,36,2026-02-04 19:00:47.266676,,,,,,
RTM1P54,5.39,5.38,5.4,1000000.0,1000000.0,0,0,0,0,0,0,36,2026-02-04 19:00:47.266676,,,,,,
RTM,48.99,48.98,49.0,100000000.0,100000000.0,0,0,0,0,0,0,37,2026-02-04 19:00:48.329957
RTM1C45,4.48,4.47,4.49,1000000.0,1000000.0,0,0,0,0,0,0,37,2026-02-04 19:00:48.329957
RTM1P45,0.49,0.48,0.5,1000000.0,1000000.0,0,0,0,0,0,0,37,2026-02-04 19:00:48.329957
RTM1C46,3.73,3.72,3.74,1000000.0,1000000.0,0,0,0,0,0,0,37,2026-02-04 19:00:48.329957
RTM1P46,0.74,0.73,0.75,1000000.0,1000000.0,0,0,0,0,0,0,37,2026-02-04 19:00:48.329957
RTM1C47,3.03,3.02,3.04,1000000.0,1000000.0,0,0,0,0,0,0,37,2026-02-04 19:00:48.329957
RTM1P47,1.04,1.03,1.05,1000000.0,1000000.0,0,0,0,0,0,0,37,2026-02-04 19:00:48.329957
RTM1C48,2.43,2.42,2.44,1000000.0,1000000.0,0,0,0,0,0,0,37,2026-02-04 19:00:48.329957
RTM1P48,1.44,1.43,1.45,1000000.0,1000000.0,0,0,0,0,0,0,37,2026-02-04 19:00:48.329957
RTM1C49,1.93,1.92,1.94,1000000.0,1000000.0,0,0,0,0,0,0,37,2026-02-04 19:00:48.329957
RTM1P49,1.94,1.93,1.95,1000000.0,1000000.0,0,0,0,0,0,0,37,2026-02-04 19:00:48.329957
RTM1C50,1.44,1.43,1.45,1000000.0,1000000.0,0,0,0,0,0,0,37,2026-02-04 19:00:48.329957
RTM1P50,2.44,2.43,2.45,1000000.0,1000000.0,0,0,0,0,0,0,37,2026-02-04 19:00:48.329957
RTM1C51,1.12,1.11,1.13,1000000.0,1000000.0,0,0,0,0,0,0,37,2026-02-04 19:00:48.329957
RTM1P51,3.13,3.12,3.14,1000000.0,1000000.0,0,0,0,0,0,0,37,2026-02-04 19:00:48.329957
RTM1C52,0.79,0.78,0.8,1000000.0,1000000.0,0,0,0,0,0,0,37,2026-02-04 19:00:48.329957
RTM1P52,3.8,3.79,3.81,1000000.0,1000000.0,0,0,0,0,0,0,37,2026-02-04 19:00:48.329957
RTM1C53,0.6,0.59,0.61,1000000.0,1000000.0,0,0,0,0,0,0,37,2026-02-04 19:00:48.329957
RTM1P53,4.61,4.6,4.62,1000000.0,1000000.0,0,0,0,0,0,0,37,2026-02-04 19:00:48.329957
RTM1C54,0.42,0.41,0.43,1000000.0,1000000.0,0,0,0,0,0,0,37,2026-02-04 19:00:48.329957
RTM1P54,5.42,5.41,5.43,1000000.0,1000000.0,0,0,0,0,0,0,37,2026-02-04 19:00:48.329957
RTM,48.91,48.89,48.91,100000000.0,100000000.0,0,0,0,0,0,0,38,2026-02-04 19:00:49.392999
RTM1C45,4.34,4.33,4.35,1000000.0,1000000.0,0,0,0,0,0,0,38,2026-02-04 19:00:49.392999
RTM1P45,0.45,0.44,0.46,1000000.0,1000000.0,0,0,0,0,0,0,38,2026-02-04 19:00:49.392999
RTM1C46,3.58,3.57,3.59,1000000.0,1000000.0,0,0,0,0,0,0,38,2026-02-04 19:00:49.392999
RTM1P46,0.68,0.67,0.69,1000000.0,1000000.0,0,0,0,0,0,0,38,2026-02-04 19:00:49.392999
RTM1C47,2.92,2.91,2.93,1000000.0,1000000.0,0,0,0,0,0,0,38,2026-02-04 19:00:49.392999
RTM1P47,1.03,1.02,1.04,1000000.0,1000000.0,0,0,0,0,0,0,38,2026-02-04 19:00:49.392999
RTM1C48,2.36,2.35,2.37,1000000.0,1000000.0,0,0,0,0,0,0,38,2026-02-04 19:00:49.392999
RTM1P48,1.46,1.45,1.47,1000000.0,1000000.0,0,0,0,0,0,0,38,2026-02-04 19:00:49.392999
RTM1C49,1.91,1.91,1.93,1000000.0,1000000.0,0,0,0,0,0,0,38,2026-02-04 19:00:49.392999
RTM1P49,2.02,2.02,2.04,1000000.0,1000000.0,0,0,0,0,0,0,38,2026-02-04 19:00:49.392999
RTM1C50,1.46,1.45,1.47,1000000.0,1000000.0,0,0,0,0,0,0,38,2026-02-04 19:00:49.392999
RTM1P50,2.56,2.55,2.57,1000000.0,1000000.0,0,0,0,0,0,0,38,2026-02-04 19:00:49.392999
RTM1C51,1.1,1.09,1.11,1000000.0,1000000.0,0,0,0,0,0,0,38,2026-02-04 19:00:49.392999
RTM1P51,3.2,3.19,3.21,1000000.0,1000000.0,0,0,0,0,0,0,38,2026-02-04 19:00:49.392999
RTM1C52,0.74,0.73,0.75,1000000.0,1000000.0,0,0,0,0,0,0,38,2026-02-04 19:00:49.392999
RTM1P52,3.84,3.83,3.85,1000000.0,1000000.0,0,0,0,0,0,0,38,2026-02-04 19:00:49.392999
RTM1C53,0.56,0.55,0.57,1000000.0,1000000.0,0,0,0,0,0,0,38,2026-02-04 19:00:49.392999
RTM1P53,4.66,4.65,4.67,1000000.0,1000000.0,0,0,0,0,0,0,38,2026-02-04 19:00:49.392999
RTM1C54,0.37,0.36,0.38,1000000.0,1000000.0,0,0,0,0,0,0,38,2026-02-04 19:00:49.392999
RTM1P54,5.48,5.47,5.49,1000000.0,1000000.0,0,0,0,0,0,0,38,2026-02-04 19:00:49.392999
RTM,48.61,48.6,48.62,100000000.0,100000000.0,0,0,0,0,0,0,39,2026-02-04 19:00:50.472875
RTM1C45,4.09,4.08,4.1,1000000.0,1000000.0,0,0,0,0,0,0,39,2026-02-04 19:00:50.472875
RTM1P45,0.48,0.47,0.49,1000000.0,1000000.0,0,0,0,0,0,0,39,2026-02-04 19:00:50.472875
RTM1C46,3.37,3.36,3.38,1000000.0,1000000.0,0,0,0,0,0,0,39,2026-02-04 19:00:50.472875
RTM1P46,0.77,0.76,0.78,1000000.0,1000000.0,0,0,0,0,0,0,39,2026-02-04 19:00:50.472875
RTM1C47,2.75,2.74,2.76,1000000.0,1000000.0,0,0,0,0,0,0,39,2026-02-04 19:00:50.472875
RTM1P47,1.14,1.13,1.15,1000000.0,1000000.0,0,0,0,0,0,0,39,2026-02-04 19:00:50.472875
RTM1C48,2.21,2.2,2.22,1000000.0,1000000.0,0,0,0,0,0,0,39,2026-02-04 19:00:50.472875
RTM1P48,1.6,1.59,1.61,1000000.0,1000000.0,0,0,0,0,0,0,39,2026-02-04 19:00:50.472875
RTM1C49,1.68,1.66,1.68,1000000.0,1000000.0,0,0,0,0,0,0,39,2026-02-04 19:00:50.472875
RTM1P49,2.07,2.05,2.07,1000000.0,1000000.0,0,0,0,0,0,0,39,2026-02-04 19:00:50.472875
RTM1C50,1.28,1.27,1.29,1000000.0,1000000.0,0,0,0,0,0,0,39,2026-02-04 19:00:50.472875
RTM1P50,2.67,2.66,2.68,1000000.0,1000000.0,0,0,0,0,0,0,39,2026-02-04 19:00:50.472875
RTM1C51,0.99,0.98,1.0,1000000.0,1000000.0,0,0,0,0,0,0,39,2026-02-04 19:00:50.472875
RTM1P51,3.39,3.38,3.4,1000000.0,1000000.0,0,0,0,0,0,0,39,2026-02-04 19:00:50.472875
RTM1C52,0.68,0.67,0.69,1000000.0,1000000.0,0,0,0,0,0,0,39,2026-02-04 19:00:50.472875
RTM1P52,4.07,4.06,4.08,1000000.0,1000000.0,0,0,0,0,0,0,39,2026-02-04 19:00:50.472875
RTM1C53,0.5,0.49,0.51,1000000.0,1000000.0,0,0,0,0,0,0,39,2026-02-04 19:00:50.472875
RTM1P53,4.89,4.88,4.9,1000000.0,1000000.0,0,0,0,0,0,0,39,2026-02-04 19:00:50.472875
RTM1C54,0.34,0.33,0.35,1000000.0,1000000.0,0,0,0,0,0,0,39,2026-02-04 19:00:50.472875
RTM1P54,5.73,5.72,5.74,1000000.0,1000000.0,0,0,0,0,0,0,39,2026-02-04 19:00:50.472875
RTM,48.59,48.57,48.59,100000000.0,100000000.0,0,0,0,0,0,0,40,2026-02-04 19:00:51.552445
RTM1C45,4.16,4.15,4.17,1000000.0,1000000.0,0,0,0,0,0,0,40,2026-02-04 19:00:51.552445
RTM1P45,0.58,0.57,0.59,1000000.0,1000000.0,0,0,0,0,0,0,40,2026-02-04 19:00:51.552445
RTM1C46,3.36,3.35,3.37,1000000.0,1000000.0,0,0,0,0,0,0,40,2026-02-04 19:00:51.552445
RTM1P46,0.78,0.77,0.79,1000000.0,1000000.0,0,0,0,0,0,0,40,2026-02-04 19:00:51.552445
RTM1C47,2.75,2.74,2.76,1000000.0,1000000.0,0,0,0,0,0,0,40,2026-02-04 19:00:51.552445
RTM1P47,1.17,1.16,1.18,1000000.0,1000000.0,0,0,0,0,0,0,40,2026-02-04 19:00:51.552445
RTM1C48,2.19,2.18,2.2,1000000.0,1000000.0,0,0,0,0,0,0,40,2026-02-04 19:00:51.552445
RTM1P48,1.61,1.6,1.62,1000000.0,1000000.0,0,0,0,0,0,0,40,2026-02-04 19:00:51.552445
RTM1C49,1.68,1.67,1.69,1000000.0,1000000.0,0,0,0,0,0,0,40,2026-02-04 19:00:51.552445
RTM1P49,2.11,2.1,2.12,1000000.0,1000000.0,0,0,0,0,0,0,40,2026-02-04 19:00:51.552445
RTM1C50,1.31,1.3,1.32,1000000.0,1000000.0,0,0,0,0,0,0,40,2026-02-04 19:00:51.552445
RTM1P50,2.73,2.72,2.74,1000000.0,1000000.0,0,0,0,0,0,0,40,2026-02-04 19:00:51.552445
RTM1C51,0.95,0.94,0.96,1000000.0,1000000.0,0,0,0,0,0,0,40,2026-02-04 19:00:51.552445
RTM1P51,3.38,3.37,3.39,1000000.0,1000000.0,0,0,0,0,0,0,40,2026-02-04 19:00:51.552445
RTM1C52,0.73,0.72,0.74,1000000.0,1000000.0,0,0,0,0,0,0,40,2026-02-04 19:00:51.552445
RTM1P52,4.15,4.14,4.16,1000000.0,1000000.0,0,0,0,0,0,0,40,2026-02-04 19:00:51.552445
RTM1C53,0.5,0.49,0.51,1000000.0,1000000.0,0,0,0,0,0,0,40,2026-02-04 19:00:51.552445
RTM1P53,4.92,4.91,4.93,1000000.0,1000000.0,0,0,0,0,0,0,40,2026-02-04 19:00:51.552445
RTM1C54,0.29,0.28,0.3,1000000.0,1000000.0,0,0,0,0,0,0,40,2026-02-04 19:00:51.552445
RTM1P54,5.71,5.7,5.72,1000000.0,1000000.0,0,0,0,0,0,0,40,2026-02-04 19:00:51.552445
RTM,48.73,48.72,48.74,100000000.0,100000000.0,0,0,0,0,0,0,41,2026-02-04 19:00:52.136757
RTM1C45,4.28,4.27,4.29,1000000.0,1000000.0,0,0,0,0,0,0,41,2026-02-04 19:00:52.136757
RTM1P45,0.55,0.54,0.56,1000000.0,1000000.0,0,0,0,0,0,0,41,2026-02-04 19:00:52.136757
RTM1C46,3.52,3.51,3.53,1000000.0,1000000.0,0,0,0,0,0,0,41,2026-02-04 19:00:52.136757
RTM1P46,0.79,0.78,0.8,1000000.0,1000000.0,0,0,0,0,0,0,41,2026-02-04 19:00:52.136757
RTM1C47,2.88,2.87,2.89,1000000.0,1000000.0,0,0,0,0,0,0,41,2026-02-04 19:00:52.136757
RTM1P47,1.15,1.14,1.16,1000000.0,1000000.0,0,0,0,0,0,0,41,2026-02-04 19:00:52.136757
RTM1C48,2.26,2.25,2.27,1000000.0,1000000.0,0,0,0,0,0,0,41,2026-02-04 19:00:52.136757
RTM1P48,1.53,1.52,1.54,1000000.0,1000000.0,0,0,0,0,0,0,41,2026-02-04 19:00:52.136757
RTM1C49,1.78,1.77,1.79,1000000.0,1000000.0,0,0,0,0,0,0,41,2026-02-04 19:00:52.136757
RTM1P49,2.05,2.04,2.06,1000000.0,1000000.0,0,0,0,0,0,0,41,2026-02-04 19:00:52.136757
RTM1C50,1.39,1.38,1.4,1000000.0,1000000.0,0,0,0,0,0,0,41,2026-02-04 19:00:52.136757
RTM1P50,2.66,2.65,2.67,1000000.0,1000000.0,0,0,0,0,0,0,41,2026-02-04 19:00:52.136757
RTM1C51,1.04,1.03,1.05,1000000.0,1000000.0,0,0,0,0,0,0,41,2026-02-04 19:00:52.136757
RTM1P51,3.31,3.3,3.32,1000000.0,1000000.0,0,0,0,0,0,0,41,2026-02-04 19:00:52.136757
RTM1C52,0.66,0.65,0.67,1000000.0,1000000.0,0,0,0,0,0,0,41,2026-02-04 19:00:52.136757
RTM1P52,3.94,3.93,3.95,1000000.0,1000000.0,0,0,0,0,0,0,41,2026-02-04 19:00:52.136757
RTM1C53,0.49,0.48,0.5,1000000.0,1000000.0,0,0,0,0,0,0,41,2026-02-04 19:00:52.136757
RTM1P53,4.76,4.75,4.77,1000000.0,1000000.0,0,0,0,0,0,0,41,2026-02-04 19:00:52.136757
RTM1C54,0.33,0.32,0.34,1000000.0,1000000.0,0,0,0,0,0,0,41,2026-02-04 19:00:52.136757
RTM1P54,5.61,5.6,5.62,1000000.0,1000000.0,0,0,0,0,0,0,41,2026-02-04 19:00:52.136757
RTM,48.71,48.7,48.72,100000000.0,100000000.0,0,0,0,0,0,0,42,2026-02-04 19:00:53.222047
RTM1C45,4.22,4.21,4.23,1000000.0,1000000.0,0,0,0,0,0,0,42,2026-02-04 19:00:53.222047
RTM1P45,0.5,0.49,0.51,1000000.0,1000000.0,0,0,0,0,0,0,42,2026-02-04 19:00:53.222047
RTM1C46,3.5,3.49,3.51,1000000.0,1000000.0,0,0,0,0,0,0,42,2026-02-04 19:00:53.222047
RTM1P46,0.79,0.78,0.8,1000000.0,1000000.0,0,0,0,0,0,0,42,2026-02-04 19:00:53.222047
RTM1C47,2.87,2.86,2.88,1000000.0,1000000.0,0,0,0,0,0,0,42,2026-02-04 19:00:53.222047
RTM1P47,1.16,1.15,1.17,1000000.0,1000000.0,0,0,0,0,0,0,42,2026-02-04 19:00:53.222047
RTM1C48,2.25,2.24,2.26,1000000.0,1000000.0,0,0,0,0,0,0,42,2026-02-04 19:00:53.222047
RTM1P48,1.53,1.52,1.54,1000000.0,1000000.0,0,0,0,0,0,0,42,2026-02-04 19:00:53.222047
RTM1C49,1.71,1.7,1.72,1000000.0,1000000.0,0,0,0,0,0,0,42,2026-02-04 19:00:53.222047
RTM1P49,1.99,1.98,2.0,1000000.0,1000000.0,0,0,0,0,0,0,42,2026-02-04 19:00:53.222047
RTM1C50,1.36,1.35,1.37,1000000.0,1000000.0,0,0,0,0,0,0,42,2026-02-04 19:00:53.222047
RTM1P50,2.65,2.64,2.66,1000000.0,1000000.0,0,0,0,0,0,0,42,2026-02-04 19:00:53.222047
RTM1C51,1.01,1.0,1.02,1000000.0,1000000.0,0,0,0,0,0,0,42,2026-02-04 19:00:53.222047
RTM1P51,3.3,3.29,3.31,1000000.0,1000000.0,0,0,0,0,0,0,42,2026-02-04 19:00:53.222047
RTM1C52,0.7,0.69,0.71,1000000.0,1000000.0,0,0,0,0,0,0,42,2026-02-04 19:00:53.222047
RTM1P52,3.98,3.97,3.99,1000000.0,1000000.0,0,0,0,0,0,0,42,2026-02-04 19:00:53.222047
RTM1C53,0.52,0.51,0.53,1000000.0,1000000.0,0,0,0,0,0,0,42,2026-02-04 19:00:53.222047
RTM1P53,4.81,4.8,4.82,1000000.0,1000000.0,0,0,0,0,0,0,42,2026-02-04 19:00:53.222047
RTM1C54,0.37,0.36,0.38,1000000.0,1000000.0,0,0,0,0,0,0,42,2026-02-04 19:00:53.222047
RTM1P54,5.66,5.65,5.67,1000000.0,1000000.0,0,0,0,0,0,0,42,2026-02-04 19:00:53.222047
RTM,48.85,48.84,48.86,100000000.0,100000000.0,0,0,0,0,0,0,43,2026-02-04 19:00:54.313199
RTM1C45,4.29,4.28,4.3,1000000.0,1000000.0,0,0,0,0,0,0,43,2026-02-04 19:00:54.313199
RTM1P45,0.44,0.43,0.45,1000000.0,1000000.0,0,0,0,0,0,0,43,2026-02-04 19:00:54.313199
RTM1C46,3.6,3.59,3.61,1000000.0,1000000.0,0,0,0,0,0,0,43,2026-02-04 19:00:54.313199
RTM1P46,0.75,0.74,0.76,1000000.0,1000000.0,0,0,0,0,0,0,43,2026-02-04 19:00:54.313199
RTM1C47,2.93,2.92,2.94,1000000.0,1000000.0,0,0,0,0,0,0,43,2026-02-04 19:00:54.313199
RTM1P47,1.08,1.07,1.09,1000000.0,1000000.0,0,0,0,0,0,0,43,2026-02-04 19:00:54.313199
RTM1C48,2.31,2.3,2.32,1000000.0,1000000.0,0,0,0,0,0,0,43,2026-02-04 19:00:54.313199
RTM1P48,1.46,1.45,1.47,1000000.0,1000000.0,0,0,0,0,0,0,43,2026-02-04 19:00:54.313199
RTM1C49,1.78,1.77,1.79,1000000.0,1000000.0,0,0,0,0,0,0,43,2026-02-04 19:00:54.313199
RTM1P49,1.93,1.92,1.94,1000000.0,1000000.0,0,0,0,0,0,0,43,2026-02-04 19:00:54.313199
RTM1C50,1.39,1.38,1.4,1000000.0,1000000.0,0,0,0,0,0,0,43,2026-02-04 19:00:54.313199
RTM1P50,2.54,2.53,2.55,1000000.0,1000000.0,0,0,0,0,0,0,43,2026-02-04 19:00:54.313199
RTM1C51,1.05,1.04,1.06,1000000.0,1000000.0,0,0,0,0,0,0,43,2026-02-04 19:00:54.313199
RTM1P51,3.2,3.19,3.21,1000000.0,1000000.0,0,0,0,0,0,0,43,2026-02-04 19:00:54.313199
RTM1C52,0.77,0.76,0.78,1000000.0,1000000.0,0,0,0,0,0,0,43,2026-02-04 19:00:54.313199
RTM1P52,3.92,3.91,3.93,1000000.0,1000000.0,0,0,0,0,0,0,43,2026-02-04 19:00:54.313199
RTM1C53,0.49,0.48,0.5,1000000.0,1000000.0,0,0,0,0,0,0,43,2026-02-04 19:00:54.313199
RTM1P53,4.64,4.63,4.65,1000000.0,1000000.0,0,0,0,0,0,0,43,2026-02-04 19:00:54.313199
RTM1C54,0.38,0.37,0.39,1000000.0,1000000.0,0,0,0,0,0,0,43,2026-02-04 19:00:54.313199
RTM1P54,5.53,5.52,5.54,1000000.0,1000000.0,0,0,0,0,0,0,43,2026-02-04 19:00:54.313199
RTM,49.54,49.53,49.55,100000000.0,100000000.0,0,0,0,0,0,0,44,2026-02-04 19:00:55.421650
RTM1C45,4.96,4.95,4.97,1000000.0,1000000.0,0,0,0,0,0,0,44,2026-02-04 19:00:55.421650
RTM1P45,0.42,0.41,0.43,1000000.0,1000000.0,0,0,0,0,0,0,44,2026-02-04 19:00:55.421650
RTM1C46,4.17,4.16,4.18,1000000.0,1000000.0,0,0,0,0,0,0,44,2026-02-04 19:00:55.421650
RTM1P46,0.63,0.62,0.64,1000000.0,1000000.0,0,0,0,0,0,0,44,2026-02-04 19:00:55.421650
RTM1C47,3.44,3.43,3.45,1000000.0,1000000.0,0,0,0,0,0,0,44,2026-02-04 19:00:55.421650
RTM1P47,0.9,0.89,0.91,1000000.0,1000000.0,0,0,0,0,0,0,44,2026-02-04 19:00:55.421650
RTM1C48,2.72,2.71,2.73,1000000.0,1000000.0,0,0,0,0,0,0,44,2026-02-04 19:00:55.421650
RTM1P48,1.18,1.17,1.19,1000000.0,1000000.0,0,0,0,0,0,0,44,2026-02-04 19:00:55.421650
RTM1C49,2.17,2.16,2.18,1000000.0,1000000.0,0,0,0,0,0,0,44,2026-02-04 19:00:55.421650
RTM1P49,1.63,1.62,1.64,1000000.0,1000000.0,0,0,0,0,0,0,44,2026-02-04 19:00:55.421650
RTM1C50,1.63,1.62,1.64,1000000.0,1000000.0,0,0,0,0,0,0,44,2026-02-04 19:00:55.421650
RTM1P50,2.09,2.08,2.1,1000000.0,1000000.0,0,0,0,0,0,0,44,2026-02-04 19:00:55.421650
RTM1C51,1.26,1.25,1.27,1000000.0,1000000.0,0,0,0,0,0,0,44,2026-02-04 19:00:55.421650
RTM1P51,2.72,2.71,2.73,1000000.0,1000000.0,0,0,0,0,0,0,44,2026-02-04 19:00:55.421650
RTM1C52,1.02,1.01,1.03,1000000.0,1000000.0,0,0,0,0,0,0,44,2026-02-04 19:00:55.421650
RTM1P52,3.48,3.47,3.49,1000000.0,1000000.0,0,0,0,0,0,0,44,2026-02-04 19:00:55.421650
RTM1C53,0.72,0.71,0.73,1000000.0,1000000.0,0,0,0,0,0,0,44,2026-02-04 19:00:55.421650
RTM1P53,4.18,4.17,4.19,1000000.0,1000000.0,0,0,0,0,0,0,44,2026-02-04 19:00:55.421650
RTM1C54,0.56,0.55,0.57,1000000.0,1000000.0,0,0,0,0,0,0,44,2026-02-04 19:00:55.421650
RTM1P54,5.02,5.01,5.03,1000000.0,1000000.0,0,0,0,0,0,0,44,2026-02-04 19:00:55.421650
RTM,49.64,49.64,49.66,100000000.0,100000000.0,0,0,0,0,0,0,45,2026-02-04 19:00:56.500023
RTM1C45,5.08,5.07,5.09,1000000.0,1000000.0,0,0,0,0,0,0,45,2026-02-04 19:00:56.500023
RTM1P45,0.42,0.41,0.43,1000000.0,1000000.0,0,0,0,0,0,0,45,2026-02-04 19:00:56.500023
RTM1C46,4.19,4.18,4.2,1000000.0,1000000.0,0,0,0,0,0,0,45,2026-02-04 19:00:56.500023
RTM1P46,0.54,0.53,0.55,1000000.0,1000000.0,0,0,0,0,0,0,45,2026-02-04 19:00:56.500023
RTM1C47,3.53,3.52,3.54,1000000.0,1000000.0,0,0,0,0,0,0,45,2026-02-04 19:00:56.500023
RTM1P47,0.87,0.86,0.88,1000000.0,1000000.0,0,0,0,0,0,0,45,2026-02-04 19:00:56.500023
RTM1C48,2.8,2.79,2.81,1000000.0,1000000.0,0,0,0,0,0,0,45,2026-02-04 19:00:56.500023
RTM1P48,1.15,1.14,1.16,1000000.0,1000000.0,0,0,0,0,0,0,45,2026-02-04 19:00:56.500023
RTM1C49,2.25,2.24,2.26,1000000.0,1000000.0,0,0,0,0,0,0,45,2026-02-04 19:00:56.500023
RTM1P49,1.59,1.58,1.6,1000000.0,1000000.0,0,0,0,0,0,0,45,2026-02-04 19:00:56.500023
RTM1C50,1.77,1.77,1.79,1000000.0,1000000.0,0,0,0,0,0,0,45,2026-02-04 19:00:56.500023
RTM1P50,2.12,2.12,2.14,1000000.0,1000000.0,0,0,0,0,0,0,45,2026-02-04 19:00:56.500023
RTM1C51,1.3,1.29,1.31,1000000.0,1000000.0,0,0,0,0,0,0,45,2026-02-04 19:00:56.500023
RTM1P51,2.65,2.64,2.66,1000000.0,1000000.0,0,0,0,0,0,0,45,2026-02-04 19:00:56.500023
RTM1C52,1.04,1.03,1.05,1000000.0,1000000.0,0,0,0,0,0,0,45,2026-02-04 19:00:56.500023
RTM1P52,3.38,3.37,3.39,1000000.0,1000000.0,0,0,0,0,0,0,45,2026-02-04 19:00:56.500023
RTM1C53,0.68,0.67,0.69,1000000.0,1000000.0,0,0,0,0,0,0,45,2026-02-04 19:00:56.500023
RTM1P53,4.03,4.02,4.04,1000000.0,1000000.0,0,0,0,0,0,0,45,2026-02-04 19:00:56.500023
RTM1C54,0.54,0.53,0.55,1000000.0,1000000.0,0,0,0,0,0,0,45,2026-02-04 19:00:56.500023
RTM1P54,4.88,4.87,4.89,1000000.0,1000000.0,0,0,0,0,0,0,45,2026-02-04 19:00:56.500023
RTM,50.18,50.16,50.18,100000000.0,100000000.0,0,0,0,0,0,0,46,2026-02-04 19:00:57.577496
RTM1C45,5.47,5.46,5.48,1000000.0,1000000.0,0,0,0,0,0,0,46,2026-02-04 19:00:57.577496
RTM1P45,0.3,0.29,0.31,1000000.0,1000000.0,0,0,0,0,0,0,46,2026-02-04 19:00:57.577496
RTM1C46,4.56,4.55,4.57,1000000.0,1000000.0,0,0,0,0,0,0,46,2026-02-04 19:00:57.577496
RTM1P46,0.4,0.39,0.41,1000000.0,1000000.0,0,0,0,0,0,0,46,2026-02-04 19:00:57.577496
RTM1C47,3.82,3.81,3.83,1000000.0,1000000.0,0,0,0,0,0,0,46,2026-02-04 19:00:57.577496
RTM1P47,0.66,0.65,0.67,1000000.0,1000000.0,0,0,0,0,0,0,46,2026-02-04 19:00:57.577496
RTM1C48,3.19,3.18,3.2,1000000.0,1000000.0,0,0,0,0,0,0,46,2026-02-04 19:00:57.577496
RTM1P48,1.02,1.01,1.03,1000000.0,1000000.0,0,0,0,0,0,0,46,2026-02-04 19:00:57.577496
RTM1C49,2.53,2.52,2.54,1000000.0,1000000.0,0,0,0,0,0,0,46,2026-02-04 19:00:57.577496
RTM1P49,1.37,1.36,1.38,1000000.0,1000000.0,0,0,0,0,0,0,46,2026-02-04 19:00:57.577496
RTM1C50,2.0,1.99,2.01,1000000.0,1000000.0,0,0,0,0,0,0,46,2026-02-04 19:00:57.577496
RTM1P50,1.83,1.82,1.84,1000000.0,1000000.0,0,0,0,0,0,0,46,2026-02-04 19:00:57.577496
RTM1C51,1.52,1.51,1.53,1000000.0,1000000.0,0,0,0,0,0,0,46,2026-02-04 19:00:57.577496
RTM1P51,2.36,2.35,2.37,1000000.0,1000000.0,0,0,0,0,0,0,46,2026-02-04 19:00:57.577496
RTM1C52,1.22,1.21,1.23,1000000.0,1000000.0,0,0,0,0,0,0,46,2026-02-04 19:00:57.577496
RTM1P52,3.05,3.04,3.06,1000000.0,1000000.0,0,0,0,0,0,0,46,2026-02-04 19:00:57.577496
RTM1C53,0.85,0.84,0.86,1000000.0,1000000.0,0,0,0,0,0,0,46,2026-02-04 19:00:57.577496
RTM1P53,3.69,3.68,3.7,1000000.0,1000000.0,0,0,0,0,0,0,46,2026-02-04 19:00:57.577496
RTM1C54,0.59,0.58,0.6,1000000.0,1000000.0,0,0,0,0,0,0,46,2026-02-04 19:00:57.577496
RTM1P54,4.42,4.41,4.43,1000000.0,1000000.0,0,0,0,0,0,0,46,2026-02-04 19:00:57.577496
RTM,50.3,50.29,50.31,100000000.0,100000000.0,0,0,0,0,0,0,47,2026-02-04 19:00:58.157594
RTM1C45,5.56,5.55,5.57,1000000.0,1000000.0,0,0,0,0,0,0,47,2026-02-04 19:00:58.157594
RTM1P45,0.26,0.25,0.27,1000000.0,1000000.0,0,0,0,0,0,0,47,2026-02-04 19:00:58.157594
RTM1C46,4.7,4.69,4.71,1000000.0,1000000.0,0,0,0,0,0,0,47,2026-02-04 19:00:58.157594
RTM1P46,0.4,0.39,0.41,1000000.0,1000000.0,0,0,0,0,0,0,47,2026-02-04 19:00:58.157594
RTM1C47,4.01,4.0,4.02,1000000.0,1000000.0,0,0,0,0,0,0,47,2026-02-04 19:00:58.157594
RTM1P47,0.7,0.69,0.71,1000000.0,1000000.0,0,0,0,0,0,0,47,2026-02-04 19:00:58.157594
RTM1C48,3.34,3.33,3.35,1000000.0,1000000.0,0,0,0,0,0,0,47,2026-02-04 19:00:58.157594
RTM1P48,1.04,1.03,1.05,1000000.0,1000000.0,0,0,0,0,0,0,47,2026-02-04 19:00:58.157594
RTM1C49,2.64,2.63,2.65,1000000.0,1000000.0,0,0,0,0,0,0,47,2026-02-04 19:00:58.157594
RTM1P49,1.34,1.33,1.35,1000000.0,1000000.0,0,0,0,0,0,0,47,2026-02-04 19:00:58.157594
RTM1C50,2.13,2.12,2.14,1000000.0,1000000.0,0,0,0,0,0,0,47,2026-02-04 19:00:58.157594
RTM1P50,1.83,1.82,1.84,1000000.0,1000000.0,0,0,0,0,0,0,47,2026-02-04 19:00:58.157594
RTM1C51,1.58,1.57,1.59,1000000.0,1000000.0,0,0,0,0,0,0,47,2026-02-04 19:00:58.157594
RTM1P51,2.28,2.27,2.29,1000000.0,1000000.0,0,0,0,0,0,0,47,2026-02-04 19:00:58.157594
RTM1C52,1.21,1.2,1.22,1000000.0,1000000.0,0,0,0,0,0,0,47,2026-02-04 19:00:58.157594
RTM1P52,2.91,2.9,2.92,1000000.0,1000000.0,0,0,0,0,0,0,47,2026-02-04 19:00:58.157594
RTM1C53,0.97,0.96,0.98,1000000.0,1000000.0,0,0,0,0,0,0,47,2026-02-04 19:00:58.157594
RTM1P53,3.66,3.65,3.67,1000000.0,1000000.0,0,0,0,0,0,0,47,2026-02-04 19:00:58.157594
RTM1C54,0.63,0.62,0.64,1000000.0,1000000.0,0,0,0,0,0,0,47,2026-02-04 19:00:58.157594
RTM1P54,4.33,4.32,4.34,1000000.0,1000000.0,0,0,0,0,0,0,47,2026-02-04 19:00:58.157594
RTM,49.76,49.75,49.77,100000000.0,100000000.0,0,0,0,0,0,0,48,2026-02-04 19:00:59.234741
RTM1C45,5.12,5.11,5.13,1000000.0,1000000.0,0,0,0,0,0,0,48,2026-02-04 19:00:59.234741
RTM1P45,0.36,0.35,0.37,1000000.0,1000000.0,0,0,0,0,0,0,48,2026-02-04 19:00:59.234741
RTM1C46,4.29,4.28,4.3,1000000.0,1000000.0,0,0,0,0,0,0,48,2026-02-04 19:00:59.234741
RTM1P46,0.53,0.52,0.54,1000000.0,1000000.0,0,0,0,0,0,0,48,2026-02-04 19:00:59.234741
RTM1C47,3.54,3.53,3.55,1000000.0,1000000.0,0,0,0,0,0,0,48,2026-02-04 19:00:59.234741
RTM1P47,0.78,0.77,0.79,1000000.0,1000000.0,0,0,0,0,0,0,48,2026-02-04 19:00:59.234741
RTM1C48,2.82,2.81,2.83,1000000.0,1000000.0,0,0,0,0,0,0,48,2026-02-04 19:00:59.234741
RTM1P48,1.06,1.05,1.07,1000000.0,1000000.0,0,0,0,0,0,0,48,2026-02-04 19:00:59.234741
RTM1C49,2.38,2.37,2.39,1000000.0,1000000.0,0,0,0,0,0,0,48,2026-02-04 19:00:59.234741
RTM1P49,1.62,1.61,1.63,1000000.0,1000000.0,0,0,0,0,0,0,48,2026-02-04 19:00:59.234741
RTM1C50,1.78,1.77,1.79,1000000.0,1000000.0,0,0,0,0,0,0,48,2026-02-04 19:00:59.234741
RTM1P50,2.02,2.01,2.03,1000000.0,1000000.0,0,0,0,0,0,0,48,2026-02-04 19:00:59.234741
RTM1C51,1.46,1.45,1.47,1000000.0,1000000.0,0,0,0,0,0,0,48,2026-02-04 19:00:59.234741
RTM1P51,2.7,2.69,2.71,1000000.0,1000000.0,0,0,0,0,0,0,48,2026-02-04 19:00:59.234741
RTM1C52,1.05,1.04,1.06,1000000.0,1000000.0,0,0,0,0,0,0,48,2026-02-04 19:00:59.234741
RTM1P52,3.29,3.28,3.3,1000000.0,1000000.0,0,0,0,0,0,0,48,2026-02-04 19:00:59.234741
RTM1C53,0.74,0.73,0.75,1000000.0,1000000.0,0,0,0,0,0,0,48,2026-02-04 19:00:59.234741
RTM1P53,3.98,3.97,3.99,1000000.0,1000000.0,0,0,0,0,0,0,48,2026-02-04 19:00:59.234741
RTM1C54,0.51,0.5,0.52,1000000.0,1000000.0,0,0,0,0,0,0,48,2026-02-04 19:00:59.234741
RTM1P54,4.75,4.74,4.76,1000000.0,1000000.0,0,0,0,0,0,0,48,2026-02-04 19:00:59.234741
RTM,49.03,49.02,49.04,100000000.0,100000000.0,0,0,0,0,0,0,49,2026-02-04 19:01:00.313165
RTM1C45,4.44,4.43,4.45,1000000.0,1000000.0,0,0,0,0,0,0,49,2026-02-04 19:01:00.313165
RTM1P45,0.41,0.4,0.42,1000000.0,1000000.0,0,0,0,0,0,0,49,2026-02-04 19:01:00.313165
RTM1C46,3.73,3.72,3.74,1000000.0,1000000.0,0,0,0,0,0,0,49,2026-02-04 19:01:00.313165
RTM1P46,0.7,0.69,0.71,1000000.0,1000000.0,0,0,0,0,0,0,49,2026-02-04 19:01:00.313165
RTM1C47,3.0,2.99,3.01,1000000.0,1000000.0,0,0,0,0,0,0,49,2026-02-04 19:01:00.313165
RTM1P47,0.97,0.96,0.98,1000000.0,1000000.0,0,0,0,0,0,0,49,2026-02-04 19:01:00.313165
RTM1C48,2.46,2.45,2.47,1000000.0,1000000.0,0,0,0,0,0,0,49,2026-02-04 19:01:00.313165
RTM1P48,1.43,1.42,1.44,1000000.0,1000000.0,0,0,0,0,0,0,49,2026-02-04 19:01:00.313165
RTM1C49,1.83,1.82,1.84,1000000.0,1000000.0,0,0,0,0,0,0,49,2026-02-04 19:01:00.313165
RTM1P49,1.8,1.79,1.81,1000000.0,1000000.0,0,0,0,0,0,0,49,2026-02-04 19:01:00.313165
RTM1C50,1.42,1.41,1.43,1000000.0,1000000.0,0,0,0,0,0,0,49,2026-02-04 19:01:00.313165
RTM1P50,2.39,2.38,2.4,1000000.0,1000000.0,0,0,0,0,0,0,49,2026-02-04 19:01:00.313165
RTM1C51,1.08,1.07,1.09,1000000.0,1000000.0,0,0,0,0,0,0,49,2026-02-04 19:01:00.313165
RTM1P51,3.05,3.04,3.06,1000000.0,1000000.0,0,0,0,0,0,0,49,2026-02-04 19:01:00.313165
RTM1C52,0.79,0.78,0.8,1000000.0,1000000.0,0,0,0,0,0,0,49,2026-02-04 19:01:00.313165
RTM1P52,3.76,3.75,3.77,1000000.0,1000000.0,0,0,0,0,0,0,49,2026-02-04 19:01:00.313165
RTM1C53,0.53,0.52,0.54,1000000.0,1000000.0,0,0,0,0,0,0,49,2026-02-04 19:01:00.313165
RTM1P53,4.49,4.48,4.5,1000000.0,1000000.0,0,0,0,0,0,0,49,2026-02-04 19:01:00.313165
RTM1C54,0.4,0.39,0.41,1000000.0,1000000.0,0,0,0,0,0,0,49,2026-02-04 19:01:00.313165
RTM1P54,5.37,5.36,5.38,1000000.0,1000000.0,0,0,0,0,0,0,49,2026-02-04 19:01:00.313165
RTM,48.97,48.96,48.98,100000000.0,100000000.0,0,0,0,0,0,0,50,2026-02-04 19:01:01.435389
RTM1C45,4.47,4.46,4.48,1000000.0,1000000.0,0,0,0,0,0,0,50,2026-02-04 19:01:01.435389
RTM1P45,0.5,0.49,0.51,1000000.0,1000000.0,0,0,0,0,0,0,50,2026-02-04 19:01:01.435389
RTM1C46,3.69,3.68,3.7,1000000.0,1000000.0,0,0,0,0,0,0,50,2026-02-04 19:01:01.435389
RTM1P46,0.73,0.72,0.74,1000000.0,1000000.0,0,0,0,0,0,0,50,2026-02-04 19:01:01.435389
RTM1C47,2.91,2.9,2.92,1000000.0,1000000.0,0,0,0,0,0,0,50,2026-02-04 19:01:01.435389
RTM1P47,0.94,0.93,0.95,1000000.0,1000000.0,0,0,0,0,0,0,50,2026-02-04 19:01:01.435389
RTM1C48,2.37,2.37,2.39,1000000.0,1000000.0,0,0,0,0,0,0,50,2026-02-04 19:01:01.435389
RTM1P48,1.4,1.4,1.42,1000000.0,1000000.0,0,0,0,0,0,0,50,2026-02-04 19:01:01.435389
RTM1C49,1.8,1.79,1.81,1000000.0,1000000.0,0,0,0,0,0,0,50,2026-02-04 19:01:01.435389
RTM1P49,1.83,1.82,1.84,1000000.0,1000000.0,0,0,0,0,0,0,50,2026-02-04 19:01:01.435389
RTM1C50,1.4,1.39,1.41,1000000.0,1000000.0,0,0,0,0,0,0,50,2026-02-04 19:01:01.435389
RTM1P50,2.43,2.42,2.44,1000000.0,1000000.0,0,0,0,0,0,0,50,2026-02-04 19:01:01.435389
RTM1C51,1.03,1.02,1.04,1000000.0,1000000.0,0,0,0,0,0,0,50,2026-02-04 19:01:01.435389
RTM1P51,3.06,3.05,3.07,1000000.0,1000000.0,0,0,0,0,0,0,50,2026-02-04 19:01:01.435389
RTM1C52,0.72,0.71,0.73,1000000.0,1000000.0,0,0,0,0,0,0,50,2026-02-04 19:01:01.435389
RTM1P52,3.75,3.74,3.76,1000000.0,1000000.0,0,0,0,0,0,0,50,2026-02-04 19:01:01.435389
RTM1C53,0.51,0.5,0.52,1000000.0,1000000.0,0,0,0,0,0,0,50,2026-02-04 19:01:01.435389
RTM1P53,4.54,4.53,4.55,1000000.0,1000000.0,0,0,0,0,0,0,50,2026-02-04 19:01:01.435389
RTM1C54,0.37,0.36,0.38,1000000.0,1000000.0,0,0,0,0,0,0,50,2026-02-04 19:01:01.435389
RTM1P54,5.4,5.39,5.41,1000000.0,1000000.0,0,0,0,0,0,0,50,2026-02-04 19:01:01.435389
RTM,49.21,49.21,49.23,100000000.0,100000000.0,0,0,0,0,0,0,51,2026-02-04 19:01:02.502692
RTM1C45,4.65,4.64,4.66,1000000.0,1000000.0,0,0,0,0,0,0,51,2026-02-04 19:01:02.502692
RTM1P45,0.42,0.41,0.43,1000000.0,1000000.0,0,0,0,0,0,0,51,2026-02-04 19:01:02.502692
RTM1C46,3.83,3.82,3.84,1000000.0,1000000.0,0,0,0,0,0,0,51,2026-02-04 19:01:02.502692
RTM1P46,0.61,0.6,0.62,1000000.0,1000000.0,0,0,0,0,0,0,51,2026-02-04 19:01:02.502692
RTM1C47,3.19,3.18,3.2,1000000.0,1000000.0,0,0,0,0,0,0,51,2026-02-04 19:01:02.502692
RTM1P47,0.97,0.96,0.98,1000000.0,1000000.0,0,0,0,0,0,0,51,2026-02-04 19:01:02.502692
RTM1C48,2.53,2.52,2.54,1000000.0,1000000.0,0,0,0,0,0,0,51,2026-02-04 19:01:02.502692
RTM1P48,1.31,1.3,1.32,1000000.0,1000000.0,0,0,0,0,0,0,51,2026-02-04 19:01:02.502692
RTM1C49,2.0,1.99,2.01,1000000.0,1000000.0,0,0,0,0,0,0,51,2026-02-04 19:01:02.502692
RTM1P49,1.78,1.77,1.79,1000000.0,1000000.0,0,0,0,0,0,0,51,2026-02-04 19:01:02.502692
RTM1C50,1.53,1.52,1.54,1000000.0,1000000.0,0,0,0,0,0,0,51,2026-02-04 19:01:02.502692
RTM1P50,2.31,2.3,2.32,1000000.0,1000000.0,0,0,0,0,0,0,51,2026-02-04 19:01:02.502692
RTM1C51,1.06,1.04,1.06,1000000.0,1000000.0,0,0,0,0,0,0,51,2026-02-04 19:01:02.502692
RTM1P51,2.83,2.81,2.83,1000000.0,1000000.0,0,0,0,0,0,0,51,2026-02-04 19:01:02.502692
RTM1C52,0.85,0.84,0.86,1000000.0,1000000.0,0,0,0,0,0,0,51,2026-02-04 19:01:02.502692
RTM1P52,3.63,3.62,3.64,1000000.0,1000000.0,0,0,0,0,0,0,51,2026-02-04 19:01:02.502692
RTM1C53,0.58,0.57,0.59,1000000.0,1000000.0,0,0,0,0,0,0,51,2026-02-04 19:01:02.502692
RTM1P53,4.36,4.35,4.37,1000000.0,1000000.0,0,0,0,0,0,0,51,2026-02-04 19:01:02.502692
RTM1C54,0.43,0.42,0.44,1000000.0,1000000.0,0,0,0,0,0,0,51,2026-02-04 19:01:02.502692
RTM1P54,5.21,5.2,5.22,1000000.0,1000000.0,0,0,0,0,0,0,51,2026-02-04 19:01:02.502692
RTM,49.67,49.66,49.68,100000000.0,100000000.0,0,0,0,0,0,0,52,2026-02-04 19:01:03.561887
RTM1C45,5.05,5.04,5.06,1000000.0,1000000.0,0,0,0,0,0,0,52,2026-02-04 19:01:03.561887
RTM1P45,0.38,0.37,0.39,1000000.0,1000000.0,0,0,0,0,0,0,52,2026-02-04 19:01:03.561887
RTM1C46,4.21,4.2,4.22,1000000.0,1000000.0,0,0,0,0,0,0,52,2026-02-04 19:01:03.561887
RTM1P46,0.55,0.54,0.56,1000000.0,1000000.0,0,0,0,0,0,0,52,2026-02-04 19:01:03.561887
RTM1C47,3.5,3.49,3.51,1000000.0,1000000.0,0,0,0,0,0,0,52,2026-02-04 19:01:03.561887
RTM1P47,0.84,0.83,0.85,1000000.0,1000000.0,0,0,0,0,0,0,52,2026-02-04 19:01:03.561887
RTM1C48,2.82,2.81,2.83,1000000.0,1000000.0,0,0,0,0,0,0,52,2026-02-04 19:01:03.561887
RTM1P48,1.16,1.15,1.17,1000000.0,1000000.0,0,0,0,0,0,0,52,2026-02-04 19:01:03.561887
RTM1C49,2.2,2.19,2.21,1000000.0,1000000.0,0,0,0,0,0,0,52,2026-02-04 19:01:03.561887
RTM1P49,1.54,1.53,1.55,1000000.0,1000000.0,0,0,0,0,0,0,52,2026-02-04 19:01:03.561887
RTM1C50,1.67,1.66,1.68,1000000.0,1000000.0,0,0,0,0,0,0,52,2026-02-04 19:01:03.561887
RTM1P50,2.0,1.99,2.01,1000000.0,1000000.0,0,0,0,0,0,0,52,2026-02-04 19:01:03.561887
RTM1C51,1.4,1.39,1.41,1000000.0,1000000.0,0,0,0,0,0,0,52,2026-02-04 19:01:03.561887
RTM1P51,2.74,2.73,2.75,1000000.0,1000000.0,0,0,0,0,0,0,52,2026-02-04 19:01:03.561887
RTM1C52,0.98,0.97,0.99,1000000.0,1000000.0,0,0,0,0,0,0,52,2026-02-04 19:01:03.561887
RTM1P52,3.31,3.3,3.32,1000000.0,1000000.0,0,0,0,0,0,0,52,2026-02-04 19:01:03.561887
RTM1C53,0.76,0.75,0.77,1000000.0,1000000.0,0,0,0,0,0,0,52,2026-02-04 19:01:03.561887
RTM1P53,4.09,4.08,4.1,1000000.0,1000000.0,0,0,0,0,0,0,52,2026-02-04 19:01:03.561887
RTM1C54,0.55,0.54,0.56,1000000.0,1000000.0,0,0,0,0,0,0,52,2026-02-04 19:01:03.561887
RTM1P54,4.88,4.87,4.89,1000000.0,1000000.0,0,0,0,0,0,0,52,2026-02-04 19:01:03.561887
RTM,49.96,49.95,49.97,100000000.0,100000000.0,0,0,0,0,0,0,53,2026-02-04 19:01:04.666368
RTM1C45,5.28,5.27,5.29,1000000.0,1000000.0,0,0,0,0,0,0,53,2026-02-04 19:01:04.666368
RTM1P45,0.33,0.32,0.34,1000000.0,1000000.0,0,0,0,0,0,0,53,2026-02-04 19:01:04.666368
RTM1C46,4.46,4.45,4.47,1000000.0,1000000.0,0,0,0,0,0,0,53,2026-02-04 19:01:04.666368
RTM1P46,0.5,0.49,0.51,1000000.0,1000000.0,0,0,0,0,0,0,53,2026-02-04 19:01:04.666368
RTM1C47,3.69,3.68,3.7,1000000.0,1000000.0,0,0,0,0,0,0,53,2026-02-04 19:01:04.666368
RTM1P47,0.74,0.73,0.75,1000000.0,1000000.0,0,0,0,0,0,0,53,2026-02-04 19:01:04.666368
RTM1C48,3.0,2.99,3.01,1000000.0,1000000.0,0,0,0,0,0,0,53,2026-02-04 19:01:04.666368
RTM1P48,1.04,1.03,1.05,1000000.0,1000000.0,0,0,0,0,0,0,53,2026-02-04 19:01:04.666368
RTM1C49,2.37,2.36,2.38,1000000.0,1000000.0,0,0,0,0,0,0,53,2026-02-04 19:01:04.666368
RTM1P49,1.41,1.4,1.42,1000000.0,1000000.0,0,0,0,0,0,0,53,2026-02-04 19:01:04.666368
RTM1C50,1.8,1.79,1.81,1000000.0,1000000.0,0,0,0,0,0,0,53,2026-02-04 19:01:04.666368
RTM1P50,1.85,1.84,1.86,1000000.0,1000000.0,0,0,0,0,0,0,53,2026-02-04 19:01:04.666368
RTM1C51,1.5,1.49,1.51,1000000.0,1000000.0,0,0,0,0,0,0,53,2026-02-04 19:01:04.666368
RTM1P51,2.55,2.54,2.56,1000000.0,1000000.0,0,0,0,0,0,0,53,2026-02-04 19:01:04.666368
RTM1C52,1.1,1.09,1.11,1000000.0,1000000.0,0,0,0,0,0,0,53,2026-02-04 19:01:04.666368
RTM1P52,3.14,3.13,3.15,1000000.0,1000000.0,0,0,0,0,0,0,53,2026-02-04 19:01:04.666368
RTM1C53,0.76,0.75,0.77,1000000.0,1000000.0,0,0,0,0,0,0,53,2026-02-04 19:01:04.666368
RTM1P53,3.8,3.79,3.81,1000000.0,1000000.0,0,0,0,0,0,0,53,2026-02-04 19:01:04.666368
RTM1C54,0.53,0.52,0.54,1000000.0,1000000.0,0,0,0,0,0,0,53,2026-02-04 19:01:04.666368
RTM1P54,4.57,4.56,4.58,1000000.0,1000000.0,0,0,0,0,0,0,53,2026-02-04 19:01:04.666368
RTM,49.95,49.95,49.97,100000000.0,100000000.0,0,0,0,0,0,0,54,2026-02-04 19:01:05.717531
RTM1C45,5.27,5.26,5.28,1000000.0,1000000.0,0,0,0,0,0,0,54,2026-02-04 19:01:05.717531
RTM1P45,0.31,0.3,0.32,1000000.0,1000000.0,0,0,0,0,0,0,54,2026-02-04 19:01:05.717531
RTM1C46,4.4,4.39,4.41,1000000.0,1000000.0,0,0,0,0,0,0,54,2026-02-04 19:01:05.717531
RTM1P46,0.44,0.43,0.45,1000000.0,1000000.0,0,0,0,0,0,0,54,2026-02-04 19:01:05.717531
RTM1C47,3.73,3.72,3.74,1000000.0,1000000.0,0,0,0,0,0,0,54,2026-02-04 19:01:05.717531
RTM1P47,0.77,0.76,0.78,1000000.0,1000000.0,0,0,0,0,0,0,54,2026-02-04 19:01:05.717531
RTM1C48,3.04,3.03,3.05,1000000.0,1000000.0,0,0,0,0,0,0,54,2026-02-04 19:01:05.717531
RTM1P48,1.07,1.06,1.08,1000000.0,1000000.0,0,0,0,0,0,0,54,2026-02-04 19:01:05.717531
RTM1C49,2.45,2.45,2.47,1000000.0,1000000.0,0,0,0,0,0,0,54,2026-02-04 19:01:05.717531
RTM1P49,1.49,1.49,1.51,1000000.0,1000000.0,0,0,0,0,0,0,54,2026-02-04 19:01:05.717531
RTM1C50,1.93,1.91,1.93,1000000.0,1000000.0,0,0,0,0,0,0,54,2026-02-04 19:01:05.717531
RTM1P50,1.95,1.95,1.97,1000000.0,1000000.0,0,0,0,0,0,0,54,2026-02-04 19:01:05.717531
RTM1C51,1.49,1.48,1.5,1000000.0,1000000.0,0,0,0,0,0,0,54,2026-02-04 19:01:05.717531
RTM1P51,2.53,2.52,2.54,1000000.0,1000000.0,0,0,0,0,0,0,54,2026-02-04 19:01:05.717531
RTM1C52,1.09,1.08,1.1,1000000.0,1000000.0,0,0,0,0,0,0,54,2026-02-04 19:01:05.717531
RTM1P52,3.13,3.12,3.14,1000000.0,1000000.0,0,0,0,0,0,0,54,2026-02-04 19:01:05.717531
RTM1C53,0.83,0.82,0.84,1000000.0,1000000.0,0,0,0,0,0,0,54,2026-02-04 19:01:05.717531
RTM1P53,3.87,3.86,3.88,1000000.0,1000000.0,0,0,0,0,0,0,54,2026-02-04 19:01:05.717531
RTM1C54,0.58,0.57,0.59,1000000.0,1000000.0,0,0,0,0,0,0,54,2026-02-04 19:01:05.717531
RTM1P54,4.62,4.61,4.63,1000000.0,1000000.0,0,0,0,0,0,0,54,2026-02-04 19:01:05.717531
RTM,49.93,49.93,49.95,100000000.0,100000000.0,0,0,0,0,0,0,55,2026-02-04 19:01:06.792393
RTM1C45,5.28,5.27,5.29,1000000.0,1000000.0,0,0,0,0,0,0,55,2026-02-04 19:01:06.792393
RTM1P45,0.33,0.32,0.34,1000000.0,1000000.0,0,0,0,0,0,0,55,2026-02-04 19:01:06.792393
RTM1C46,4.47,4.46,4.48,1000000.0,1000000.0,0,0,0,0,0,0,55,2026-02-04 19:01:06.792393
RTM1P46,0.52,0.51,0.53,1000000.0,1000000.0,0,0,0,0,0,0,55,2026-02-04 19:01:06.792393
RTM1C47,3.62,3.61,3.63,1000000.0,1000000.0,0,0,0,0,0,0,55,2026-02-04 19:01:06.792393
RTM1P47,0.68,0.67,0.69,1000000.0,1000000.0,0,0,0,0,0,0,55,2026-02-04 19:01:06.792393
RTM1C48,2.92,2.91,2.93,1000000.0,1000000.0,0,0,0,0,0,0,55,2026-02-04 19:01:06.792393
RTM1P48,0.98,0.97,0.99,1000000.0,1000000.0,0,0,0,0,0,0,55,2026-02-04 19:01:06.792393
RTM1C49,2.34,2.32,2.34,1000000.0,1000000.0,0,0,0,0,0,0,55,2026-02-04 19:01:06.792393
RTM1P49,1.4,1.38,1.4,1000000.0,1000000.0,0,0,0,0,0,0,55,2026-02-04 19:01:06.792393
RTM1C50,1.94,1.93,1.95,1000000.0,1000000.0,0,0,0,0,0,0,55,2026-02-04 19:01:06.792393
RTM1P50,1.99,1.99,2.01,1000000.0,1000000.0,0,0,0,0,0,0,55,2026-02-04 19:01:06.792393
RTM1C51,1.44,1.44,1.46,1000000.0,1000000.0,0,0,0,0,0,0,55,2026-02-04 19:01:06.792393
RTM1P51,2.5,2.5,2.52,1000000.0,1000000.0,0,0,0,0,0,0,55,2026-02-04 19:01:06.792393
RTM1C52,1.07,1.06,1.08,1000000.0,1000000.0,0,0,0,0,0,0,55,2026-02-04 19:01:06.792393
RTM1P52,3.13,3.12,3.14,1000000.0,1000000.0,0,0,0,0,0,0,55,2026-02-04 19:01:06.792393
RTM1C53,0.84,0.83,0.85,1000000.0,1000000.0,0,0,0,0,0,0,55,2026-02-04 19:01:06.792393
RTM1P53,3.9,3.89,3.91,1000000.0,1000000.0,0,0,0,0,0,0,55,2026-02-04 19:01:06.792393
RTM1C54,0.53,0.52,0.54,1000000.0,1000000.0,0,0,0,0,0,0,55,2026-02-04 19:01:06.792393
