ticker,last_price,bid_price,ask_price,BUY_ANON,SELL_GIOT-1,SELL_ANON,BUY_UEBR-3,BUY_GIOT-1,BUY_UBCT-2,SELL_UBCT-2,SELL_UEBR-3,tick,timestamp
RTM,0.0,0.0,0.0,0,0,0,0,0,0,0,0,0,2026-02-04 17:56:11.678804
RTM1C45,0.0,0.0,0.0,0,0,0,0,0,0,0,0,0,2026-02-04 17:56:11.678804
RTM1P45,0.0,0.0,0.0,0,0,0,0,0,0,0,0,0,2026-02-04 17:56:11.678804
RTM1C46,0.0,0.0,0.0,0,0,0,0,0,0,0,0,0,2026-02-04 17:56:11.678804
RTM1P46,0.0,0.0,0.0,0,0,0,0,0,0,0,0,0,2026-02-04 17:56:11.678804
RTM1C47,0.0,0.0,0.0,0,0,0,0,0,0,0,0,0,2026-02-04 17:56:11.678804
RTM1P47,0.0,0.0,0.0,0,0,0,0,0,0,0,0,0,2026-02-04 17:56:11.678804
RTM1C48,0.0,0.0,0.0,0,0,0,0,0,0,0,0,0,2026-02-04 17:56:11.678804
RTM1P48,0.0,0.0,0.0,0,0,0,0,0,0,0,0,0,2026-02-04 17:56:11.678804
RTM1C49,0.0,0.0,0.0,0,0,0,0,0,0,0,0,0,2026-02-04 17:56:11.678804
RTM1P49,0.0,0.0,0.0,0,0,0,0,0,0,0,0,0,2026-02-04 17:56:11.678804
RTM1C50,0.0,0.0,0.0,0,0,0,0,0,0,0,0,0,2026-02-04 17:56:11.678804
RTM1P50,0.0,0.0,0.0,0,0,0,0,0,0,0,0,0,2026-02-04 17:56:11.678804
RTM1C51,0.0,0.0,0.0,0,0,0,0,0,0,0,0,0,2026-02-04 17:56:11.678804
RTM1P51,0.0,0.0,0.0,0,0,0,0,0,0,0,0,0,2026-02-04 17:56:11.678804
RTM1C52,0.0,0.0,0.0,0,0,0,0,0,0,0,0,0,2026-02-04 17:56:11.678804
RTM1P52,0.0,0.0,0.0,0,0,0,0,0,0,0,0,0,2026-02-04 17:56:11.678804
RTM1C53,0.0,0.0,0.0,0,0,0,0,0,0,0,0,0,2026-02-04 17:56:11.678804
RTM1P53,0.0,0.0,0.0,0,0,0,0,0,0,0,0,0,2026-02-04 17:56:11.678804
RTM1C54,0.0,0.0,0.0,0,0,0,0,0,0,0,0,0,2026-02-04 17:56:11.678804
RTM1P54,0.0,0.0,0.0,0,0,0,0,0,0,0,0,0,2026-02-04 17:56:11.678804
RTM,50.0,0.0,0.0,100000000.0,100000000.0,0,0,0,0,0,0,1,2026-02-04 17:56:12.495378,2.0,1.0,1.0,Week 1,Delta limit and penalty,The delta limit for this sub-heat is 14000 and the penalty percentage is 2%
RTM1C45,5.05,0.0,0.0,1000000.0,1000000.0,0,0,0,0,0,0,1,2026-02-04 17:56:12.495378,1.0,1.0,1.0,Week 1,Risk free rate and current annualized volatility of RTM,The current risk free rate is 0%. RTM is an ETF that mimics one of the major indices in the simulated world and its current annualized realized volatility is 27%. This simulation consists of 20 trading days that are each 15 ticks in length.
RTM1P45,0.05,0.0,0.0,1000000.0,1000000.0,0,0,0,0,0,0,1,2026-02-04 17:56:12.495378,,,,,,
RTM1C46,4.1,0.0,0.0,1000000.0,1000000.0,0,0,0,0,0,0,1,2026-02-04 17:56:12.495378,,,,,,
RTM1P46,0.1,0.0,0.0,1000000.0,1000000.0,0,0,0,0,0,0,1,2026-02-04 17:56:12.495378,,,,,,
RTM1C47,3.25,0.0,0.0,1000000.0,1000000.0,0,0,0,0,0,0,1,2026-02-04 17:56:12.495378,,,,,,
RTM1P47,0.25,0.0,0.0,1000000.0,1000000.0,0,0,0,0,0,0,1,2026-02-04 17:56:12.495378,,,,,,
RTM1C48,2.45,0.0,0.0,1000000.0,1000000.0,0,0,0,0,0,0,1,2026-02-04 17:56:12.495378,,,,,,
RTM1P48,0.45,0.0,0.0,1000000.0,1000000.0,0,0,0,0,0,0,1,2026-02-04 17:56:12.495378,,,,,,
RTM1C49,1.53,0.0,0.0,1000000.0,1000000.0,0,0,0,0,0,0,1,2026-02-04 17:56:12.495378,,,,,,
RTM1P49,0.53,0.0,0.0,1000000.0,1000000.0,0,0,0,0,0,0,1,2026-02-04 17:56:12.495378,,,,,,
RTM1C50,1.2,0.0,0.0,1000000.0,1000000.0,0,0,0,0,0,0,1,2026-02-04 17:56:12.495378,,,,,,
RTM1P50,1.2,0.0,0.0,1000000.0,1000000.0,0,0,0,0,0,0,1,2026-02-04 17:56:12.495378,,,,,,
RTM1C51,0.65,0.0,0.0,1000000.0,1000000.0,0,0,0,0,0,0,1,2026-02-04 17:56:12.495378,,,,,,
RTM1P51,1.65,0.0,0.0,1000000.0,1000000.0,0,0,0,0,0,0,1,2026-02-04 17:56:12.495378,,,,,,
RTM1C52,0.38,0.0,0.0,1000000.0,1000000.0,0,0,0,0,0,0,1,2026-02-04 17:56:12.495378,,,,,,
RTM1P52,2.38,0.0,0.0,1000000.0,1000000.0,0,0,0,0,0,0,1,2026-02-04 17:56:12.495378,,,,,,
RTM1C53,0.28,0.0,0.0,1000000.0,1000000.0,0,0,0,0,0,0,1,2026-02-04 17:56:12.495378,,,,,,
RTM1P53,3.28,0.0,0.0,1000000.0,1000000.0,0,0,0,0,0,0,1,2026-02-04 17:56:12.495378,,,,,,
RTM1C54,0.15,0.0,0.0,1000000.0,1000000.0,0,0,0,0,0,0,1,2026-02-04 17:56:12.495378,,,,,,
RTM1P54,4.15,0.0,0.0,1000000.0,1000000.0,0,0,0,0,0,0,1,2026-02-04 17:56:12.495378,,,,,,
RTM,49.67,49.66,49.68,100000000.0,100000000.0,0,0,0,0,0,0,2,2026-02-04 17:56:13.199492
RTM1C45,4.73,4.72,4.74,1000000.0,1000000.0,0,0,0,0,0,0,2,2026-02-04 17:56:13.199492
RTM1P45,0.06,0.05,0.07,1000000.0,1000000.0,0,0,0,0,0,0,2,2026-02-04 17:56:13.199492
RTM1C46,3.8,3.79,3.81,1000000.0,1000000.0,0,0,0,0,0,0,2,2026-02-04 17:56:13.199492
RTM1P46,0.13,0.12,0.14,1000000.0,1000000.0,0,0,0,0,0,0,2,2026-02-04 17:56:13.199492
RTM1C47,2.94,2.93,2.95,1000000.0,1000000.0,0,0,0,0,0,0,2,2026-02-04 17:56:13.199492
RTM1P47,0.27,0.26,0.28,1000000.0,1000000.0,0,0,0,0,0,0,2,2026-02-04 17:56:13.199492
RTM1C48,2.08,2.07,2.09,1000000.0,1000000.0,0,0,0,0,0,0,2,2026-02-04 17:56:13.199492
RTM1P48,0.41,0.4,0.42,1000000.0,1000000.0,0,0,0,0,0,0,2,2026-02-04 17:56:13.199492
RTM1C49,1.54,1.53,1.55,1000000.0,1000000.0,0,0,0,0,0,0,2,2026-02-04 17:56:13.199492
RTM1P49,0.87,0.86,0.88,1000000.0,1000000.0,0,0,0,0,0,0,2,2026-02-04 17:56:13.199492
RTM1C50,0.86,0.85,0.87,1000000.0,1000000.0,0,0,0,0,0,0,2,2026-02-04 17:56:13.199492
RTM1P50,1.19,1.18,1.2,1000000.0,1000000.0,0,0,0,0,0,0,2,2026-02-04 17:56:13.199492
RTM1C51,0.67,0.66,0.68,1000000.0,1000000.0,0,0,0,0,0,0,2,2026-02-04 17:56:13.199492
RTM1P51,2.0,1.99,2.01,1000000.0,1000000.0,0,0,0,0,0,0,2,2026-02-04 17:56:13.199492
RTM1C52,0.32,0.31,0.33,1000000.0,1000000.0,0,0,0,0,0,0,2,2026-02-04 17:56:13.199492
RTM1P52,2.65,2.64,2.66,1000000.0,1000000.0,0,0,0,0,0,0,2,2026-02-04 17:56:13.199492
RTM1C53,0.17,0.16,0.18,1000000.0,1000000.0,0,0,0,0,0,0,2,2026-02-04 17:56:13.199492
RTM1P53,3.5,3.49,3.51,1000000.0,1000000.0,0,0,0,0,0,0,2,2026-02-04 17:56:13.199492
RTM1C54,0.11,0.1,0.12,1000000.0,1000000.0,0,0,0,0,0,0,2,2026-02-04 17:56:13.199492
RTM1P54,4.44,4.43,4.45,1000000.0,1000000.0,0,0,0,0,0,0,2,2026-02-04 17:56:13.199492
RTM,49.51,49.5,49.52,100000000.0,100000000.0,0,0,0,0,0,0,3,2026-02-04 17:56:14.345874
RTM1C45,4.52,4.52,4.54,1000000.0,1000000.0,0,0,0,0,0,0,3,2026-02-04 17:56:14.345874
RTM1P45,0.02,0.01,0.03,1000000.0,1000000.0,0,0,0,0,0,0,3,2026-02-04 17:56:14.345874
RTM1C46,3.61,3.6,3.62,1000000.0,1000000.0,0,0,0,0,0,0,3,2026-02-04 17:56:14.345874
RTM1P46,0.11,0.1,0.12,1000000.0,1000000.0,0,0,0,0,0,0,3,2026-02-04 17:56:14.345874
RTM1C47,2.77,2.76,2.78,1000000.0,1000000.0,0,0,0,0,0,0,3,2026-02-04 17:56:14.345874
RTM1P47,0.26,0.25,0.27,1000000.0,1000000.0,0,0,0,0,0,0,3,2026-02-04 17:56:14.345874
RTM1C48,2.12,2.11,2.13,1000000.0,1000000.0,0,0,0,0,0,0,3,2026-02-04 17:56:14.345874
RTM1P48,0.61,0.6,0.62,1000000.0,1000000.0,0,0,0,0,0,0,3,2026-02-04 17:56:14.345874
RTM1C49,1.4,1.39,1.41,1000000.0,1000000.0,0,0,0,0,0,0,3,2026-02-04 17:56:14.345874
RTM1P49,0.9,0.89,0.91,1000000.0,1000000.0,0,0,0,0,0,0,3,2026-02-04 17:56:14.345874
RTM1C50,0.91,0.89,0.91,1000000.0,1000000.0,0,0,0,0,0,0,3,2026-02-04 17:56:14.345874
RTM1P50,1.39,1.38,1.4,1000000.0,1000000.0,0,0,0,0,0,0,3,2026-02-04 17:56:14.345874
RTM1C51,0.49,0.48,0.5,1000000.0,1000000.0,0,0,0,0,0,0,3,2026-02-04 17:56:14.345874
RTM1P51,1.99,1.98,2.0,1000000.0,1000000.0,0,0,0,0,0,0,3,2026-02-04 17:56:14.345874
RTM1C52,0.31,0.3,0.32,1000000.0,1000000.0,0,0,0,0,0,0,3,2026-02-04 17:56:14.345874
RTM1P52,2.8,2.79,2.81,1000000.0,1000000.0,0,0,0,0,0,0,3,2026-02-04 17:56:14.345874
RTM1C53,0.1,0.09,0.11,1000000.0,1000000.0,0,0,0,0,0,0,3,2026-02-04 17:56:14.345874
RTM1P53,3.6,3.59,3.61,1000000.0,1000000.0,0,0,0,0,0,0,3,2026-02-04 17:56:14.345874
RTM1C54,0.1,0.09,0.11,1000000.0,1000000.0,0,0,0,0,0,0,3,2026-02-04 17:56:14.345874
RTM1P54,4.59,4.58,4.6,1000000.0,1000000.0,0,0,0,0,0,0,3,2026-02-04 17:56:14.345874
RTM,49.18,49.17,49.19,100000000.0,100000000.0,0,0,0,0,0,0,4,2026-02-04 17:56:15.445476
RTM1C45,4.23,4.22,4.24,1000000.0,1000000.0,0,0,0,0,0,0,4,2026-02-04 17:56:15.445476
RTM1P45,0.05,0.04,0.06,1000000.0,1000000.0,0,0,0,0,0,0,4,2026-02-04 17:56:15.445476
RTM1C46,3.37,3.36,3.38,1000000.0,1000000.0,0,0,0,0,0,0,4,2026-02-04 17:56:15.445476
RTM1P46,0.18,0.17,0.19,1000000.0,1000000.0,0,0,0,0,0,0,4,2026-02-04 17:56:15.445476
RTM1C47,2.53,2.52,2.54,1000000.0,1000000.0,0,0,0,0,0,0,4,2026-02-04 17:56:15.445476
RTM1P47,0.34,0.33,0.35,1000000.0,1000000.0,0,0,0,0,0,0,4,2026-02-04 17:56:15.445476
RTM1C48,1.73,1.72,1.74,1000000.0,1000000.0,0,0,0,0,0,0,4,2026-02-04 17:56:15.445476
RTM1P48,0.55,0.54,0.56,1000000.0,1000000.0,0,0,0,0,0,0,4,2026-02-04 17:56:15.445476
RTM1C49,1.06,1.05,1.07,1000000.0,1000000.0,0,0,0,0,0,0,4,2026-02-04 17:56:15.445476
RTM1P49,0.87,0.86,0.88,1000000.0,1000000.0,0,0,0,0,0,0,4,2026-02-04 17:56:15.445476
RTM1C50,0.71,0.7,0.72,1000000.0,1000000.0,0,0,0,0,0,0,4,2026-02-04 17:56:15.445476
RTM1P50,1.53,1.52,1.54,1000000.0,1000000.0,0,0,0,0,0,0,4,2026-02-04 17:56:15.445476
RTM1C51,0.51,0.5,0.52,1000000.0,1000000.0,0,0,0,0,0,0,4,2026-02-04 17:56:15.445476
RTM1P51,2.33,2.32,2.34,1000000.0,1000000.0,0,0,0,0,0,0,4,2026-02-04 17:56:15.445476
RTM1C52,0.3,0.29,0.31,1000000.0,1000000.0,0,0,0,0,0,0,4,2026-02-04 17:56:15.445476
RTM1P52,3.11,3.1,3.12,1000000.0,1000000.0,0,0,0,0,0,0,4,2026-02-04 17:56:15.445476
RTM1C53,0.09,0.08,0.1,1000000.0,1000000.0,0,0,0,0,0,0,4,2026-02-04 17:56:15.445476
RTM1P53,3.91,3.9,3.92,1000000.0,1000000.0,0,0,0,0,0,0,4,2026-02-04 17:56:15.445476
RTM1C54,0.07,0.06,0.08,1000000.0,1000000.0,0,0,0,0,0,0,4,2026-02-04 17:56:15.445476
RTM1P54,4.89,4.88,4.9,1000000.0,1000000.0,0,0,0,0,0,0,4,2026-02-04 17:56:15.445476
RTM,48.83,48.82,48.84,100000000.0,100000000.0,0,0,0,0,0,0,5,2026-02-04 17:56:16.530876
RTM1C45,3.93,3.92,3.94,1000000.0,1000000.0,0,0,0,0,0,0,5,2026-02-04 17:56:16.530876
RTM1P45,0.1,0.09,0.11,1000000.0,1000000.0,0,0,0,0,0,0,5,2026-02-04 17:56:16.530876
RTM1C46,3.05,3.04,3.06,1000000.0,1000000.0,0,0,0,0,0,0,5,2026-02-04 17:56:16.530876
RTM1P46,0.22,0.21,0.23,1000000.0,1000000.0,0,0,0,0,0,0,5,2026-02-04 17:56:16.530876
RTM1C47,2.14,2.13,2.15,1000000.0,1000000.0,0,0,0,0,0,0,5,2026-02-04 17:56:16.530876
RTM1P47,0.31,0.3,0.32,1000000.0,1000000.0,0,0,0,0,0,0,5,2026-02-04 17:56:16.530876
RTM1C48,1.68,1.67,1.69,1000000.0,1000000.0,0,0,0,0,0,0,5,2026-02-04 17:56:16.530876
RTM1P48,0.85,0.84,0.86,1000000.0,1000000.0,0,0,0,0,0,0,5,2026-02-04 17:56:16.530876
RTM1C49,0.87,0.86,0.88,1000000.0,1000000.0,0,0,0,0,0,0,5,2026-02-04 17:56:16.530876
RTM1P49,1.05,1.03,1.05,1000000.0,1000000.0,0,0,0,0,0,0,5,2026-02-04 17:56:16.530876
RTM1C50,0.61,0.6,0.62,1000000.0,1000000.0,0,0,0,0,0,0,5,2026-02-04 17:56:16.530876
RTM1P50,1.78,1.77,1.79,1000000.0,1000000.0,0,0,0,0,0,0,5,2026-02-04 17:56:16.530876
RTM1C51,0.34,0.33,0.35,1000000.0,1000000.0,0,0,0,0,0,0,5,2026-02-04 17:56:16.530876
RTM1P51,2.51,2.5,2.52,1000000.0,1000000.0,0,0,0,0,0,0,5,2026-02-04 17:56:16.530876
RTM1C52,0.15,0.14,0.16,1000000.0,1000000.0,0,0,0,0,0,0,5,2026-02-04 17:56:16.530876
RTM1P52,3.32,3.31,3.33,1000000.0,1000000.0,0,0,0,0,0,0,5,2026-02-04 17:56:16.530876
RTM1C53,0.05,0.04,0.06,1000000.0,1000000.0,0,0,0,0,0,0,5,2026-02-04 17:56:16.530876
RTM1P53,4.22,4.21,4.23,1000000.0,1000000.0,0,0,0,0,0,0,5,2026-02-04 17:56:16.530876
RTM1C54,0.05,0.04,0.06,1000000.0,1000000.0,0,0,0,0,0,0,5,2026-02-04 17:56:16.530876
RTM1P54,5.22,5.21,5.23,1000000.0,1000000.0,0,0,0,0,0,0,5,2026-02-04 17:56:16.530876
RTM,48.89,48.88,48.9,100000000.0,100000000.0,0,0,0,0,0,0,6,2026-02-04 17:56:17.112096
RTM1C45,3.97,3.96,3.98,1000000.0,1000000.0,0,0,0,0,0,0,6,2026-02-04 17:56:17.112096
RTM1P45,0.08,0.07,0.09,1000000.0,1000000.0,0,0,0,0,0,0,6,2026-02-04 17:56:17.112096
RTM1C46,3.1,3.09,3.11,1000000.0,1000000.0,0,0,0,0,0,0,6,2026-02-04 17:56:17.112096
RTM1P46,0.21,0.2,0.22,1000000.0,1000000.0,0,0,0,0,0,0,6,2026-02-04 17:56:17.112096
RTM1C47,2.18,2.17,2.19,1000000.0,1000000.0,0,0,0,0,0,0,6,2026-02-04 17:56:17.112096
RTM1P47,0.29,0.28,0.3,1000000.0,1000000.0,0,0,0,0,0,0,6,2026-02-04 17:56:17.112096
RTM1C48,1.68,1.67,1.69,1000000.0,1000000.0,0,0,0,0,0,0,6,2026-02-04 17:56:17.112096
RTM1P48,0.79,0.78,0.8,1000000.0,1000000.0,0,0,0,0,0,0,6,2026-02-04 17:56:17.112096
RTM1C49,1.0,0.99,1.01,1000000.0,1000000.0,0,0,0,0,0,0,6,2026-02-04 17:56:17.112096
RTM1P49,1.11,1.1,1.12,1000000.0,1000000.0,0,0,0,0,0,0,6,2026-02-04 17:56:17.112096
RTM1C50,0.68,0.67,0.69,1000000.0,1000000.0,0,0,0,0,0,0,6,2026-02-04 17:56:17.112096
RTM1P50,1.79,1.78,1.8,1000000.0,1000000.0,0,0,0,0,0,0,6,2026-02-04 17:56:17.112096
RTM1C51,0.31,0.3,0.32,1000000.0,1000000.0,0,0,0,0,0,0,6,2026-02-04 17:56:17.112096
RTM1P51,2.42,2.41,2.43,1000000.0,1000000.0,0,0,0,0,0,0,6,2026-02-04 17:56:17.112096
RTM1C52,0.26,0.25,0.27,1000000.0,1000000.0,0,0,0,0,0,0,6,2026-02-04 17:56:17.112096
RTM1P52,3.37,3.36,3.38,1000000.0,1000000.0,0,0,0,0,0,0,6,2026-02-04 17:56:17.112096
RTM1C53,0.12,0.11,0.13,1000000.0,1000000.0,0,0,0,0,0,0,6,2026-02-04 17:56:17.112096
RTM1P53,4.23,4.22,4.24,1000000.0,1000000.0,0,0,0,0,0,0,6,2026-02-04 17:56:17.112096
RTM1C54,0.02,0.01,0.03,1000000.0,1000000.0,0,0,0,0,0,0,6,2026-02-04 17:56:17.112096
RTM1P54,5.13,5.12,5.14,1000000.0,1000000.0,0,0,0,0,0,0,6,2026-02-04 17:56:17.112096
RTM,48.82,48.81,48.83,100000000.0,100000000.0,0,0,0,0,0,0,7,2026-02-04 17:56:18.194188
RTM1C45,3.92,3.91,3.93,1000000.0,1000000.0,0,0,0,0,0,0,7,2026-02-04 17:56:18.194188
RTM1P45,0.09,0.08,0.1,1000000.0,1000000.0,0,0,0,0,0,0,7,2026-02-04 17:56:18.194188
RTM1C46,2.96,2.95,2.97,1000000.0,1000000.0,0,0,0,0,0,0,7,2026-02-04 17:56:18.194188
RTM1P46,0.14,0.13,0.15,1000000.0,1000000.0,0,0,0,0,0,0,7,2026-02-04 17:56:18.194188
RTM1C47,2.3,2.29,2.31,1000000.0,1000000.0,0,0,0,0,0,0,7,2026-02-04 17:56:18.194188
RTM1P47,0.48,0.47,0.49,1000000.0,1000000.0,0,0,0,0,0,0,7,2026-02-04 17:56:18.194188
RTM1C48,1.55,1.54,1.56,1000000.0,1000000.0,0,0,0,0,0,0,7,2026-02-04 17:56:18.194188
RTM1P48,0.73,0.72,0.74,1000000.0,1000000.0,0,0,0,0,0,0,7,2026-02-04 17:56:18.194188
RTM1C49,0.96,0.95,0.97,1000000.0,1000000.0,0,0,0,0,0,0,7,2026-02-04 17:56:18.194188
RTM1P49,1.14,1.13,1.15,1000000.0,1000000.0,0,0,0,0,0,0,7,2026-02-04 17:56:18.194188
RTM1C50,0.57,0.56,0.58,1000000.0,1000000.0,0,0,0,0,0,0,7,2026-02-04 17:56:18.194188
RTM1P50,1.75,1.74,1.76,1000000.0,1000000.0,0,0,0,0,0,0,7,2026-02-04 17:56:18.194188
RTM1C51,0.26,0.25,0.27,1000000.0,1000000.0,0,0,0,0,0,0,7,2026-02-04 17:56:18.194188
RTM1P51,2.43,2.42,2.44,1000000.0,1000000.0,0,0,0,0,0,0,7,2026-02-04 17:56:18.194188
RTM1C52,0.24,0.23,0.25,1000000.0,1000000.0,0,0,0,0,0,0,7,2026-02-04 17:56:18.194188
RTM1P52,3.42,3.41,3.43,1000000.0,1000000.0,0,0,0,0,0,0,7,2026-02-04 17:56:18.194188
RTM1C53,0.12,0.11,0.13,1000000.0,1000000.0,0,0,0,0,0,0,7,2026-02-04 17:56:18.194188
RTM1P53,4.3,4.29,4.31,1000000.0,1000000.0,0,0,0,0,0,0,7,2026-02-04 17:56:18.194188
RTM1C54,0.06,0.05,0.07,1000000.0,1000000.0,0,0,0,0,0,0,7,2026-02-04 17:56:18.194188
RTM1P54,5.24,5.23,5.25,1000000.0,1000000.0,0,0,0,0,0,0,7,2026-02-04 17:56:18.194188
RTM,48.78,48.77,48.79,100000000.0,100000000.0,0,0,0,0,0,0,8,2026-02-04 17:56:19.269337
RTM1C45,3.83,3.82,3.84,1000000.0,1000000.0,0,0,0,0,0,0,8,2026-02-04 17:56:19.269337
RTM1P45,0.05,0.04,0.06,1000000.0,1000000.0,0,0,0,0,0,0,8,2026-02-04 17:56:19.269337
RTM1C46,2.96,2.95,2.97,1000000.0,1000000.0,0,0,0,0,0,0,8,2026-02-04 17:56:19.269337
RTM1P46,0.18,0.17,0.19,1000000.0,1000000.0,0,0,0,0,0,0,8,2026-02-04 17:56:19.269337
RTM1C47,2.23,2.22,2.24,1000000.0,1000000.0,0,0,0,0,0,0,8,2026-02-04 17:56:19.269337
RTM1P47,0.45,0.44,0.46,1000000.0,1000000.0,0,0,0,0,0,0,8,2026-02-04 17:56:19.269337
RTM1C48,1.6,1.59,1.61,1000000.0,1000000.0,0,0,0,0,0,0,8,2026-02-04 17:56:19.269337
RTM1P48,0.82,0.81,0.83,1000000.0,1000000.0,0,0,0,0,0,0,8,2026-02-04 17:56:19.269337
RTM1C49,0.92,0.91,0.93,1000000.0,1000000.0,0,0,0,0,0,0,8,2026-02-04 17:56:19.269337
RTM1P49,1.14,1.13,1.15,1000000.0,1000000.0,0,0,0,0,0,0,8,2026-02-04 17:56:19.269337
RTM1C50,0.65,0.64,0.66,1000000.0,1000000.0,0,0,0,0,0,0,8,2026-02-04 17:56:19.269337
RTM1P50,1.87,1.86,1.88,1000000.0,1000000.0,0,0,0,0,0,0,8,2026-02-04 17:56:19.269337
RTM1C51,0.44,0.43,0.45,1000000.0,1000000.0,0,0,0,0,0,0,8,2026-02-04 17:56:19.269337
RTM1P51,2.66,2.65,2.67,1000000.0,1000000.0,0,0,0,0,0,0,8,2026-02-04 17:56:19.269337
RTM1C52,0.21,0.2,0.22,1000000.0,1000000.0,0,0,0,0,0,0,8,2026-02-04 17:56:19.269337
RTM1P52,3.43,3.42,3.44,1000000.0,1000000.0,0,0,0,0,0,0,8,2026-02-04 17:56:19.269337
RTM1C53,0.12,0.11,0.13,1000000.0,1000000.0,0,0,0,0,0,0,8,2026-02-04 17:56:19.269337
RTM1P53,4.34,4.33,4.35,1000000.0,1000000.0,0,0,0,0,0,0,8,2026-02-04 17:56:19.269337
RTM1C54,0.07,0.06,0.08,1000000.0,1000000.0,0,0,0,0,0,0,8,2026-02-04 17:56:19.269337
RTM1P54,5.29,5.28,5.3,1000000.0,1000000.0,0,0,0,0,0,0,8,2026-02-04 17:56:19.269337
RTM,48.72,48.71,48.73,100000000.0,100000000.0,0,0,0,0,0,0,9,2026-02-04 17:56:20.364139
RTM1C45,3.8,3.79,3.81,1000000.0,1000000.0,0,0,0,0,0,0,9,2026-02-04 17:56:20.364139
RTM1P45,0.08,0.07,0.09,1000000.0,1000000.0,0,0,0,0,0,0,9,2026-02-04 17:56:20.364139
RTM1C46,2.94,2.93,2.95,1000000.0,1000000.0,0,0,0,0,0,0,9,2026-02-04 17:56:20.364139
RTM1P46,0.23,0.22,0.24,1000000.0,1000000.0,0,0,0,0,0,0,9,2026-02-04 17:56:20.364139
RTM1C47,2.23,2.22,2.24,1000000.0,1000000.0,0,0,0,0,0,0,9,2026-02-04 17:56:20.364139
RTM1P47,0.51,0.5,0.52,1000000.0,1000000.0,0,0,0,0,0,0,9,2026-02-04 17:56:20.364139
RTM1C48,1.4,1.39,1.41,1000000.0,1000000.0,0,0,0,0,0,0,9,2026-02-04 17:56:20.364139
RTM1P48,0.69,0.68,0.7,1000000.0,1000000.0,0,0,0,0,0,0,9,2026-02-04 17:56:20.364139
RTM1C49,1.06,1.05,1.07,1000000.0,1000000.0,0,0,0,0,0,0,9,2026-02-04 17:56:20.364139
RTM1P49,1.35,1.34,1.36,1000000.0,1000000.0,0,0,0,0,0,0,9,2026-02-04 17:56:20.364139
RTM1C50,0.62,0.61,0.63,1000000.0,1000000.0,0,0,0,0,0,0,9,2026-02-04 17:56:20.364139
RTM1P50,1.9,1.89,1.91,1000000.0,1000000.0,0,0,0,0,0,0,9,2026-02-04 17:56:20.364139
RTM1C51,0.32,0.31,0.33,1000000.0,1000000.0,0,0,0,0,0,0,9,2026-02-04 17:56:20.364139
RTM1P51,2.6,2.59,2.61,1000000.0,1000000.0,0,0,0,0,0,0,9,2026-02-04 17:56:20.364139
RTM1C52,0.17,0.16,0.18,1000000.0,1000000.0,0,0,0,0,0,0,9,2026-02-04 17:56:20.364139
RTM1P52,3.46,3.45,3.47,1000000.0,1000000.0,0,0,0,0,0,0,9,2026-02-04 17:56:20.364139
RTM1C53,0.08,0.07,0.09,1000000.0,1000000.0,0,0,0,0,0,0,9,2026-02-04 17:56:20.364139
RTM1P53,4.36,4.35,4.37,1000000.0,1000000.0,0,0,0,0,0,0,9,2026-02-04 17:56:20.364139
RTM1C54,0.02,0.01,0.03,1000000.0,1000000.0,0,0,0,0,0,0,9,2026-02-04 17:56:20.364139
RTM1P54,5.31,5.3,5.32,1000000.0,1000000.0,0,0,0,0,0,0,9,2026-02-04 17:56:20.364139
RTM,49.23,49.22,49.24,100000000.0,100000000.0,0,0,0,0,0,0,10,2026-02-04 17:56:21.493656
RTM1C45,4.27,4.26,4.28,1000000.0,1000000.0,0,0,0,0,0,0,10,2026-02-04 17:56:21.493656
RTM1P45,0.04,0.03,0.05,1000000.0,1000000.0,0,0,0,0,0,0,10,2026-02-04 17:56:21.493656
RTM1C46,3.44,3.43,3.45,1000000.0,1000000.0,0,0,0,0,0,0,10,2026-02-04 17:56:21.493656
RTM1P46,0.21,0.2,0.22,1000000.0,1000000.0,0,0,0,0,0,0,10,2026-02-04 17:56:21.493656
RTM1C47,2.55,2.54,2.56,1000000.0,1000000.0,0,0,0,0,0,0,10,2026-02-04 17:56:21.493656
RTM1P47,0.32,0.31,0.33,1000000.0,1000000.0,0,0,0,0,0,0,10,2026-02-04 17:56:21.493656
RTM1C48,1.83,1.82,1.84,1000000.0,1000000.0,0,0,0,0,0,0,10,2026-02-04 17:56:21.493656
RTM1P48,0.61,0.59,0.61,1000000.0,1000000.0,0,0,0,0,0,0,10,2026-02-04 17:56:21.493656
RTM1C49,1.3,1.29,1.31,1000000.0,1000000.0,0,0,0,0,0,0,10,2026-02-04 17:56:21.493656
RTM1P49,1.07,1.06,1.08,1000000.0,1000000.0,0,0,0,0,0,0,10,2026-02-04 17:56:21.493656
RTM1C50,0.75,0.74,0.76,1000000.0,1000000.0,0,0,0,0,0,0,10,2026-02-04 17:56:21.493656
RTM1P50,1.52,1.51,1.53,1000000.0,1000000.0,0,0,0,0,0,0,10,2026-02-04 17:56:21.493656
RTM1C51,0.43,0.42,0.44,1000000.0,1000000.0,0,0,0,0,0,0,10,2026-02-04 17:56:21.493656
RTM1P51,2.21,2.2,2.22,1000000.0,1000000.0,0,0,0,0,0,0,10,2026-02-04 17:56:21.493656
RTM1C52,0.32,0.31,0.33,1000000.0,1000000.0,0,0,0,0,0,0,10,2026-02-04 17:56:21.493656
RTM1P52,3.09,3.08,3.1,1000000.0,1000000.0,0,0,0,0,0,0,10,2026-02-04 17:56:21.493656
RTM1C53,0.13,0.12,0.14,1000000.0,1000000.0,0,0,0,0,0,0,10,2026-02-04 17:56:21.493656
RTM1P53,3.91,3.9,3.92,1000000.0,1000000.0,0,0,0,0,0,0,10,2026-02-04 17:56:21.493656
RTM1C54,0.07,0.06,0.08,1000000.0,1000000.0,0,0,0,0,0,0,10,2026-02-04 17:56:21.493656
RTM1P54,4.84,4.84,4.86,1000000.0,1000000.0,0,0,0,0,0,0,10,2026-02-04 17:56:21.493656
RTM,49.02,49.01,49.03,100000000.0,100000000.0,0,0,0,0,0,0,11,2026-02-04 17:56:22.169414
RTM1C45,4.13,4.12,4.14,1000000.0,1000000.0,0,0,0,0,0,0,11,2026-02-04 17:56:22.169414
RTM1P45,0.11,0.1,0.12,1000000.0,1000000.0,0,0,0,0,0,0,11,2026-02-04 17:56:22.169414
RTM1C46,3.24,3.23,3.25,1000000.0,1000000.0,0,0,0,0,0,0,11,2026-02-04 17:56:22.169414
RTM1P46,0.22,0.21,0.23,1000000.0,1000000.0,0,0,0,0,0,0,11,2026-02-04 17:56:22.169414
RTM1C47,2.42,2.41,2.43,1000000.0,1000000.0,0,0,0,0,0,0,11,2026-02-04 17:56:22.169414
RTM1P47,0.4,0.39,0.41,1000000.0,1000000.0,0,0,0,0,0,0,11,2026-02-04 17:56:22.169414
RTM1C48,1.6,1.59,1.61,1000000.0,1000000.0,0,0,0,0,0,0,11,2026-02-04 17:56:22.169414
RTM1P48,0.58,0.57,0.59,1000000.0,1000000.0,0,0,0,0,0,0,11,2026-02-04 17:56:22.169414
RTM1C49,1.06,1.05,1.07,1000000.0,1000000.0,0,0,0,0,0,0,11,2026-02-04 17:56:22.169414
RTM1P49,1.03,1.02,1.04,1000000.0,1000000.0,0,0,0,0,0,0,11,2026-02-04 17:56:22.169414
RTM1C50,0.72,0.71,0.73,1000000.0,1000000.0,0,0,0,0,0,0,11,2026-02-04 17:56:22.169414
RTM1P50,1.7,1.69,1.71,1000000.0,1000000.0,0,0,0,0,0,0,11,2026-02-04 17:56:22.169414
RTM1C51,0.42,0.41,0.43,1000000.0,1000000.0,0,0,0,0,0,0,11,2026-02-04 17:56:22.169414
RTM1P51,2.39,2.38,2.4,1000000.0,1000000.0,0,0,0,0,0,0,11,2026-02-04 17:56:22.169414
RTM1C52,0.24,0.23,0.25,1000000.0,1000000.0,0,0,0,0,0,0,11,2026-02-04 17:56:22.169414
RTM1P52,3.21,3.2,3.22,1000000.0,1000000.0,0,0,0,0,0,0,11,2026-02-04 17:56:22.169414
RTM1C53,0.14,0.13,0.15,1000000.0,1000000.0,0,0,0,0,0,0,11,2026-02-04 17:56:22.169414
RTM1P53,4.12,4.11,4.13,1000000.0,1000000.0,0,0,0,0,0,0,11,2026-02-04 17:56:22.169414
RTM1C54,0.07,0.06,0.08,1000000.0,1000000.0,0,0,0,0,0,0,11,2026-02-04 17:56:22.169414
RTM1P54,5.04,5.03,5.05,1000000.0,1000000.0,0,0,0,0,0,0,11,2026-02-04 17:56:22.169414
RTM,48.86,48.85,48.87,100000000.0,100000000.0,0,0,0,0,0,0,12,2026-02-04 17:56:23.355808
RTM1C45,3.99,3.98,4.0,1000000.0,1000000.0,0,0,0,0,0,0,12,2026-02-04 17:56:23.355808
RTM1P45,0.13,0.12,0.14,1000000.0,1000000.0,0,0,0,0,0,0,12,2026-02-04 17:56:23.355808
RTM1C46,3.13,3.12,3.14,1000000.0,1000000.0,0,0,0,0,0,0,12,2026-02-04 17:56:23.355808
RTM1P46,0.27,0.26,0.28,1000000.0,1000000.0,0,0,0,0,0,0,12,2026-02-04 17:56:23.355808
RTM1C47,2.31,2.3,2.32,1000000.0,1000000.0,0,0,0,0,0,0,12,2026-02-04 17:56:23.355808
RTM1P47,0.45,0.44,0.46,1000000.0,1000000.0,0,0,0,0,0,0,12,2026-02-04 17:56:23.355808
RTM1C48,1.6,1.59,1.61,1000000.0,1000000.0,0,0,0,0,0,0,12,2026-02-04 17:56:23.355808
RTM1P48,0.75,0.74,0.76,1000000.0,1000000.0,0,0,0,0,0,0,12,2026-02-04 17:56:23.355808
RTM1C49,1.09,1.08,1.1,1000000.0,1000000.0,0,0,0,0,0,0,12,2026-02-04 17:56:23.355808
RTM1P49,1.23,1.22,1.24,1000000.0,1000000.0,0,0,0,0,0,0,12,2026-02-04 17:56:23.355808
RTM1C50,0.62,0.61,0.63,1000000.0,1000000.0,0,0,0,0,0,0,12,2026-02-04 17:56:23.355808
RTM1P50,1.76,1.75,1.77,1000000.0,1000000.0,0,0,0,0,0,0,12,2026-02-04 17:56:23.355808
RTM1C51,0.47,0.46,0.48,1000000.0,1000000.0,0,0,0,0,0,0,12,2026-02-04 17:56:23.355808
RTM1P51,2.61,2.6,2.62,1000000.0,1000000.0,0,0,0,0,0,0,12,2026-02-04 17:56:23.355808
RTM1C52,0.16,0.15,0.17,1000000.0,1000000.0,0,0,0,0,0,0,12,2026-02-04 17:56:23.355808
RTM1P52,3.3,3.29,3.31,1000000.0,1000000.0,0,0,0,0,0,0,12,2026-02-04 17:56:23.355808
RTM1C53,0.08,0.07,0.09,1000000.0,1000000.0,0,0,0,0,0,0,12,2026-02-04 17:56:23.355808
RTM1P53,4.23,4.22,4.24,1000000.0,1000000.0,0,0,0,0,0,0,12,2026-02-04 17:56:23.355808
RTM1C54,0.05,0.04,0.06,1000000.0,1000000.0,0,0,0,0,0,0,12,2026-02-04 17:56:23.355808
RTM1P54,5.2,5.19,5.21,1000000.0,1000000.0,0,0,0,0,0,0,12,2026-02-04 17:56:23.355808
RTM,48.88,48.87,48.89,100000000.0,100000000.0,0,0,0,0,0,0,13,2026-02-04 17:56:24.427703
RTM1C45,3.94,3.93,3.95,1000000.0,1000000.0,0,0,0,0,0,0,13,2026-02-04 17:56:24.427703
RTM1P45,0.06,0.05,0.07,1000000.0,1000000.0,0,0,0,0,0,0,13,2026-02-04 17:56:24.427703
RTM1C46,3.05,3.04,3.06,1000000.0,1000000.0,0,0,0,0,0,0,13,2026-02-04 17:56:24.427703
RTM1P46,0.17,0.16,0.18,1000000.0,1000000.0,0,0,0,0,0,0,13,2026-02-04 17:56:24.427703
RTM1C47,2.33,2.32,2.34,1000000.0,1000000.0,0,0,0,0,0,0,13,2026-02-04 17:56:24.427703
RTM1P47,0.45,0.44,0.46,1000000.0,1000000.0,0,0,0,0,0,0,13,2026-02-04 17:56:24.427703
RTM1C48,1.62,1.61,1.63,1000000.0,1000000.0,0,0,0,0,0,0,13,2026-02-04 17:56:24.427703
RTM1P48,0.74,0.73,0.75,1000000.0,1000000.0,0,0,0,0,0,0,13,2026-02-04 17:56:24.427703
RTM1C49,0.96,0.95,0.97,1000000.0,1000000.0,0,0,0,0,0,0,13,2026-02-04 17:56:24.427703
RTM1P49,1.08,1.07,1.09,1000000.0,1000000.0,0,0,0,0,0,0,13,2026-02-04 17:56:24.427703
RTM1C50,0.67,0.66,0.68,1000000.0,1000000.0,0,0,0,0,0,0,13,2026-02-04 17:56:24.427703
RTM1P50,1.79,1.78,1.8,1000000.0,1000000.0,0,0,0,0,0,0,13,2026-02-04 17:56:24.427703
RTM1C51,0.38,0.37,0.39,1000000.0,1000000.0,0,0,0,0,0,0,13,2026-02-04 17:56:24.427703
RTM1P51,2.5,2.49,2.51,1000000.0,1000000.0,0,0,0,0,0,0,13,2026-02-04 17:56:24.427703
RTM1C52,0.25,0.24,0.26,1000000.0,1000000.0,0,0,0,0,0,0,13,2026-02-04 17:56:24.427703
RTM1P52,3.37,3.36,3.38,1000000.0,1000000.0,0,0,0,0,0,0,13,2026-02-04 17:56:24.427703
RTM1C53,0.11,0.1,0.12,1000000.0,1000000.0,0,0,0,0,0,0,13,2026-02-04 17:56:24.427703
RTM1P53,4.23,4.22,4.24,1000000.0,1000000.0,0,0,0,0,0,0,13,2026-02-04 17:56:24.427703
RTM1C54,0.04,0.03,0.05,1000000.0,1000000.0,0,0,0,0,0,0,13,2026-02-04 17:56:24.427703
RTM1P54,5.16,5.15,5.17,1000000.0,1000000.0,0,0,0,0,0,0,13,2026-02-04 17:56:24.427703
RTM,49.4,49.39,49.41,100000000.0,100000000.0,0,0,0,0,0,0,14,2026-02-04 17:56:25.521936
RTM1C45,4.49,4.48,4.5,1000000.0,1000000.0,0,0,0,0,0,0,14,2026-02-04 17:56:25.521936
RTM1P45,0.09,0.08,0.1,1000000.0,1000000.0,0,0,0,0,0,0,14,2026-02-04 17:56:25.521936
RTM1C46,3.51,3.5,3.52,1000000.0,1000000.0,0,0,0,0,0,0,14,2026-02-04 17:56:25.521936
RTM1P46,0.11,0.1,0.12,1000000.0,1000000.0,0,0,0,0,0,0,14,2026-02-04 17:56:25.521936
RTM1C47,2.77,2.76,2.78,1000000.0,1000000.0,0,0,0,0,0,0,14,2026-02-04 17:56:25.521936
RTM1P47,0.37,0.36,0.38,1000000.0,1000000.0,0,0,0,0,0,0,14,2026-02-04 17:56:25.521936
RTM1C48,1.93,1.92,1.94,1000000.0,1000000.0,0,0,0,0,0,0,14,2026-02-04 17:56:25.521936
RTM1P48,0.53,0.52,0.54,1000000.0,1000000.0,0,0,0,0,0,0,14,2026-02-04 17:56:25.521936
RTM1C49,1.43,1.42,1.44,1000000.0,1000000.0,0,0,0,0,0,0,14,2026-02-04 17:56:25.521936
RTM1P49,1.03,1.02,1.04,1000000.0,1000000.0,0,0,0,0,0,0,14,2026-02-04 17:56:25.521936
RTM1C50,0.97,0.96,0.98,1000000.0,1000000.0,0,0,0,0,0,0,14,2026-02-04 17:56:25.521936
RTM1P50,1.57,1.56,1.58,1000000.0,1000000.0,0,0,0,0,0,0,14,2026-02-04 17:56:25.521936
RTM1C51,0.45,0.44,0.46,1000000.0,1000000.0,0,0,0,0,0,0,14,2026-02-04 17:56:25.521936
RTM1P51,2.05,2.04,2.06,1000000.0,1000000.0,0,0,0,0,0,0,14,2026-02-04 17:56:25.521936
RTM1C52,0.27,0.26,0.28,1000000.0,1000000.0,0,0,0,0,0,0,14,2026-02-04 17:56:25.521936
RTM1P52,2.87,2.86,2.88,1000000.0,1000000.0,0,0,0,0,0,0,14,2026-02-04 17:56:25.521936
RTM1C53,0.14,0.13,0.15,1000000.0,1000000.0,0,0,0,0,0,0,14,2026-02-04 17:56:25.521936
RTM1P53,3.74,3.73,3.75,1000000.0,1000000.0,0,0,0,0,0,0,14,2026-02-04 17:56:25.521936
RTM1C54,0.06,0.05,0.07,1000000.0,1000000.0,0,0,0,0,0,0,14,2026-02-04 17:56:25.521936
RTM1P54,4.66,4.65,4.67,1000000.0,1000000.0,0,0,0,0,0,0,14,2026-02-04 17:56:25.521936
RTM,49.42,49.42,49.44,100000000.0,100000000.0,0,0,0,0,0,0,15,2026-02-04 17:56:26.621464
RTM1C45,4.54,4.52,4.54,1000000.0,1000000.0,0,0,0,0,0,0,15,2026-02-04 17:56:26.621464
RTM1P45,0.1,0.09,0.11,1000000.0,1000000.0,0,0,0,0,0,0,15,2026-02-04 17:56:26.621464
RTM1C46,3.54,3.53,3.55,1000000.0,1000000.0,0,0,0,0,0,0,15,2026-02-04 17:56:26.621464
RTM1P46,0.11,0.1,0.12,1000000.0,1000000.0,0,0,0,0,0,0,15,2026-02-04 17:56:26.621464
RTM1C47,2.68,2.67,2.69,1000000.0,1000000.0,0,0,0,0,0,0,15,2026-02-04 17:56:26.621464
RTM1P47,0.25,0.24,0.26,1000000.0,1000000.0,0,0,0,0,0,0,15,2026-02-04 17:56:26.621464
RTM1C48,1.9,1.89,1.91,1000000.0,1000000.0,0,0,0,0,0,0,15,2026-02-04 17:56:26.621464
RTM1P48,0.47,0.46,0.48,1000000.0,1000000.0,0,0,0,0,0,0,15,2026-02-04 17:56:26.621464
RTM1C49,1.34,1.33,1.35,1000000.0,1000000.0,0,0,0,0,0,0,15,2026-02-04 17:56:26.621464
RTM1P49,0.91,0.9,0.92,1000000.0,1000000.0,0,0,0,0,0,0,15,2026-02-04 17:56:26.621464
RTM1C50,0.8,0.79,0.81,1000000.0,1000000.0,0,0,0,0,0,0,15,2026-02-04 17:56:26.621464
RTM1P50,1.37,1.36,1.38,1000000.0,1000000.0,0,0,0,0,0,0,15,2026-02-04 17:56:26.621464
RTM1C51,0.57,0.57,0.59,1000000.0,1000000.0,0,0,0,0,0,0,15,2026-02-04 17:56:26.621464
RTM1P51,2.15,2.14,2.16,1000000.0,1000000.0,0,0,0,0,0,0,15,2026-02-04 17:56:26.621464
RTM1C52,0.32,0.31,0.33,1000000.0,1000000.0,0,0,0,0,0,0,15,2026-02-04 17:56:26.621464
RTM1P52,2.89,2.88,2.9,1000000.0,1000000.0,0,0,0,0,0,0,15,2026-02-04 17:56:26.621464
RTM1C53,0.12,0.11,0.13,1000000.0,1000000.0,0,0,0,0,0,0,15,2026-02-04 17:56:26.621464
RTM1P53,3.69,3.68,3.7,1000000.0,1000000.0,0,0,0,0,0,0,15,2026-02-04 17:56:26.621464
RTM1C54,0.08,0.07,0.09,1000000.0,1000000.0,0,0,0,0,0,0,15,2026-02-04 17:56:26.621464
RTM1P54,4.65,4.64,4.66,1000000.0,1000000.0,0,0,0,0,0,0,15,2026-02-04 17:56:26.621464
RTM,49.73,49.72,49.74,100000000.0,100000000.0,0,0,0,0,0,0,16,2026-02-04 17:56:27.237442
RTM1C45,4.77,4.76,4.78,1000000.0,1000000.0,0,0,0,0,0,0,16,2026-02-04 17:56:27.237442
RTM1P45,0.04,0.03,0.05,1000000.0,1000000.0,0,0,0,0,0,0,16,2026-02-04 17:56:27.237442
RTM1C46,3.83,3.82,3.84,1000000.0,1000000.0,0,0,0,0,0,0,16,2026-02-04 17:56:27.237442
RTM1P46,0.1,0.09,0.11,1000000.0,1000000.0,0,0,0,0,0,0,16,2026-02-04 17:56:27.237442
RTM1C47,2.94,2.93,2.95,1000000.0,1000000.0,0,0,0,0,0,0,16,2026-02-04 17:56:27.237442
RTM1P47,0.2,0.19,0.21,1000000.0,1000000.0,0,0,0,0,0,0,16,2026-02-04 17:56:27.237442
RTM1C48,2.17,2.16,2.18,1000000.0,1000000.0,0,0,0,0,0,0,16,2026-02-04 17:56:27.237442
RTM1P48,0.44,0.43,0.45,1000000.0,1000000.0,0,0,0,0,0,0,16,2026-02-04 17:56:27.237442
RTM1C49,1.55,1.54,1.56,1000000.0,1000000.0,0,0,0,0,0,0,16,2026-02-04 17:56:27.237442
RTM1P49,0.82,0.81,0.83,1000000.0,1000000.0,0,0,0,0,0,0,16,2026-02-04 17:56:27.237442
RTM1C50,1.08,1.07,1.09,1000000.0,1000000.0,0,0,0,0,0,0,16,2026-02-04 17:56:27.237442
RTM1P50,1.35,1.34,1.36,1000000.0,1000000.0,0,0,0,0,0,0,16,2026-02-04 17:56:27.237442
RTM1C51,0.67,0.66,0.68,1000000.0,1000000.0,0,0,0,0,0,0,16,2026-02-04 17:56:27.237442
RTM1P51,1.94,1.93,1.95,1000000.0,1000000.0,0,0,0,0,0,0,16,2026-02-04 17:56:27.237442
RTM1C52,0.33,0.32,0.34,1000000.0,1000000.0,0,0,0,0,0,0,16,2026-02-04 17:56:27.237442
RTM1P52,2.6,2.59,2.61,1000000.0,1000000.0,0,0,0,0,0,0,16,2026-02-04 17:56:27.237442
RTM1C53,0.2,0.19,0.21,1000000.0,1000000.0,0,0,0,0,0,0,16,2026-02-04 17:56:27.237442
RTM1P53,3.47,3.46,3.48,1000000.0,1000000.0,0,0,0,0,0,0,16,2026-02-04 17:56:27.237442
RTM1C54,0.1,0.09,0.11,1000000.0,1000000.0,0,0,0,0,0,0,16,2026-02-04 17:56:27.237442
RTM1P54,4.37,4.36,4.38,1000000.0,1000000.0,0,0,0,0,0,0,16,2026-02-04 17:56:27.237442
RTM,49.48,49.47,49.49,100000000.0,100000000.0,0,0,0,0,0,0,17,2026-02-04 17:56:28.305095
RTM1C45,4.55,4.54,4.56,1000000.0,1000000.0,0,0,0,0,0,0,17,2026-02-04 17:56:28.305095
RTM1P45,0.07,0.06,0.08,1000000.0,1000000.0,0,0,0,0,0,0,17,2026-02-04 17:56:28.305095
RTM1C46,3.62,3.61,3.63,1000000.0,1000000.0,0,0,0,0,0,0,17,2026-02-04 17:56:28.305095
RTM1P46,0.14,0.13,0.15,1000000.0,1000000.0,0,0,0,0,0,0,17,2026-02-04 17:56:28.305095
RTM1C47,2.8,2.79,2.81,1000000.0,1000000.0,0,0,0,0,0,0,17,2026-02-04 17:56:28.305095
RTM1P47,0.32,0.31,0.33,1000000.0,1000000.0,0,0,0,0,0,0,17,2026-02-04 17:56:28.305095
RTM1C48,2.03,2.02,2.04,1000000.0,1000000.0,0,0,0,0,0,0,17,2026-02-04 17:56:28.305095
RTM1P48,0.55,0.54,0.56,1000000.0,1000000.0,0,0,0,0,0,0,17,2026-02-04 17:56:28.305095
RTM1C49,1.47,1.46,1.48,1000000.0,1000000.0,0,0,0,0,0,0,17,2026-02-04 17:56:28.305095
RTM1P49,1.0,0.99,1.01,1000000.0,1000000.0,0,0,0,0,0,0,17,2026-02-04 17:56:28.305095
RTM1C50,0.89,0.88,0.9,1000000.0,1000000.0,0,0,0,0,0,0,17,2026-02-04 17:56:28.305095
RTM1P50,1.41,1.4,1.42,1000000.0,1000000.0,0,0,0,0,0,0,17,2026-02-04 17:56:28.305095
RTM1C51,0.54,0.53,0.55,1000000.0,1000000.0,0,0,0,0,0,0,17,2026-02-04 17:56:28.305095
RTM1P51,2.06,2.05,2.07,1000000.0,1000000.0,0,0,0,0,0,0,17,2026-02-04 17:56:28.305095
RTM1C52,0.39,0.38,0.4,1000000.0,1000000.0,0,0,0,0,0,0,17,2026-02-04 17:56:28.305095
RTM1P52,2.91,2.9,2.92,1000000.0,1000000.0,0,0,0,0,0,0,17,2026-02-04 17:56:28.305095
RTM1C53,0.21,0.2,0.22,1000000.0,1000000.0,0,0,0,0,0,0,17,2026-02-04 17:56:28.305095
RTM1P53,3.73,3.72,3.74,1000000.0,1000000.0,0,0,0,0,0,0,17,2026-02-04 17:56:28.305095
RTM1C54,0.07,0.06,0.08,1000000.0,1000000.0,0,0,0,0,0,0,17,2026-02-04 17:56:28.305095
RTM1P54,4.59,4.58,4.6,1000000.0,1000000.0,0,0,0,0,0,0,17,2026-02-04 17:56:28.305095
RTM,49.29,49.28,49.3,100000000.0,100000000.0,0,0,0,0,0,0,18,2026-02-04 17:56:29.372043
RTM1C45,4.39,4.38,4.4,1000000.0,1000000.0,0,0,0,0,0,0,18,2026-02-04 17:56:29.372043
RTM1P45,0.1,0.09,0.11,1000000.0,1000000.0,0,0,0,0,0,0,18,2026-02-04 17:56:29.372043
RTM1C46,3.46,3.45,3.47,1000000.0,1000000.0,0,0,0,0,0,0,18,2026-02-04 17:56:29.372043
RTM1P46,0.17,0.16,0.18,1000000.0,1000000.0,0,0,0,0,0,0,18,2026-02-04 17:56:29.372043
RTM1C47,2.69,2.68,2.7,1000000.0,1000000.0,0,0,0,0,0,0,18,2026-02-04 17:56:29.372043
RTM1P47,0.4,0.39,0.41,1000000.0,1000000.0,0,0,0,0,0,0,18,2026-02-04 17:56:29.372043
RTM1C48,1.86,1.85,1.87,1000000.0,1000000.0,0,0,0,0,0,0,18,2026-02-04 17:56:29.372043
RTM1P48,0.58,0.57,0.59,1000000.0,1000000.0,0,0,0,0,0,0,18,2026-02-04 17:56:29.372043
RTM1C49,1.25,1.24,1.26,1000000.0,1000000.0,0,0,0,0,0,0,18,2026-02-04 17:56:29.372043
RTM1P49,0.96,0.95,0.97,1000000.0,1000000.0,0,0,0,0,0,0,18,2026-02-04 17:56:29.372043
RTM1C50,0.75,0.74,0.76,1000000.0,1000000.0,0,0,0,0,0,0,18,2026-02-04 17:56:29.372043
RTM1P50,1.46,1.45,1.47,1000000.0,1000000.0,0,0,0,0,0,0,18,2026-02-04 17:56:29.372043
RTM1C51,0.56,0.55,0.57,1000000.0,1000000.0,0,0,0,0,0,0,18,2026-02-04 17:56:29.372043
RTM1P51,2.28,2.27,2.29,1000000.0,1000000.0,0,0,0,0,0,0,18,2026-02-04 17:56:29.372043
RTM1C52,0.3,0.29,0.31,1000000.0,1000000.0,0,0,0,0,0,0,18,2026-02-04 17:56:29.372043
RTM1P52,3.02,3.01,3.03,1000000.0,1000000.0,0,0,0,0,0,0,18,2026-02-04 17:56:29.372043
RTM1C53,0.15,0.14,0.16,1000000.0,1000000.0,0,0,0,0,0,0,18,2026-02-04 17:56:29.372043
RTM1P53,3.86,3.85,3.87,1000000.0,1000000.0,0,0,0,0,0,0,18,2026-02-04 17:56:29.372043
RTM1C54,0.06,0.05,0.07,1000000.0,1000000.0,0,0,0,0,0,0,18,2026-02-04 17:56:29.372043
RTM1P54,4.77,4.76,4.78,1000000.0,1000000.0,0,0,0,0,0,0,18,2026-02-04 17:56:29.372043
RTM,49.48,49.47,49.49,100000000.0,100000000.0,0,0,0,0,0,0,19,2026-02-04 17:56:30.462479
RTM1C45,4.53,4.52,4.54,1000000.0,1000000.0,0,0,0,0,0,0,19,2026-02-04 17:56:30.462479
RTM1P45,0.05,0.04,0.06,1000000.0,1000000.0,0,0,0,0,0,0,19,2026-02-04 17:56:30.462479
RTM1C46,3.59,3.58,3.6,1000000.0,1000000.0,0,0,0,0,0,0,19,2026-02-04 17:56:30.462479
RTM1P46,0.11,0.1,0.12,1000000.0,1000000.0,0,0,0,0,0,0,19,2026-02-04 17:56:30.462479
RTM1C47,2.84,2.83,2.85,1000000.0,1000000.0,0,0,0,0,0,0,19,2026-02-04 17:56:30.462479
RTM1P47,0.36,0.35,0.37,1000000.0,1000000.0,0,0,0,0,0,0,19,2026-02-04 17:56:30.462479
RTM1C48,2.07,2.06,2.08,1000000.0,1000000.0,0,0,0,0,0,0,19,2026-02-04 17:56:30.462479
RTM1P48,0.59,0.58,0.6,1000000.0,1000000.0,0,0,0,0,0,0,19,2026-02-04 17:56:30.462479
RTM1C49,1.38,1.37,1.39,1000000.0,1000000.0,0,0,0,0,0,0,19,2026-02-04 17:56:30.462479
RTM1P49,0.9,0.89,0.91,1000000.0,1000000.0,0,0,0,0,0,0,19,2026-02-04 17:56:30.462479
RTM1C50,0.87,0.86,0.88,1000000.0,1000000.0,0,0,0,0,0,0,19,2026-02-04 17:56:30.462479
RTM1P50,1.39,1.38,1.4,1000000.0,1000000.0,0,0,0,0,0,0,19,2026-02-04 17:56:30.462479
RTM1C51,0.55,0.54,0.56,1000000.0,1000000.0,0,0,0,0,0,0,19,2026-02-04 17:56:30.462479
RTM1P51,2.07,2.06,2.08,1000000.0,1000000.0,0,0,0,0,0,0,19,2026-02-04 17:56:30.462479
RTM1C52,0.37,0.36,0.38,1000000.0,1000000.0,0,0,0,0,0,0,19,2026-02-04 17:56:30.462479
RTM1P52,2.89,2.88,2.9,1000000.0,1000000.0,0,0,0,0,0,0,19,2026-02-04 17:56:30.462479
RTM1C53,0.15,0.14,0.16,1000000.0,1000000.0,0,0,0,0,0,0,19,2026-02-04 17:56:30.462479
RTM1P53,3.67,3.66,3.68,1000000.0,1000000.0,0,0,0,0,0,0,19,2026-02-04 17:56:30.462479
RTM1C54,0.11,0.1,0.12,1000000.0,1000000.0,0,0,0,0,0,0,19,2026-02-04 17:56:30.462479
RTM1P54,4.63,4.62,4.64,1000000.0,1000000.0,0,0,0,0,0,0,19,2026-02-04 17:56:30.462479
RTM,49.34,49.33,49.35,100000000.0,100000000.0,0,0,0,0,0,0,20,2026-02-04 17:56:31.533860
RTM1C45,4.42,4.41,4.43,1000000.0,1000000.0,0,0,0,0,0,0,20,2026-02-04 17:56:31.533860
RTM1P45,0.09,0.08,0.1,1000000.0,1000000.0,0,0,0,0,0,0,20,2026-02-04 17:56:31.533860
RTM1C46,3.56,3.55,3.57,1000000.0,1000000.0,0,0,0,0,0,0,20,2026-02-04 17:56:31.533860
RTM1P46,0.22,0.21,0.23,1000000.0,1000000.0,0,0,0,0,0,0,20,2026-02-04 17:56:31.533860
RTM1C47,2.67,2.66,2.68,1000000.0,1000000.0,0,0,0,0,0,0,20,2026-02-04 17:56:31.533860
RTM1P47,0.33,0.32,0.34,1000000.0,1000000.0,0,0,0,0,0,0,20,2026-02-04 17:56:31.533860
RTM1C48,2.04,2.03,2.05,1000000.0,1000000.0,0,0,0,0,0,0,20,2026-02-04 17:56:31.533860
RTM1P48,0.7,0.69,0.71,1000000.0,1000000.0,0,0,0,0,0,0,20,2026-02-04 17:56:31.533860
RTM1C49,1.43,1.42,1.44,1000000.0,1000000.0,0,0,0,0,0,0,20,2026-02-04 17:56:31.533860
RTM1P49,1.09,1.08,1.1,1000000.0,1000000.0,0,0,0,0,0,0,20,2026-02-04 17:56:31.533860
RTM1C50,0.82,0.81,0.83,1000000.0,1000000.0,0,0,0,0,0,0,20,2026-02-04 17:56:31.533860
RTM1P50,1.48,1.47,1.49,1000000.0,1000000.0,0,0,0,0,0,0,20,2026-02-04 17:56:31.533860
RTM1C51,0.61,0.6,0.62,1000000.0,1000000.0,0,0,0,0,0,0,20,2026-02-04 17:56:31.533860
RTM1P51,2.27,2.26,2.28,1000000.0,1000000.0,0,0,0,0,0,0,20,2026-02-04 17:56:31.533860
RTM1C52,0.31,0.3,0.32,1000000.0,1000000.0,0,0,0,0,0,0,20,2026-02-04 17:56:31.533860
RTM1P52,2.97,2.96,2.98,1000000.0,1000000.0,0,0,0,0,0,0,20,2026-02-04 17:56:31.533860
RTM1C53,0.22,0.21,0.23,1000000.0,1000000.0,0,0,0,0,0,0,20,2026-02-04 17:56:31.533860
RTM1P53,3.88,3.87,3.89,1000000.0,1000000.0,0,0,0,0,0,0,20,2026-02-04 17:56:31.533860
RTM1C54,0.07,0.06,0.08,1000000.0,1000000.0,0,0,0,0,0,0,20,2026-02-04 17:56:31.533860
RTM1P54,4.74,4.73,4.75,1000000.0,1000000.0,0,0,0,0,0,0,20,2026-02-04 17:56:31.533860
RTM,49.38,49.37,49.39,100000000.0,100000000.0,0,0,0,0,0,0,21,2026-02-04 17:56:32.612196
RTM1C45,4.47,4.46,4.48,1000000.0,1000000.0,0,0,0,0,0,0,21,2026-02-04 17:56:32.612196
RTM1P45,0.1,0.09,0.11,1000000.0,1000000.0,0,0,0,0,0,0,21,2026-02-04 17:56:32.612196
RTM1C46,3.53,3.52,3.54,1000000.0,1000000.0,0,0,0,0,0,0,21,2026-02-04 17:56:32.612196
RTM1P46,0.15,0.14,0.16,1000000.0,1000000.0,0,0,0,0,0,0,21,2026-02-04 17:56:32.612196
RTM1C47,2.71,2.7,2.72,1000000.0,1000000.0,0,0,0,0,0,0,21,2026-02-04 17:56:32.612196
RTM1P47,0.33,0.32,0.34,1000000.0,1000000.0,0,0,0,0,0,0,21,2026-02-04 17:56:32.612196
RTM1C48,1.89,1.88,1.9,1000000.0,1000000.0,0,0,0,0,0,0,21,2026-02-04 17:56:32.612196
RTM1P48,0.52,0.51,0.53,1000000.0,1000000.0,0,0,0,0,0,0,21,2026-02-04 17:56:32.612196
RTM1C49,1.44,1.43,1.45,1000000.0,1000000.0,0,0,0,0,0,0,21,2026-02-04 17:56:32.612196
RTM1P49,1.06,1.05,1.07,1000000.0,1000000.0,0,0,0,0,0,0,21,2026-02-04 17:56:32.612196
RTM1C50,0.9,0.89,0.91,1000000.0,1000000.0,0,0,0,0,0,0,21,2026-02-04 17:56:32.612196
RTM1P50,1.52,1.51,1.53,1000000.0,1000000.0,0,0,0,0,0,0,21,2026-02-04 17:56:32.612196
RTM1C51,0.58,0.57,0.59,1000000.0,1000000.0,0,0,0,0,0,0,21,2026-02-04 17:56:32.612196
RTM1P51,2.21,2.2,2.22,1000000.0,1000000.0,0,0,0,0,0,0,21,2026-02-04 17:56:32.612196
RTM1C52,0.3,0.29,0.31,1000000.0,1000000.0,0,0,0,0,0,0,21,2026-02-04 17:56:32.612196
RTM1P52,2.93,2.92,2.94,1000000.0,1000000.0,0,0,0,0,0,0,21,2026-02-04 17:56:32.612196
RTM1C53,0.16,0.15,0.17,1000000.0,1000000.0,0,0,0,0,0,0,21,2026-02-04 17:56:32.612196
RTM1P53,3.78,3.77,3.79,1000000.0,1000000.0,0,0,0,0,0,0,21,2026-02-04 17:56:32.612196
RTM1C54,0.09,0.08,0.1,1000000.0,1000000.0,0,0,0,0,0,0,21,2026-02-04 17:56:32.612196
RTM1P54,4.72,4.71,4.73,1000000.0,1000000.0,0,0,0,0,0,0,21,2026-02-04 17:56:32.612196
RTM,49.64,49.63,49.65,100000000.0,100000000.0,0,0,0,0,0,0,22,2026-02-04 17:56:33.664469
RTM1C45,4.73,4.72,4.74,1000000.0,1000000.0,0,0,0,0,0,0,22,2026-02-04 17:56:33.664469
RTM1P45,0.08,0.07,0.09,1000000.0,1000000.0,0,0,0,0,0,0,22,2026-02-04 17:56:33.664469
RTM1C46,3.75,3.74,3.76,1000000.0,1000000.0,0,0,0,0,0,0,22,2026-02-04 17:56:33.664469
RTM1P46,0.11,0.1,0.12,1000000.0,1000000.0,0,0,0,0,0,0,22,2026-02-04 17:56:33.664469
RTM1C47,2.97,2.96,2.98,1000000.0,1000000.0,0,0,0,0,0,0,22,2026-02-04 17:56:33.664469
RTM1P47,0.33,0.32,0.34,1000000.0,1000000.0,0,0,0,0,0,0,22,2026-02-04 17:56:33.664469
RTM1C48,2.22,2.21,2.23,1000000.0,1000000.0,0,0,0,0,0,0,22,2026-02-04 17:56:33.664469
RTM1P48,0.58,0.57,0.59,1000000.0,1000000.0,0,0,0,0,0,0,22,2026-02-04 17:56:33.664469
RTM1C49,1.35,1.34,1.36,1000000.0,1000000.0,0,0,0,0,0,0,22,2026-02-04 17:56:33.664469
RTM1P49,0.71,0.7,0.72,1000000.0,1000000.0,0,0,0,0,0,0,22,2026-02-04 17:56:33.664469
RTM1C50,0.98,0.97,0.99,1000000.0,1000000.0,0,0,0,0,0,0,22,2026-02-04 17:56:33.664469
RTM1P50,1.34,1.33,1.35,1000000.0,1000000.0,0,0,0,0,0,0,22,2026-02-04 17:56:33.664469
RTM1C51,0.64,0.63,0.65,1000000.0,1000000.0,0,0,0,0,0,0,22,2026-02-04 17:56:33.664469
RTM1P51,2.0,1.99,2.01,1000000.0,1000000.0,0,0,0,0,0,0,22,2026-02-04 17:56:33.664469
RTM1C52,0.32,0.31,0.33,1000000.0,1000000.0,0,0,0,0,0,0,22,2026-02-04 17:56:33.664469
RTM1P52,2.68,2.67,2.69,1000000.0,1000000.0,0,0,0,0,0,0,22,2026-02-04 17:56:33.664469
RTM1C53,0.24,0.23,0.25,1000000.0,1000000.0,0,0,0,0,0,0,22,2026-02-04 17:56:33.664469
RTM1P53,3.6,3.59,3.61,1000000.0,1000000.0,0,0,0,0,0,0,22,2026-02-04 17:56:33.664469
RTM1C54,0.11,0.1,0.12,1000000.0,1000000.0,0,0,0,0,0,0,22,2026-02-04 17:56:33.664469
RTM1P54,4.47,4.46,4.48,1000000.0,1000000.0,0,0,0,0,0,0,22,2026-02-04 17:56:33.664469
RTM,49.49,49.48,49.5,100000000.0,100000000.0,0,0,0,0,0,0,23,2026-02-04 17:56:34.228304
RTM1C45,4.57,4.56,4.58,1000000.0,1000000.0,0,0,0,0,0,0,23,2026-02-04 17:56:34.228304
RTM1P45,0.08,0.07,0.09,1000000.0,1000000.0,0,0,0,0,0,0,23,2026-02-04 17:56:34.228304
RTM1C46,3.62,3.61,3.63,1000000.0,1000000.0,0,0,0,0,0,0,23,2026-02-04 17:56:34.228304
RTM1P46,0.13,0.12,0.14,1000000.0,1000000.0,0,0,0,0,0,0,23,2026-02-04 17:56:34.228304
RTM1C47,2.76,2.75,2.77,1000000.0,1000000.0,0,0,0,0,0,0,23,2026-02-04 17:56:34.228304
RTM1P47,0.27,0.26,0.28,1000000.0,1000000.0,0,0,0,0,0,0,23,2026-02-04 17:56:34.228304
RTM1C48,2.08,2.07,2.09,1000000.0,1000000.0,0,0,0,0,0,0,23,2026-02-04 17:56:34.228304
RTM1P48,0.59,0.58,0.6,1000000.0,1000000.0,0,0,0,0,0,0,23,2026-02-04 17:56:34.228304
RTM1C49,1.21,1.2,1.22,1000000.0,1000000.0,0,0,0,0,0,0,23,2026-02-04 17:56:34.228304
RTM1P49,0.72,0.71,0.73,1000000.0,1000000.0,0,0,0,0,0,0,23,2026-02-04 17:56:34.228304
RTM1C50,0.92,0.91,0.93,1000000.0,1000000.0,0,0,0,0,0,0,23,2026-02-04 17:56:34.228304
RTM1P50,1.43,1.42,1.44,1000000.0,1000000.0,0,0,0,0,0,0,23,2026-02-04 17:56:34.228304
RTM1C51,0.62,0.61,0.63,1000000.0,1000000.0,0,0,0,0,0,0,23,2026-02-04 17:56:34.228304
RTM1P51,2.13,2.12,2.14,1000000.0,1000000.0,0,0,0,0,0,0,23,2026-02-04 17:56:34.228304
RTM1C52,0.27,0.26,0.28,1000000.0,1000000.0,0,0,0,0,0,0,23,2026-02-04 17:56:34.228304
RTM1P52,2.78,2.77,2.79,1000000.0,1000000.0,0,0,0,0,0,0,23,2026-02-04 17:56:34.228304
RTM1C53,0.16,0.15,0.17,1000000.0,1000000.0,0,0,0,0,0,0,23,2026-02-04 17:56:34.228304
RTM1P53,3.67,3.66,3.68,1000000.0,1000000.0,0,0,0,0,0,0,23,2026-02-04 17:56:34.228304
RTM1C54,0.09,0.08,0.1,1000000.0,1000000.0,0,0,0,0,0,0,23,2026-02-04 17:56:34.228304
RTM1P54,4.6,4.59,4.61,1000000.0,1000000.0,0,0,0,0,0,0,23,2026-02-04 17:56:34.228304
RTM,49.72,49.71,49.73,100000000.0,100000000.0,0,0,0,0,0,0,24,2026-02-04 17:56:35.319307
RTM1C45,4.76,4.75,4.77,1000000.0,1000000.0,0,0,0,0,0,0,24,2026-02-04 17:56:35.319307
RTM1P45,0.04,0.03,0.05,1000000.0,1000000.0,0,0,0,0,0,0,24,2026-02-04 17:56:35.319307
RTM1C46,3.83,3.82,3.84,1000000.0,1000000.0,0,0,0,0,0,0,24,2026-02-04 17:56:35.319307
RTM1P46,0.1,0.09,0.11,1000000.0,1000000.0,0,0,0,0,0,0,24,2026-02-04 17:56:35.319307
RTM1C47,3.02,3.01,3.03,1000000.0,1000000.0,0,0,0,0,0,0,24,2026-02-04 17:56:35.319307
RTM1P47,0.29,0.28,0.3,1000000.0,1000000.0,0,0,0,0,0,0,24,2026-02-04 17:56:35.319307
RTM1C48,2.24,2.23,2.25,1000000.0,1000000.0,0,0,0,0,0,0,24,2026-02-04 17:56:35.319307
RTM1P48,0.52,0.51,0.53,1000000.0,1000000.0,0,0,0,0,0,0,24,2026-02-04 17:56:35.319307
RTM1C49,1.52,1.51,1.53,1000000.0,1000000.0,0,0,0,0,0,0,24,2026-02-04 17:56:35.319307
RTM1P49,0.79,0.78,0.8,1000000.0,1000000.0,0,0,0,0,0,0,24,2026-02-04 17:56:35.319307
RTM1C50,1.06,1.05,1.07,1000000.0,1000000.0,0,0,0,0,0,0,24,2026-02-04 17:56:35.319307
RTM1P50,1.34,1.33,1.35,1000000.0,1000000.0,0,0,0,0,0,0,24,2026-02-04 17:56:35.319307
RTM1C51,0.74,0.73,0.75,1000000.0,1000000.0,0,0,0,0,0,0,24,2026-02-04 17:56:35.319307
RTM1P51,2.02,2.01,2.03,1000000.0,1000000.0,0,0,0,0,0,0,24,2026-02-04 17:56:35.319307
RTM1C52,0.36,0.35,0.37,1000000.0,1000000.0,0,0,0,0,0,0,24,2026-02-04 17:56:35.319307
RTM1P52,2.64,2.63,2.65,1000000.0,1000000.0,0,0,0,0,0,0,24,2026-02-04 17:56:35.319307
RTM1C53,0.27,0.26,0.28,1000000.0,1000000.0,0,0,0,0,0,0,24,2026-02-04 17:56:35.319307
RTM1P53,3.55,3.54,3.56,1000000.0,1000000.0,0,0,0,0,0,0,24,2026-02-04 17:56:35.319307
RTM1C54,0.14,0.13,0.15,1000000.0,1000000.0,0,0,0,0,0,0,24,2026-02-04 17:56:35.319307
RTM1P54,4.42,4.41,4.43,1000000.0,1000000.0,0,0,0,0,0,0,24,2026-02-04 17:56:35.319307
RTM,49.98,49.97,49.99,100000000.0,100000000.0,0,0,0,0,0,0,25,2026-02-04 17:56:36.400902
RTM1C45,5.01,5.0,5.02,1000000.0,1000000.0,0,0,0,0,0,0,25,2026-02-04 17:56:36.400902
RTM1P45,0.03,0.02,0.04,1000000.0,1000000.0,0,0,0,0,0,0,25,2026-02-04 17:56:36.400902
RTM1C46,4.08,4.07,4.09,1000000.0,1000000.0,0,0,0,0,0,0,25,2026-02-04 17:56:36.400902
RTM1P46,0.1,0.09,0.11,1000000.0,1000000.0,0,0,0,0,0,0,25,2026-02-04 17:56:36.400902
RTM1C47,3.18,3.17,3.19,1000000.0,1000000.0,0,0,0,0,0,0,25,2026-02-04 17:56:36.400902
RTM1P47,0.2,0.19,0.21,1000000.0,1000000.0,0,0,0,0,0,0,25,2026-02-04 17:56:36.400902
RTM1C48,2.46,2.45,2.47,1000000.0,1000000.0,0,0,0,0,0,0,25,2026-02-04 17:56:36.400902
RTM1P48,0.49,0.48,0.5,1000000.0,1000000.0,0,0,0,0,0,0,25,2026-02-04 17:56:36.400902
RTM1C49,1.63,1.62,1.64,1000000.0,1000000.0,0,0,0,0,0,0,25,2026-02-04 17:56:36.400902
RTM1P49,0.65,0.64,0.66,1000000.0,1000000.0,0,0,0,0,0,0,25,2026-02-04 17:56:36.400902
RTM1C50,1.13,1.12,1.14,1000000.0,1000000.0,0,0,0,0,0,0,25,2026-02-04 17:56:36.400902
RTM1P50,1.15,1.14,1.16,1000000.0,1000000.0,0,0,0,0,0,0,25,2026-02-04 17:56:36.400902
RTM1C51,0.73,0.72,0.74,1000000.0,1000000.0,0,0,0,0,0,0,25,2026-02-04 17:56:36.400902
RTM1P51,1.75,1.74,1.76,1000000.0,1000000.0,0,0,0,0,0,0,25,2026-02-04 17:56:36.400902
RTM1C52,0.48,0.47,0.49,1000000.0,1000000.0,0,0,0,0,0,0,25,2026-02-04 17:56:36.400902
RTM1P52,2.51,2.5,2.52,1000000.0,1000000.0,0,0,0,0,0,0,25,2026-02-04 17:56:36.400902
RTM1C53,0.25,0.24,0.26,1000000.0,1000000.0,0,0,0,0,0,0,25,2026-02-04 17:56:36.400902
RTM1P53,3.27,3.26,3.28,1000000.0,1000000.0,0,0,0,0,0,0,25,2026-02-04 17:56:36.400902
RTM1C54,0.14,0.13,0.15,1000000.0,1000000.0,0,0,0,0,0,0,25,2026-02-04 17:56:36.400902
RTM1P54,4.16,4.15,4.17,1000000.0,1000000.0,0,0,0,0,0,0,25,2026-02-04 17:56:36.400902
RTM,49.64,49.63,49.65,100000000.0,100000000.0,0,0,0,0,0,0,26,2026-02-04 17:56:37.471314
RTM1C45,4.7,4.69,4.71,1000000.0,1000000.0,0,0,0,0,0,0,26,2026-02-04 17:56:37.471314
RTM1P45,0.06,0.05,0.07,1000000.0,1000000.0,0,0,0,0,0,0,26,2026-02-04 17:56:37.471314
RTM1C46,3.81,3.8,3.82,1000000.0,1000000.0,0,0,0,0,0,0,26,2026-02-04 17:56:37.471314
RTM1P46,0.17,0.16,0.18,1000000.0,1000000.0,0,0,0,0,0,0,26,2026-02-04 17:56:37.471314
RTM1C47,2.98,2.97,2.99,1000000.0,1000000.0,0,0,0,0,0,0,26,2026-02-04 17:56:37.471314
RTM1P47,0.34,0.33,0.35,1000000.0,1000000.0,0,0,0,0,0,0,26,2026-02-04 17:56:37.471314
RTM1C48,2.13,2.12,2.14,1000000.0,1000000.0,0,0,0,0,0,0,26,2026-02-04 17:56:37.471314
RTM1P48,0.49,0.48,0.5,1000000.0,1000000.0,0,0,0,0,0,0,26,2026-02-04 17:56:37.471314
RTM1C49,1.41,1.4,1.42,1000000.0,1000000.0,0,0,0,0,0,0,26,2026-02-04 17:56:37.471314
RTM1P49,0.77,0.76,0.78,1000000.0,1000000.0,0,0,0,0,0,0,26,2026-02-04 17:56:37.471314
RTM1C50,0.98,0.97,0.99,1000000.0,1000000.0,0,0,0,0,0,0,26,2026-02-04 17:56:37.471314
RTM1P50,1.34,1.33,1.35,1000000.0,1000000.0,0,0,0,0,0,0,26,2026-02-04 17:56:37.471314
RTM1C51,0.66,0.65,0.67,1000000.0,1000000.0,0,0,0,0,0,0,26,2026-02-04 17:56:37.471314
RTM1P51,2.02,2.01,2.03,1000000.0,1000000.0,0,0,0,0,0,0,26,2026-02-04 17:56:37.471314
RTM1C52,0.38,0.37,0.39,1000000.0,1000000.0,0,0,0,0,0,0,26,2026-02-04 17:56:37.471314
RTM1P52,2.74,2.73,2.75,1000000.0,1000000.0,0,0,0,0,0,0,26,2026-02-04 17:56:37.471314
RTM1C53,0.27,0.26,0.28,1000000.0,1000000.0,0,0,0,0,0,0,26,2026-02-04 17:56:37.471314
RTM1P53,3.63,3.62,3.64,1000000.0,1000000.0,0,0,0,0,0,0,26,2026-02-04 17:56:37.471314
RTM1C54,0.1,0.09,0.11,1000000.0,1000000.0,0,0,0,0,0,0,26,2026-02-04 17:56:37.471314
RTM1P54,4.46,4.45,4.47,1000000.0,1000000.0,0,0,0,0,0,0,26,2026-02-04 17:56:37.471314
RTM,49.8,49.79,49.81,100000000.0,100000000.0,0,0,0,0,0,0,27,2026-02-04 17:56:38.527606
RTM1C45,4.85,4.84,4.86,1000000.0,1000000.0,0,0,0,0,0,0,27,2026-02-04 17:56:38.527606
RTM1P45,0.04,0.03,0.05,1000000.0,1000000.0,0,0,0,0,0,0,27,2026-02-04 17:56:38.527606
RTM1C46,3.92,3.91,3.93,1000000.0,1000000.0,0,0,0,0,0,0,27,2026-02-04 17:56:38.527606
RTM1P46,0.11,0.1,0.12,1000000.0,1000000.0,0,0,0,0,0,0,27,2026-02-04 17:56:38.527606
RTM1C47,3.08,3.07,3.09,1000000.0,1000000.0,0,0,0,0,0,0,27,2026-02-04 17:56:38.527606
RTM1P47,0.28,0.27,0.29,1000000.0,1000000.0,0,0,0,0,0,0,27,2026-02-04 17:56:38.527606
RTM1C48,2.33,2.32,2.34,1000000.0,1000000.0,0,0,0,0,0,0,27,2026-02-04 17:56:38.527606
RTM1P48,0.53,0.52,0.54,1000000.0,1000000.0,0,0,0,0,0,0,27,2026-02-04 17:56:38.527606
RTM1C49,1.54,1.53,1.55,1000000.0,1000000.0,0,0,0,0,0,0,27,2026-02-04 17:56:38.527606
RTM1P49,0.74,0.73,0.75,1000000.0,1000000.0,0,0,0,0,0,0,27,2026-02-04 17:56:38.527606
RTM1C50,1.08,1.07,1.09,1000000.0,1000000.0,0,0,0,0,0,0,27,2026-02-04 17:56:38.527606
RTM1P50,1.27,1.26,1.28,1000000.0,1000000.0,0,0,0,0,0,0,27,2026-02-04 17:56:38.527606
RTM1C51,0.73,0.72,0.74,1000000.0,1000000.0,0,0,0,0,0,0,27,2026-02-04 17:56:38.527606
RTM1P51,1.92,1.91,1.93,1000000.0,1000000.0,0,0,0,0,0,0,27,2026-02-04 17:56:38.527606
RTM1C52,0.49,0.48,0.5,1000000.0,1000000.0,0,0,0,0,0,0,27,2026-02-04 17:56:38.527606
RTM1P52,2.68,2.67,2.69,1000000.0,1000000.0,0,0,0,0,0,0,27,2026-02-04 17:56:38.527606
RTM1C53,0.3,0.29,0.31,1000000.0,1000000.0,0,0,0,0,0,0,27,2026-02-04 17:56:38.527606
RTM1P53,3.5,3.49,3.51,1000000.0,1000000.0,0,0,0,0,0,0,27,2026-02-04 17:56:38.527606
RTM1C54,0.11,0.1,0.12,1000000.0,1000000.0,0,0,0,0,0,0,27,2026-02-04 17:56:38.527606
RTM1P54,4.3,4.29,4.31,1000000.0,1000000.0,0,0,0,0,0,0,27,2026-02-04 17:56:38.527606
RTM,49.58,49.57,49.59,100000000.0,100000000.0,0,0,0,0,0,0,28,2026-02-04 17:56:39.612817
RTM1C45,4.65,4.64,4.66,1000000.0,1000000.0,0,0,0,0,0,0,28,2026-02-04 17:56:39.612817
RTM1P45,0.08,0.07,0.09,1000000.0,1000000.0,0,0,0,0,0,0,28,2026-02-04 17:56:39.612817
RTM1C46,3.77,3.76,3.78,1000000.0,1000000.0,0,0,0,0,0,0,28,2026-02-04 17:56:39.612817
RTM1P46,0.2,0.19,0.21,1000000.0,1000000.0,0,0,0,0,0,0,28,2026-02-04 17:56:39.612817
RTM1C47,2.85,2.84,2.86,1000000.0,1000000.0,0,0,0,0,0,0,28,2026-02-04 17:56:39.612817
RTM1P47,0.28,0.27,0.29,1000000.0,1000000.0,0,0,0,0,0,0,28,2026-02-04 17:56:39.612817
RTM1C48,2.1,2.09,2.11,1000000.0,1000000.0,0,0,0,0,0,0,28,2026-02-04 17:56:39.612817
RTM1P48,0.52,0.51,0.53,1000000.0,1000000.0,0,0,0,0,0,0,28,2026-02-04 17:56:39.612817
RTM1C49,1.4,1.39,1.41,1000000.0,1000000.0,0,0,0,0,0,0,28,2026-02-04 17:56:39.612817
RTM1P49,0.83,0.82,0.84,1000000.0,1000000.0,0,0,0,0,0,0,28,2026-02-04 17:56:39.612817
RTM1C50,1.06,1.05,1.07,1000000.0,1000000.0,0,0,0,0,0,0,28,2026-02-04 17:56:39.612817
RTM1P50,1.48,1.47,1.49,1000000.0,1000000.0,0,0,0,0,0,0,28,2026-02-04 17:56:39.612817
RTM1C51,0.71,0.7,0.72,1000000.0,1000000.0,0,0,0,0,0,0,28,2026-02-04 17:56:39.612817
RTM1P51,2.13,2.12,2.14,1000000.0,1000000.0,0,0,0,0,0,0,28,2026-02-04 17:56:39.612817
RTM1C52,0.36,0.35,0.37,1000000.0,1000000.0,0,0,0,0,0,0,28,2026-02-04 17:56:39.612817
RTM1P52,2.78,2.77,2.79,1000000.0,1000000.0,0,0,0,0,0,0,28,2026-02-04 17:56:39.612817
RTM1C53,0.21,0.2,0.22,1000000.0,1000000.0,0,0,0,0,0,0,28,2026-02-04 17:56:39.612817
RTM1P53,3.63,3.62,3.64,1000000.0,1000000.0,0,0,0,0,0,0,28,2026-02-04 17:56:39.612817
RTM1C54,0.12,0.11,0.13,1000000.0,1000000.0,0,0,0,0,0,0,28,2026-02-04 17:56:39.612817
RTM1P54,4.55,4.54,4.56,1000000.0,1000000.0,0,0,0,0,0,0,28,2026-02-04 17:56:39.612817
RTM,49.67,49.66,49.68,100000000.0,100000000.0,0,0,0,0,0,0,29,2026-02-04 17:56:40.672068
RTM1C45,4.76,4.75,4.77,1000000.0,1000000.0,0,0,0,0,0,0,29,2026-02-04 17:56:40.672068
RTM1P45,0.09,0.08,0.1,1000000.0,1000000.0,0,0,0,0,0,0,29,2026-02-04 17:56:40.672068
RTM1C46,3.83,3.82,3.84,1000000.0,1000000.0,0,0,0,0,0,0,29,2026-02-04 17:56:40.672068
RTM1P46,0.16,0.15,0.17,1000000.0,1000000.0,0,0,0,0,0,0,29,2026-02-04 17:56:40.672068
RTM1C47,2.96,2.95,2.97,1000000.0,1000000.0,0,0,0,0,0,0,29,2026-02-04 17:56:40.672068
RTM1P47,0.29,0.28,0.3,1000000.0,1000000.0,0,0,0,0,0,0,29,2026-02-04 17:56:40.672068
RTM1C48,2.18,2.17,2.19,1000000.0,1000000.0,0,0,0,0,0,0,29,2026-02-04 17:56:40.672068
RTM1P48,0.51,0.5,0.52,1000000.0,1000000.0,0,0,0,0,0,0,29,2026-02-04 17:56:40.672068
RTM1C49,1.47,1.46,1.48,1000000.0,1000000.0,0,0,0,0,0,0,29,2026-02-04 17:56:40.672068
RTM1P49,0.8,0.79,0.81,1000000.0,1000000.0,0,0,0,0,0,0,29,2026-02-04 17:56:40.672068
RTM1C50,0.99,0.98,1.0,1000000.0,1000000.0,0,0,0,0,0,0,29,2026-02-04 17:56:40.672068
RTM1P50,1.32,1.31,1.33,1000000.0,1000000.0,0,0,0,0,0,0,29,2026-02-04 17:56:40.672068
RTM1C51,0.61,0.6,0.62,1000000.0,1000000.0,0,0,0,0,0,0,29,2026-02-04 17:56:40.672068
RTM1P51,1.94,1.93,1.95,1000000.0,1000000.0,0,0,0,0,0,0,29,2026-02-04 17:56:40.672068
RTM1C52,0.36,0.35,0.37,1000000.0,1000000.0,0,0,0,0,0,0,29,2026-02-04 17:56:40.672068
RTM1P52,2.68,2.67,2.69,1000000.0,1000000.0,0,0,0,0,0,0,29,2026-02-04 17:56:40.672068
RTM1C53,0.19,0.18,0.2,1000000.0,1000000.0,0,0,0,0,0,0,29,2026-02-04 17:56:40.672068
RTM1P53,3.52,3.51,3.53,1000000.0,1000000.0,0,0,0,0,0,0,29,2026-02-04 17:56:40.672068
RTM1C54,0.13,0.12,0.14,1000000.0,1000000.0,0,0,0,0,0,0,29,2026-02-04 17:56:40.672068
RTM1P54,4.46,4.45,4.47,1000000.0,1000000.0,0,0,0,0,0,0,29,2026-02-04 17:56:40.672068
RTM,49.3,49.29,49.31,100000000.0,100000000.0,0,0,0,0,0,0,30,2026-02-04 17:56:41.235217
RTM1C45,4.39,4.38,4.4,1000000.0,1000000.0,0,0,0,0,0,0,30,2026-02-04 17:56:41.235217
RTM1P45,0.09,0.08,0.1,1000000.0,1000000.0,0,0,0,0,0,0,30,2026-02-04 17:56:41.235217
RTM1C46,3.46,3.45,3.47,1000000.0,1000000.0,0,0,0,0,0,0,30,2026-02-04 17:56:41.235217
RTM1P46,0.16,0.15,0.17,1000000.0,1000000.0,0,0,0,0,0,0,30,2026-02-04 17:56:41.235217
RTM1C47,2.7,2.69,2.71,1000000.0,1000000.0,0,0,0,0,0,0,30,2026-02-04 17:56:41.235217
RTM1P47,0.4,0.39,0.41,1000000.0,1000000.0,0,0,0,0,0,0,30,2026-02-04 17:56:41.235217
RTM1C48,1.93,1.92,1.94,1000000.0,1000000.0,0,0,0,0,0,0,30,2026-02-04 17:56:41.235217
RTM1P48,0.63,0.62,0.64,1000000.0,1000000.0,0,0,0,0,0,0,30,2026-02-04 17:56:41.235217
RTM1C49,1.28,1.27,1.29,1000000.0,1000000.0,0,0,0,0,0,0,30,2026-02-04 17:56:41.235217
RTM1P49,0.98,0.97,0.99,1000000.0,1000000.0,0,0,0,0,0,0,30,2026-02-04 17:56:41.235217
RTM1C50,0.83,0.82,0.84,1000000.0,1000000.0,0,0,0,0,0,0,30,2026-02-04 17:56:41.235217
RTM1P50,1.53,1.52,1.54,1000000.0,1000000.0,0,0,0,0,0,0,30,2026-02-04 17:56:41.235217
RTM1C51,0.59,0.58,0.6,1000000.0,1000000.0,0,0,0,0,0,0,30,2026-02-04 17:56:41.235217
RTM1P51,2.29,2.28,2.3,1000000.0,1000000.0,0,0,0,0,0,0,30,2026-02-04 17:56:41.235217
RTM1C52,0.33,0.32,0.34,1000000.0,1000000.0,0,0,0,0,0,0,30,2026-02-04 17:56:41.235217
RTM1P52,3.03,3.02,3.04,1000000.0,1000000.0,0,0,0,0,0,0,30,2026-02-04 17:56:41.235217
RTM1C53,0.19,0.18,0.2,1000000.0,1000000.0,0,0,0,0,0,0,30,2026-02-04 17:56:41.235217
RTM1P53,3.89,3.88,3.9,1000000.0,1000000.0,0,0,0,0,0,0,30,2026-02-04 17:56:41.235217
RTM1C54,0.1,0.09,0.11,1000000.0,1000000.0,0,0,0,0,0,0,30,2026-02-04 17:56:41.235217
RTM1P54,4.8,4.79,4.81,1000000.0,1000000.0,0,0,0,0,0,0,30,2026-02-04 17:56:41.235217
RTM,49.68,49.67,49.69,100000000.0,100000000.0,0,0,0,0,0,0,31,2026-02-04 17:56:42.310230
RTM1C45,4.75,4.74,4.76,1000000.0,1000000.0,0,0,0,0,0,0,31,2026-02-04 17:56:42.310230
RTM1P45,0.07,0.06,0.08,1000000.0,1000000.0,0,0,0,0,0,0,31,2026-02-04 17:56:42.310230
RTM1C46,3.84,3.83,3.85,1000000.0,1000000.0,0,0,0,0,0,0,31,2026-02-04 17:56:42.310230
RTM1P46,0.16,0.15,0.17,1000000.0,1000000.0,0,0,0,0,0,0,31,2026-02-04 17:56:42.310230
RTM1C47,2.94,2.93,2.95,1000000.0,1000000.0,0,0,0,0,0,0,31,2026-02-04 17:56:42.310230
RTM1P47,0.26,0.25,0.27,1000000.0,1000000.0,0,0,0,0,0,0,31,2026-02-04 17:56:42.310230
RTM1C48,2.21,2.2,2.22,1000000.0,1000000.0,0,0,0,0,0,0,31,2026-02-04 17:56:42.310230
RTM1P48,0.53,0.52,0.54,1000000.0,1000000.0,0,0,0,0,0,0,31,2026-02-04 17:56:42.310230
RTM1C49,1.59,1.58,1.6,1000000.0,1000000.0,0,0,0,0,0,0,31,2026-02-04 17:56:42.310230
RTM1P49,0.91,0.9,0.92,1000000.0,1000000.0,0,0,0,0,0,0,31,2026-02-04 17:56:42.310230
RTM1C50,1.05,1.04,1.06,1000000.0,1000000.0,0,0,0,0,0,0,31,2026-02-04 17:56:42.310230
RTM1P50,1.37,1.36,1.38,1000000.0,1000000.0,0,0,0,0,0,0,31,2026-02-04 17:56:42.310230
RTM1C51,0.77,0.76,0.78,1000000.0,1000000.0,0,0,0,0,0,0,31,2026-02-04 17:56:42.310230
RTM1P51,2.09,2.08,2.1,1000000.0,1000000.0,0,0,0,0,0,0,31,2026-02-04 17:56:42.310230
RTM1C52,0.45,0.44,0.46,1000000.0,1000000.0,0,0,0,0,0,0,31,2026-02-04 17:56:42.310230
RTM1P52,2.77,2.76,2.78,1000000.0,1000000.0,0,0,0,0,0,0,31,2026-02-04 17:56:42.310230
RTM1C53,0.14,0.13,0.15,1000000.0,1000000.0,0,0,0,0,0,0,31,2026-02-04 17:56:42.310230
RTM1P53,3.46,3.45,3.47,1000000.0,1000000.0,0,0,0,0,0,0,31,2026-02-04 17:56:42.310230
RTM1C54,0.14,0.13,0.15,1000000.0,1000000.0,0,0,0,0,0,0,31,2026-02-04 17:56:42.310230
RTM1P54,4.46,4.45,4.47,1000000.0,1000000.0,0,0,0,0,0,0,31,2026-02-04 17:56:42.310230
RTM,49.17,49.16,49.18,100000000.0,100000000.0,0,0,0,0,0,0,32,2026-02-04 17:56:43.372070
RTM1C45,4.26,4.25,4.27,1000000.0,1000000.0,0,0,0,0,0,0,32,2026-02-04 17:56:43.372070
RTM1P45,0.09,0.08,0.1,1000000.0,1000000.0,0,0,0,0,0,0,32,2026-02-04 17:56:43.372070
RTM1C46,3.37,3.36,3.38,1000000.0,1000000.0,0,0,0,0,0,0,32,2026-02-04 17:56:43.372070
RTM1P46,0.2,0.19,0.21,1000000.0,1000000.0,0,0,0,0,0,0,32,2026-02-04 17:56:43.372070
RTM1C47,2.57,2.56,2.58,1000000.0,1000000.0,0,0,0,0,0,0,32,2026-02-04 17:56:43.372070
RTM1P47,0.4,0.39,0.41,1000000.0,1000000.0,0,0,0,0,0,0,32,2026-02-04 17:56:43.372070
RTM1C48,1.86,1.85,1.87,1000000.0,1000000.0,0,0,0,0,0,0,32,2026-02-04 17:56:43.372070
RTM1P48,0.69,0.68,0.7,1000000.0,1000000.0,0,0,0,0,0,0,32,2026-02-04 17:56:43.372070
RTM1C49,1.23,1.22,1.24,1000000.0,1000000.0,0,0,0,0,0,0,32,2026-02-04 17:56:43.372070
RTM1P49,1.06,1.05,1.07,1000000.0,1000000.0,0,0,0,0,0,0,32,2026-02-04 17:56:43.372070
RTM1C50,0.87,0.86,0.88,1000000.0,1000000.0,0,0,0,0,0,0,32,2026-02-04 17:56:43.372070
RTM1P50,1.69,1.68,1.7,1000000.0,1000000.0,0,0,0,0,0,0,32,2026-02-04 17:56:43.372070
RTM1C51,0.59,0.58,0.6,1000000.0,1000000.0,0,0,0,0,0,0,32,2026-02-04 17:56:43.372070
RTM1P51,2.42,2.41,2.43,1000000.0,1000000.0,0,0,0,0,0,0,32,2026-02-04 17:56:43.372070
RTM1C52,0.29,0.28,0.3,1000000.0,1000000.0,0,0,0,0,0,0,32,2026-02-04 17:56:43.372070
RTM1P52,3.12,3.11,3.13,1000000.0,1000000.0,0,0,0,0,0,0,32,2026-02-04 17:56:43.372070
RTM1C53,0.14,0.13,0.15,1000000.0,1000000.0,0,0,0,0,0,0,32,2026-02-04 17:56:43.372070
RTM1P53,3.97,3.96,3.98,1000000.0,1000000.0,0,0,0,0,0,0,32,2026-02-04 17:56:43.372070
RTM1C54,0.09,0.08,0.1,1000000.0,1000000.0,0,0,0,0,0,0,32,2026-02-04 17:56:43.372070
RTM1P54,4.92,4.91,4.93,1000000.0,1000000.0,0,0,0,0,0,0,32,2026-02-04 17:56:43.372070
RTM,49.3,49.29,49.31,100000000.0,100000000.0,0,0,0,0,0,0,33,2026-02-04 17:56:44.478282
RTM1C45,4.4,4.39,4.41,1000000.0,1000000.0,0,0,0,0,0,0,33,2026-02-04 17:56:44.478282
RTM1P45,0.1,0.09,0.11,1000000.0,1000000.0,0,0,0,0,0,0,33,2026-02-04 17:56:44.478282
RTM1C46,3.48,3.47,3.49,1000000.0,1000000.0,0,0,0,0,0,0,33,2026-02-04 17:56:44.478282
RTM1P46,0.19,0.18,0.2,1000000.0,1000000.0,0,0,0,0,0,0,33,2026-02-04 17:56:44.478282
RTM1C47,2.69,2.68,2.7,1000000.0,1000000.0,0,0,0,0,0,0,33,2026-02-04 17:56:44.478282
RTM1P47,0.39,0.38,0.4,1000000.0,1000000.0,0,0,0,0,0,0,33,2026-02-04 17:56:44.478282
RTM1C48,1.95,1.94,1.96,1000000.0,1000000.0,0,0,0,0,0,0,33,2026-02-04 17:56:44.478282
RTM1P48,0.66,0.65,0.67,1000000.0,1000000.0,0,0,0,0,0,0,33,2026-02-04 17:56:44.478282
RTM1C49,1.32,1.31,1.33,1000000.0,1000000.0,0,0,0,0,0,0,33,2026-02-04 17:56:44.478282
RTM1P49,1.03,1.02,1.04,1000000.0,1000000.0,0,0,0,0,0,0,33,2026-02-04 17:56:44.478282
RTM1C50,0.86,0.85,0.87,1000000.0,1000000.0,0,0,0,0,0,0,33,2026-02-04 17:56:44.478282
RTM1P50,1.57,1.56,1.58,1000000.0,1000000.0,0,0,0,0,0,0,33,2026-02-04 17:56:44.478282
RTM1C51,0.55,0.54,0.56,1000000.0,1000000.0,0,0,0,0,0,0,33,2026-02-04 17:56:44.478282
RTM1P51,2.25,2.24,2.26,1000000.0,1000000.0,0,0,0,0,0,0,33,2026-02-04 17:56:44.478282
RTM1C52,0.31,0.3,0.32,1000000.0,1000000.0,0,0,0,0,0,0,33,2026-02-04 17:56:44.478282
RTM1P52,3.01,3.0,3.02,1000000.0,1000000.0,0,0,0,0,0,0,33,2026-02-04 17:56:44.478282
RTM1C53,0.16,0.15,0.17,1000000.0,1000000.0,0,0,0,0,0,0,33,2026-02-04 17:56:44.478282
RTM1P53,3.87,3.86,3.88,1000000.0,1000000.0,0,0,0,0,0,0,33,2026-02-04 17:56:44.478282
RTM1C54,0.11,0.1,0.12,1000000.0,1000000.0,0,0,0,0,0,0,33,2026-02-04 17:56:44.478282
RTM1P54,4.81,4.8,4.82,1000000.0,1000000.0,0,0,0,0,0,0,33,2026-02-04 17:56:44.478282
RTM,49.47,49.46,49.48,100000000.0,100000000.0,0,0,0,0,0,0,34,2026-02-04 17:56:45.552672
RTM1C45,4.55,4.54,4.56,1000000.0,1000000.0,0,0,0,0,0,0,34,2026-02-04 17:56:45.552672
RTM1P45,0.08,0.07,0.09,1000000.0,1000000.0,0,0,0,0,0,0,34,2026-02-04 17:56:45.552672
RTM1C46,3.63,3.62,3.64,1000000.0,1000000.0,0,0,0,0,0,0,34,2026-02-04 17:56:45.552672
RTM1P46,0.16,0.15,0.17,1000000.0,1000000.0,0,0,0,0,0,0,34,2026-02-04 17:56:45.552672
RTM1C47,2.83,2.82,2.84,1000000.0,1000000.0,0,0,0,0,0,0,34,2026-02-04 17:56:45.552672
RTM1P47,0.36,0.35,0.37,1000000.0,1000000.0,0,0,0,0,0,0,34,2026-02-04 17:56:45.552672
RTM1C48,2.1,2.09,2.11,1000000.0,1000000.0,0,0,0,0,0,0,34,2026-02-04 17:56:45.552672
RTM1P48,0.63,0.62,0.64,1000000.0,1000000.0,0,0,0,0,0,0,34,2026-02-04 17:56:45.552672
RTM1C49,1.46,1.45,1.47,1000000.0,1000000.0,0,0,0,0,0,0,34,2026-02-04 17:56:45.552672
RTM1P49,0.99,0.98,1.0,1000000.0,1000000.0,0,0,0,0,0,0,34,2026-02-04 17:56:45.552672
RTM1C50,1.02,1.01,1.03,1000000.0,1000000.0,0,0,0,0,0,0,34,2026-02-04 17:56:45.552672
RTM1P50,1.55,1.54,1.56,1000000.0,1000000.0,0,0,0,0,0,0,34,2026-02-04 17:56:45.552672
RTM1C51,0.6,0.59,0.61,1000000.0,1000000.0,0,0,0,0,0,0,34,2026-02-04 17:56:45.552672
RTM1P51,2.13,2.12,2.14,1000000.0,1000000.0,0,0,0,0,0,0,34,2026-02-04 17:56:45.552672
RTM1C52,0.43,0.42,0.44,1000000.0,1000000.0,0,0,0,0,0,0,34,2026-02-04 17:56:45.552672
RTM1P52,2.96,2.95,2.97,1000000.0,1000000.0,0,0,0,0,0,0,34,2026-02-04 17:56:45.552672
RTM1C53,0.19,0.18,0.2,1000000.0,1000000.0,0,0,0,0,0,0,34,2026-02-04 17:56:45.552672
RTM1P53,3.72,3.71,3.73,1000000.0,1000000.0,0,0,0,0,0,0,34,2026-02-04 17:56:45.552672
RTM1C54,0.11,0.1,0.12,1000000.0,1000000.0,0,0,0,0,0,0,34,2026-02-04 17:56:45.552672
RTM1P54,4.64,4.63,4.65,1000000.0,1000000.0,0,0,0,0,0,0,34,2026-02-04 17:56:45.552672
RTM,49.86,49.85,49.87,100000000.0,100000000.0,0,0,0,0,0,0,35,2026-02-04 17:56:46.624632
RTM1C45,4.92,4.91,4.93,1000000.0,1000000.0,0,0,0,0,0,0,35,2026-02-04 17:56:46.624632
RTM1P45,0.06,0.05,0.07,1000000.0,1000000.0,0,0,0,0,0,0,35,2026-02-04 17:56:46.624632
RTM1C46,4.03,4.02,4.04,1000000.0,1000000.0,0,0,0,0,0,0,35,2026-02-04 17:56:46.624632
RTM1P46,0.17,0.16,0.18,1000000.0,1000000.0,0,0,0,0,0,0,35,2026-02-04 17:56:46.624632
RTM1C47,3.12,3.11,3.13,1000000.0,1000000.0,0,0,0,0,0,0,35,2026-02-04 17:56:46.624632
RTM1P47,0.27,0.26,0.28,1000000.0,1000000.0,0,0,0,0,0,0,35,2026-02-04 17:56:46.624632
RTM1C48,2.34,2.33,2.35,1000000.0,1000000.0,0,0,0,0,0,0,35,2026-02-04 17:56:46.624632
RTM1P48,0.48,0.47,0.49,1000000.0,1000000.0,0,0,0,0,0,0,35,2026-02-04 17:56:46.624632
RTM1C49,1.75,1.74,1.76,1000000.0,1000000.0,0,0,0,0,0,0,35,2026-02-04 17:56:46.624632
RTM1P49,0.89,0.88,0.9,1000000.0,1000000.0,0,0,0,0,0,0,35,2026-02-04 17:56:46.624632
RTM1C50,1.17,1.16,1.18,1000000.0,1000000.0,0,0,0,0,0,0,35,2026-02-04 17:56:46.624632
RTM1P50,1.31,1.3,1.32,1000000.0,1000000.0,0,0,0,0,0,0,35,2026-02-04 17:56:46.624632
RTM1C51,0.81,0.8,0.82,1000000.0,1000000.0,0,0,0,0,0,0,35,2026-02-04 17:56:46.624632
RTM1P51,1.95,1.94,1.96,1000000.0,1000000.0,0,0,0,0,0,0,35,2026-02-04 17:56:46.624632
RTM1C52,0.51,0.5,0.52,1000000.0,1000000.0,0,0,0,0,0,0,35,2026-02-04 17:56:46.624632
RTM1P52,2.65,2.64,2.66,1000000.0,1000000.0,0,0,0,0,0,0,35,2026-02-04 17:56:46.624632
RTM1C53,0.21,0.2,0.22,1000000.0,1000000.0,0,0,0,0,0,0,35,2026-02-04 17:56:46.624632
RTM1P53,3.35,3.34,3.36,1000000.0,1000000.0,0,0,0,0,0,0,35,2026-02-04 17:56:46.624632
RTM1C54,0.15,0.14,0.16,1000000.0,1000000.0,0,0,0,0,0,0,35,2026-02-04 17:56:46.624632
RTM1P54,4.3,4.29,4.31,1000000.0,1000000.0,0,0,0,0,0,0,35,2026-02-04 17:56:46.624632
RTM,49.75,49.74,49.76,100000000.0,100000000.0,0,0,0,0,0,0,36,2026-02-04 17:56:47.694472,3.0,1.0,35.0,,News 1,The analysts have informed you that the realized volatility of RTM next week will be between 21% and 26%
RTM1C45,4.82,4.81,4.83,1000000.0,1000000.0,0,0,0,0,0,0,36,2026-02-04 17:56:47.694472,,,,,,
RTM1P45,0.08,0.07,0.09,1000000.0,1000000.0,0,0,0,0,0,0,36,2026-02-04 17:56:47.694472,,,,,,
RTM1C46,3.89,3.88,3.9,1000000.0,1000000.0,0,0,0,0,0,0,36,2026-02-04 17:56:47.694472,,,,,,
RTM1P46,0.14,0.13,0.15,1000000.0,1000000.0,0,0,0,0,0,0,36,2026-02-04 17:56:47.694472,,,,,,
RTM1C47,3.02,3.01,3.03,1000000.0,1000000.0,0,0,0,0,0,0,36,2026-02-04 17:56:47.694472,,,,,,
RTM1P47,0.27,0.26,0.28,1000000.0,1000000.0,0,0,0,0,0,0,36,2026-02-04 17:56:47.694472,,,,,,
RTM1C48,2.28,2.27,2.29,1000000.0,1000000.0,0,0,0,0,0,0,36,2026-02-04 17:56:47.694472,,,,,,
RTM1P48,0.53,0.52,0.54,1000000.0,1000000.0,0,0,0,0,0,0,36,2026-02-04 17:56:47.694472,,,,,,
RTM1C49,1.69,1.68,1.7,1000000.0,1000000.0,0,0,0,0,0,0,36,2026-02-04 17:56:47.694472,,,,,,
RTM1P49,0.94,0.93,0.95,1000000.0,1000000.0,0,0,0,0,0,0,36,2026-02-04 17:56:47.694472,,,,,,
RTM1C50,1.0,0.99,1.01,1000000.0,1000000.0,0,0,0,0,0,0,36,2026-02-04 17:56:47.694472,,,,,,
RTM1P50,1.26,1.25,1.27,1000000.0,1000000.0,0,0,0,0,0,0,36,2026-02-04 17:56:47.694472,,,,,,
RTM1C51,0.69,0.68,0.7,1000000.0,1000000.0,0,0,0,0,0,0,36,2026-02-04 17:56:47.694472,,,,,,
RTM1P51,1.94,1.93,1.95,1000000.0,1000000.0,0,0,0,0,0,0,36,2026-02-04 17:56:47.694472,,,,,,
RTM1C52,0.45,0.44,0.46,1000000.0,1000000.0,0,0,0,0,0,0,36,2026-02-04 17:56:47.694472,,,,,,
RTM1P52,2.71,2.7,2.72,1000000.0,1000000.0,0,0,0,0,0,0,36,2026-02-04 17:56:47.694472,,,,,,
RTM1C53,0.21,0.2,0.22,1000000.0,1000000.0,0,0,0,0,0,0,36,2026-02-04 17:56:47.694472,,,,,,
RTM1P53,3.46,3.45,3.47,1000000.0,1000000.0,0,0,0,0,0,0,36,2026-02-04 17:56:47.694472,,,,,,
RTM1C54,0.15,0.14,0.16,1000000.0,1000000.0,0,0,0,0,0,0,36,2026-02-04 17:56:47.694472,,,,,,
RTM1P54,4.41,4.4,4.42,1000000.0,1000000.0,0,0,0,0,0,0,36,2026-02-04 17:56:47.694472,,,,,,
RTM,49.77,49.76,49.78,100000000.0,100000000.0,0,0,0,0,0,0,37,2026-02-04 17:56:48.284010
RTM1C45,4.84,4.83,4.85,1000000.0,1000000.0,0,0,0,0,0,0,37,2026-02-04 17:56:48.284010
RTM1P45,0.07,0.06,0.08,1000000.0,1000000.0,0,0,0,0,0,0,37,2026-02-04 17:56:48.284010
RTM1C46,3.93,3.92,3.94,1000000.0,1000000.0,0,0,0,0,0,0,37,2026-02-04 17:56:48.284010
RTM1P46,0.16,0.15,0.17,1000000.0,1000000.0,0,0,0,0,0,0,37,2026-02-04 17:56:48.284010
RTM1C47,3.09,3.08,3.1,1000000.0,1000000.0,0,0,0,0,0,0,37,2026-02-04 17:56:48.284010
RTM1P47,0.32,0.31,0.33,1000000.0,1000000.0,0,0,0,0,0,0,37,2026-02-04 17:56:48.284010
RTM1C48,2.27,2.26,2.28,1000000.0,1000000.0,0,0,0,0,0,0,37,2026-02-04 17:56:48.284010
RTM1P48,0.49,0.48,0.5,1000000.0,1000000.0,0,0,0,0,0,0,37,2026-02-04 17:56:48.284010
RTM1C49,1.67,1.66,1.68,1000000.0,1000000.0,0,0,0,0,0,0,37,2026-02-04 17:56:48.284010
RTM1P49,0.9,0.89,0.91,1000000.0,1000000.0,0,0,0,0,0,0,37,2026-02-04 17:56:48.284010
RTM1C50,1.09,1.08,1.1,1000000.0,1000000.0,0,0,0,0,0,0,37,2026-02-04 17:56:48.284010
RTM1P50,1.32,1.31,1.33,1000000.0,1000000.0,0,0,0,0,0,0,37,2026-02-04 17:56:48.284010
RTM1C51,0.75,0.74,0.76,1000000.0,1000000.0,0,0,0,0,0,0,37,2026-02-04 17:56:48.284010
RTM1P51,1.98,1.97,1.99,1000000.0,1000000.0,0,0,0,0,0,0,37,2026-02-04 17:56:48.284010
RTM1C52,0.5,0.49,0.51,1000000.0,1000000.0,0,0,0,0,0,0,37,2026-02-04 17:56:48.284010
RTM1P52,2.72,2.71,2.73,1000000.0,1000000.0,0,0,0,0,0,0,37,2026-02-04 17:56:48.284010
RTM1C53,0.25,0.24,0.26,1000000.0,1000000.0,0,0,0,0,0,0,37,2026-02-04 17:56:48.284010
RTM1P53,3.48,3.47,3.49,1000000.0,1000000.0,0,0,0,0,0,0,37,2026-02-04 17:56:48.284010
RTM1C54,0.17,0.16,0.18,1000000.0,1000000.0,0,0,0,0,0,0,37,2026-02-04 17:56:48.284010
RTM1P54,4.4,4.39,4.41,1000000.0,1000000.0,0,0,0,0,0,0,37,2026-02-04 17:56:48.284010
RTM,49.49,49.48,49.5,100000000.0,100000000.0,0,0,0,0,0,0,38,2026-02-04 17:56:49.357660
RTM1C45,4.57,4.56,4.58,1000000.0,1000000.0,0,0,0,0,0,0,38,2026-02-04 17:56:49.357660
RTM1P45,0.08,0.07,0.09,1000000.0,1000000.0,0,0,0,0,0,0,38,2026-02-04 17:56:49.357660
RTM1C46,3.66,3.65,3.67,1000000.0,1000000.0,0,0,0,0,0,0,38,2026-02-04 17:56:49.357660
RTM1P46,0.17,0.16,0.18,1000000.0,1000000.0,0,0,0,0,0,0,38,2026-02-04 17:56:49.357660
RTM1C47,2.86,2.85,2.87,1000000.0,1000000.0,0,0,0,0,0,0,38,2026-02-04 17:56:49.357660
RTM1P47,0.38,0.37,0.39,1000000.0,1000000.0,0,0,0,0,0,0,38,2026-02-04 17:56:49.357660
RTM1C48,2.07,2.06,2.08,1000000.0,1000000.0,0,0,0,0,0,0,38,2026-02-04 17:56:49.357660
RTM1P48,0.58,0.57,0.59,1000000.0,1000000.0,0,0,0,0,0,0,38,2026-02-04 17:56:49.357660
RTM1C49,1.55,1.54,1.56,1000000.0,1000000.0,0,0,0,0,0,0,38,2026-02-04 17:56:49.357660
RTM1P49,1.06,1.05,1.07,1000000.0,1000000.0,0,0,0,0,0,0,38,2026-02-04 17:56:49.357660
RTM1C50,0.95,0.94,0.96,1000000.0,1000000.0,0,0,0,0,0,0,38,2026-02-04 17:56:49.357660
RTM1P50,1.47,1.46,1.48,1000000.0,1000000.0,0,0,0,0,0,0,38,2026-02-04 17:56:49.357660
RTM1C51,0.69,0.68,0.7,1000000.0,1000000.0,0,0,0,0,0,0,38,2026-02-04 17:56:49.357660
RTM1P51,2.2,2.19,2.21,1000000.0,1000000.0,0,0,0,0,0,0,38,2026-02-04 17:56:49.357660
RTM1C52,0.41,0.4,0.42,1000000.0,1000000.0,0,0,0,0,0,0,38,2026-02-04 17:56:49.357660
RTM1P52,2.93,2.92,2.94,1000000.0,1000000.0,0,0,0,0,0,0,38,2026-02-04 17:56:49.357660
RTM1C53,0.2,0.19,0.21,1000000.0,1000000.0,0,0,0,0,0,0,38,2026-02-04 17:56:49.357660
RTM1P53,3.72,3.71,3.73,1000000.0,1000000.0,0,0,0,0,0,0,38,2026-02-04 17:56:49.357660
RTM1C54,0.1,0.09,0.11,1000000.0,1000000.0,0,0,0,0,0,0,38,2026-02-04 17:56:49.357660
RTM1P54,4.62,4.61,4.63,1000000.0,1000000.0,0,0,0,0,0,0,38,2026-02-04 17:56:49.357660
RTM,48.96,48.95,48.97,100000000.0,100000000.0,0,0,0,0,0,0,39,2026-02-04 17:56:50.451439
RTM1C45,4.08,4.07,4.09,1000000.0,1000000.0,0,0,0,0,0,0,39,2026-02-04 17:56:50.451439
RTM1P45,0.12,0.11,0.13,1000000.0,1000000.0,0,0,0,0,0,0,39,2026-02-04 17:56:50.451439
RTM1C46,3.24,3.23,3.25,1000000.0,1000000.0,0,0,0,0,0,0,39,2026-02-04 17:56:50.451439
RTM1P46,0.29,0.28,0.3,1000000.0,1000000.0,0,0,0,0,0,0,39,2026-02-04 17:56:50.451439
RTM1C47,2.46,2.45,2.47,1000000.0,1000000.0,0,0,0,0,0,0,39,2026-02-04 17:56:50.451439
RTM1P47,0.5,0.49,0.51,1000000.0,1000000.0,0,0,0,0,0,0,39,2026-02-04 17:56:50.451439
RTM1C48,1.69,1.68,1.7,1000000.0,1000000.0,0,0,0,0,0,0,39,2026-02-04 17:56:50.451439
RTM1P48,0.73,0.72,0.74,1000000.0,1000000.0,0,0,0,0,0,0,39,2026-02-04 17:56:50.451439
RTM1C49,1.18,1.17,1.19,1000000.0,1000000.0,0,0,0,0,0,0,39,2026-02-04 17:56:50.451439
RTM1P49,1.22,1.21,1.23,1000000.0,1000000.0,0,0,0,0,0,0,39,2026-02-04 17:56:50.451439
RTM1C50,0.79,0.78,0.8,1000000.0,1000000.0,0,0,0,0,0,0,39,2026-02-04 17:56:50.451439
RTM1P50,1.84,1.83,1.85,1000000.0,1000000.0,0,0,0,0,0,0,39,2026-02-04 17:56:50.451439
RTM1C51,0.49,0.48,0.5,1000000.0,1000000.0,0,0,0,0,0,0,39,2026-02-04 17:56:50.451439
RTM1P51,2.53,2.52,2.54,1000000.0,1000000.0,0,0,0,0,0,0,39,2026-02-04 17:56:50.451439
RTM1C52,0.32,0.31,0.33,1000000.0,1000000.0,0,0,0,0,0,0,39,2026-02-04 17:56:50.451439
RTM1P52,3.36,3.35,3.37,1000000.0,1000000.0,0,0,0,0,0,0,39,2026-02-04 17:56:50.451439
RTM1C53,0.15,0.14,0.16,1000000.0,1000000.0,0,0,0,0,0,0,39,2026-02-04 17:56:50.451439
RTM1P53,4.19,4.18,4.2,1000000.0,1000000.0,0,0,0,0,0,0,39,2026-02-04 17:56:50.451439
RTM1C54,0.1,0.09,0.11,1000000.0,1000000.0,0,0,0,0,0,0,39,2026-02-04 17:56:50.451439
RTM1P54,5.14,5.13,5.15,1000000.0,1000000.0,0,0,0,0,0,0,39,2026-02-04 17:56:50.451439
RTM,48.32,48.31,48.33,100000000.0,100000000.0,0,0,0,0,0,0,40,2026-02-04 17:56:51.541764
RTM1C45,3.55,3.54,3.56,1000000.0,1000000.0,0,0,0,0,0,0,40,2026-02-04 17:56:51.541764
RTM1P45,0.22,0.21,0.23,1000000.0,1000000.0,0,0,0,0,0,0,40,2026-02-04 17:56:51.541764
RTM1C46,2.7,2.69,2.71,1000000.0,1000000.0,0,0,0,0,0,0,40,2026-02-04 17:56:51.541764
RTM1P46,0.38,0.37,0.39,1000000.0,1000000.0,0,0,0,0,0,0,40,2026-02-04 17:56:51.541764
RTM1C47,1.95,1.94,1.96,1000000.0,1000000.0,0,0,0,0,0,0,40,2026-02-04 17:56:51.541764
RTM1P47,0.63,0.62,0.64,1000000.0,1000000.0,0,0,0,0,0,0,40,2026-02-04 17:56:51.541764
RTM1C48,1.42,1.41,1.43,1000000.0,1000000.0,0,0,0,0,0,0,40,2026-02-04 17:56:51.541764
RTM1P48,1.1,1.09,1.11,1000000.0,1000000.0,0,0,0,0,0,0,40,2026-02-04 17:56:51.541764
RTM1C49,0.94,0.93,0.95,1000000.0,1000000.0,0,0,0,0,0,0,40,2026-02-04 17:56:51.541764
RTM1P49,1.62,1.61,1.63,1000000.0,1000000.0,0,0,0,0,0,0,40,2026-02-04 17:56:51.541764
RTM1C50,0.59,0.58,0.6,1000000.0,1000000.0,0,0,0,0,0,0,40,2026-02-04 17:56:51.541764
RTM1P50,2.27,2.26,2.28,1000000.0,1000000.0,0,0,0,0,0,0,40,2026-02-04 17:56:51.541764
RTM1C51,0.39,0.38,0.4,1000000.0,1000000.0,0,0,0,0,0,0,40,2026-02-04 17:56:51.541764
RTM1P51,3.07,3.06,3.08,1000000.0,1000000.0,0,0,0,0,0,0,40,2026-02-04 17:56:51.541764
RTM1C52,0.18,0.17,0.19,1000000.0,1000000.0,0,0,0,0,0,0,40,2026-02-04 17:56:51.541764
RTM1P52,3.86,3.85,3.87,1000000.0,1000000.0,0,0,0,0,0,0,40,2026-02-04 17:56:51.541764
RTM1C53,0.1,0.09,0.11,1000000.0,1000000.0,0,0,0,0,0,0,40,2026-02-04 17:56:51.541764
RTM1P53,4.78,4.77,4.79,1000000.0,1000000.0,0,0,0,0,0,0,40,2026-02-04 17:56:51.541764
RTM1C54,0.06,0.05,0.07,1000000.0,1000000.0,0,0,0,0,0,0,40,2026-02-04 17:56:51.541764
RTM1P54,5.74,5.73,5.75,1000000.0,1000000.0,0,0,0,0,0,0,40,2026-02-04 17:56:51.541764
RTM,48.29,48.28,48.3,100000000.0,100000000.0,0,0,0,0,0,0,41,2026-02-04 17:56:52.620632
RTM1C45,3.51,3.5,3.52,1000000.0,1000000.0,0,0,0,0,0,0,41,2026-02-04 17:56:52.620632
RTM1P45,0.22,0.21,0.23,1000000.0,1000000.0,0,0,0,0,0,0,41,2026-02-04 17:56:52.620632
RTM1C46,2.71,2.7,2.72,1000000.0,1000000.0,0,0,0,0,0,0,41,2026-02-04 17:56:52.620632
RTM1P46,0.43,0.42,0.44,1000000.0,1000000.0,0,0,0,0,0,0,41,2026-02-04 17:56:52.620632
RTM1C47,1.93,1.92,1.94,1000000.0,1000000.0,0,0,0,0,0,0,41,2026-02-04 17:56:52.620632
RTM1P47,0.64,0.63,0.65,1000000.0,1000000.0,0,0,0,0,0,0,41,2026-02-04 17:56:52.620632
RTM1C48,1.31,1.3,1.32,1000000.0,1000000.0,0,0,0,0,0,0,41,2026-02-04 17:56:52.620632
RTM1P48,1.02,1.01,1.03,1000000.0,1000000.0,0,0,0,0,0,0,41,2026-02-04 17:56:52.620632
RTM1C49,0.93,0.92,0.94,1000000.0,1000000.0,0,0,0,0,0,0,41,2026-02-04 17:56:52.620632
RTM1P49,1.65,1.64,1.66,1000000.0,1000000.0,0,0,0,0,0,0,41,2026-02-04 17:56:52.620632
RTM1C50,0.54,0.53,0.55,1000000.0,1000000.0,0,0,0,0,0,0,41,2026-02-04 17:56:52.620632
RTM1P50,2.25,2.24,2.26,1000000.0,1000000.0,0,0,0,0,0,0,41,2026-02-04 17:56:52.620632
RTM1C51,0.32,0.31,0.33,1000000.0,1000000.0,0,0,0,0,0,0,41,2026-02-04 17:56:52.620632
RTM1P51,3.03,3.02,3.04,1000000.0,1000000.0,0,0,0,0,0,0,41,2026-02-04 17:56:52.620632
RTM1C52,0.21,0.2,0.22,1000000.0,1000000.0,0,0,0,0,0,0,41,2026-02-04 17:56:52.620632
RTM1P52,3.92,3.91,3.93,1000000.0,1000000.0,0,0,0,0,0,0,41,2026-02-04 17:56:52.620632
RTM1C53,0.11,0.1,0.12,1000000.0,1000000.0,0,0,0,0,0,0,41,2026-02-04 17:56:52.620632
RTM1P53,4.82,4.81,4.83,1000000.0,1000000.0,0,0,0,0,0,0,41,2026-02-04 17:56:52.620632
RTM1C54,0.06,0.05,0.07,1000000.0,1000000.0,0,0,0,0,0,0,41,2026-02-04 17:56:52.620632
RTM1P54,5.77,5.76,5.78,1000000.0,1000000.0,0,0,0,0,0,0,41,2026-02-04 17:56:52.620632
RTM,48.27,48.26,48.28,100000000.0,100000000.0,0,0,0,0,0,0,42,2026-02-04 17:56:53.717889
RTM1C45,3.48,3.47,3.49,1000000.0,1000000.0,0,0,0,0,0,0,42,2026-02-04 17:56:53.717889
RTM1P45,0.21,0.2,0.22,1000000.0,1000000.0,0,0,0,0,0,0,42,2026-02-04 17:56:53.717889
RTM1C46,2.66,2.65,2.67,1000000.0,1000000.0,0,0,0,0,0,0,42,2026-02-04 17:56:53.717889
RTM1P46,0.39,0.38,0.4,1000000.0,1000000.0,0,0,0,0,0,0,42,2026-02-04 17:56:53.717889
RTM1C47,1.95,1.94,1.96,1000000.0,1000000.0,0,0,0,0,0,0,42,2026-02-04 17:56:53.717889
RTM1P47,0.68,0.67,0.69,1000000.0,1000000.0,0,0,0,0,0,0,42,2026-02-04 17:56:53.717889
RTM1C48,1.36,1.35,1.37,1000000.0,1000000.0,0,0,0,0,0,0,42,2026-02-04 17:56:53.717889
RTM1P48,1.09,1.08,1.1,1000000.0,1000000.0,0,0,0,0,0,0,42,2026-02-04 17:56:53.717889
RTM1C49,0.93,0.92,0.94,1000000.0,1000000.0,0,0,0,0,0,0,42,2026-02-04 17:56:53.717889
RTM1P49,1.65,1.64,1.66,1000000.0,1000000.0,0,0,0,0,0,0,42,2026-02-04 17:56:53.717889
RTM1C50,0.55,0.54,0.56,1000000.0,1000000.0,0,0,0,0,0,0,42,2026-02-04 17:56:53.717889
RTM1P50,2.28,2.27,2.29,1000000.0,1000000.0,0,0,0,0,0,0,42,2026-02-04 17:56:53.717889
RTM1C51,0.33,0.32,0.34,1000000.0,1000000.0,0,0,0,0,0,0,42,2026-02-04 17:56:53.717889
RTM1P51,3.06,3.05,3.07,1000000.0,1000000.0,0,0,0,0,0,0,42,2026-02-04 17:56:53.717889
RTM1C52,0.17,0.16,0.18,1000000.0,1000000.0,0,0,0,0,0,0,42,2026-02-04 17:56:53.717889
RTM1P52,3.9,3.89,3.91,1000000.0,1000000.0,0,0,0,0,0,0,42,2026-02-04 17:56:53.717889
RTM1C53,0.1,0.09,0.11,1000000.0,1000000.0,0,0,0,0,0,0,42,2026-02-04 17:56:53.717889
RTM1P53,4.82,4.81,4.83,1000000.0,1000000.0,0,0,0,0,0,0,42,2026-02-04 17:56:53.717889
RTM1C54,0.06,0.05,0.07,1000000.0,1000000.0,0,0,0,0,0,0,42,2026-02-04 17:56:53.717889
RTM1P54,5.78,5.77,5.79,1000000.0,1000000.0,0,0,0,0,0,0,42,2026-02-04 17:56:53.717889
RTM,48.16,48.15,48.17,100000000.0,100000000.0,0,0,0,0,0,0,43,2026-02-04 17:56:54.308994
RTM1C45,3.39,3.38,3.4,1000000.0,1000000.0,0,0,0,0,0,0,43,2026-02-04 17:56:54.308994
RTM1P45,0.23,0.22,0.24,1000000.0,1000000.0,0,0,0,0,0,0,43,2026-02-04 17:56:54.308994
RTM1C46,2.58,2.57,2.59,1000000.0,1000000.0,0,0,0,0,0,0,43,2026-02-04 17:56:54.308994
RTM1P46,0.42,0.41,0.43,1000000.0,1000000.0,0,0,0,0,0,0,43,2026-02-04 17:56:54.308994
RTM1C47,1.85,1.84,1.86,1000000.0,1000000.0,0,0,0,0,0,0,43,2026-02-04 17:56:54.308994
RTM1P47,0.69,0.68,0.7,1000000.0,1000000.0,0,0,0,0,0,0,43,2026-02-04 17:56:54.308994
RTM1C48,1.33,1.32,1.34,1000000.0,1000000.0,0,0,0,0,0,0,43,2026-02-04 17:56:54.308994
RTM1P48,1.16,1.15,1.17,1000000.0,1000000.0,0,0,0,0,0,0,43,2026-02-04 17:56:54.308994
RTM1C49,0.92,0.91,0.93,1000000.0,1000000.0,0,0,0,0,0,0,43,2026-02-04 17:56:54.308994
RTM1P49,1.76,1.75,1.77,1000000.0,1000000.0,0,0,0,0,0,0,43,2026-02-04 17:56:54.308994
RTM1C50,0.51,0.5,0.52,1000000.0,1000000.0,0,0,0,0,0,0,43,2026-02-04 17:56:54.308994
RTM1P50,2.35,2.34,2.36,1000000.0,1000000.0,0,0,0,0,0,0,43,2026-02-04 17:56:54.308994
RTM1C51,0.29,0.28,0.3,1000000.0,1000000.0,0,0,0,0,0,0,43,2026-02-04 17:56:54.308994
RTM1P51,3.13,3.12,3.14,1000000.0,1000000.0,0,0,0,0,0,0,43,2026-02-04 17:56:54.308994
RTM1C52,0.17,0.16,0.18,1000000.0,1000000.0,0,0,0,0,0,0,43,2026-02-04 17:56:54.308994
RTM1P52,4.0,3.99,4.01,1000000.0,1000000.0,0,0,0,0,0,0,43,2026-02-04 17:56:54.308994
RTM1C53,0.1,0.09,0.11,1000000.0,1000000.0,0,0,0,0,0,0,43,2026-02-04 17:56:54.308994
RTM1P53,4.94,4.93,4.95,1000000.0,1000000.0,0,0,0,0,0,0,43,2026-02-04 17:56:54.308994
RTM1C54,0.05,0.04,0.06,1000000.0,1000000.0,0,0,0,0,0,0,43,2026-02-04 17:56:54.308994
RTM1P54,5.88,5.87,5.89,1000000.0,1000000.0,0,0,0,0,0,0,43,2026-02-04 17:56:54.308994
RTM,48.05,48.04,48.06,100000000.0,100000000.0,0,0,0,0,0,0,44,2026-02-04 17:56:55.536546
RTM1C45,3.31,3.3,3.32,1000000.0,1000000.0,0,0,0,0,0,0,44,2026-02-04 17:56:55.536546
RTM1P45,0.27,0.26,0.28,1000000.0,1000000.0,0,0,0,0,0,0,44,2026-02-04 17:56:55.536546
RTM1C46,2.46,2.45,2.47,1000000.0,1000000.0,0,0,0,0,0,0,44,2026-02-04 17:56:55.536546
RTM1P46,0.42,0.41,0.43,1000000.0,1000000.0,0,0,0,0,0,0,44,2026-02-04 17:56:55.536546
RTM1C47,1.84,1.83,1.85,1000000.0,1000000.0,0,0,0,0,0,0,44,2026-02-04 17:56:55.536546
RTM1P47,0.8,0.79,0.81,1000000.0,1000000.0,0,0,0,0,0,0,44,2026-02-04 17:56:55.536546
RTM1C48,1.22,1.21,1.23,1000000.0,1000000.0,0,0,0,0,0,0,44,2026-02-04 17:56:55.536546
RTM1P48,1.18,1.17,1.19,1000000.0,1000000.0,0,0,0,0,0,0,44,2026-02-04 17:56:55.536546
RTM1C49,0.82,0.81,0.83,1000000.0,1000000.0,0,0,0,0,0,0,44,2026-02-04 17:56:55.536546
RTM1P49,1.77,1.76,1.78,1000000.0,1000000.0,0,0,0,0,0,0,44,2026-02-04 17:56:55.536546
RTM1C50,0.52,0.51,0.53,1000000.0,1000000.0,0,0,0,0,0,0,44,2026-02-04 17:56:55.536546
RTM1P50,2.47,2.46,2.48,1000000.0,1000000.0,0,0,0,0,0,0,44,2026-02-04 17:56:55.536546
RTM1C51,0.33,0.32,0.34,1000000.0,1000000.0,0,0,0,0,0,0,44,2026-02-04 17:56:55.536546
RTM1P51,3.29,3.28,3.3,1000000.0,1000000.0,0,0,0,0,0,0,44,2026-02-04 17:56:55.536546
RTM1C52,0.19,0.18,0.2,1000000.0,1000000.0,0,0,0,0,0,0,44,2026-02-04 17:56:55.536546
RTM1P52,4.14,4.13,4.15,1000000.0,1000000.0,0,0,0,0,0,0,44,2026-02-04 17:56:55.536546
RTM1C53,0.09,0.08,0.1,1000000.0,1000000.0,0,0,0,0,0,0,44,2026-02-04 17:56:55.536546
RTM1P53,5.05,5.04,5.06,1000000.0,1000000.0,0,0,0,0,0,0,44,2026-02-04 17:56:55.536546
RTM1C54,0.04,0.03,0.05,1000000.0,1000000.0,0,0,0,0,0,0,44,2026-02-04 17:56:55.536546
RTM1P54,5.99,5.98,6.0,1000000.0,1000000.0,0,0,0,0,0,0,44,2026-02-04 17:56:55.536546
RTM,47.73,47.72,47.74,100000000.0,100000000.0,0,0,0,0,0,0,45,2026-02-04 17:56:56.695869
RTM1C45,3.0,2.99,3.01,1000000.0,1000000.0,0,0,0,0,0,0,45,2026-02-04 17:56:56.695869
RTM1P45,0.27,0.26,0.28,1000000.0,1000000.0,0,0,0,0,0,0,45,2026-02-04 17:56:56.695869
RTM1C46,2.25,2.24,2.26,1000000.0,1000000.0,0,0,0,0,0,0,45,2026-02-04 17:56:56.695869
RTM1P46,0.52,0.51,0.53,1000000.0,1000000.0,0,0,0,0,0,0,45,2026-02-04 17:56:56.695869
RTM1C47,1.61,1.6,1.62,1000000.0,1000000.0,0,0,0,0,0,0,45,2026-02-04 17:56:56.695869
RTM1P47,0.88,0.87,0.89,1000000.0,1000000.0,0,0,0,0,0,0,45,2026-02-04 17:56:56.695869
RTM1C48,1.11,1.1,1.12,1000000.0,1000000.0,0,0,0,0,0,0,45,2026-02-04 17:56:56.695869
RTM1P48,1.38,1.37,1.39,1000000.0,1000000.0,0,0,0,0,0,0,45,2026-02-04 17:56:56.695869
RTM1C49,0.72,0.71,0.73,1000000.0,1000000.0,0,0,0,0,0,0,45,2026-02-04 17:56:56.695869
RTM1P49,1.99,1.98,2.0,1000000.0,1000000.0,0,0,0,0,0,0,45,2026-02-04 17:56:56.695869
RTM1C50,0.43,0.42,0.44,1000000.0,1000000.0,0,0,0,0,0,0,45,2026-02-04 17:56:56.695869
RTM1P50,2.71,2.7,2.72,1000000.0,1000000.0,0,0,0,0,0,0,45,2026-02-04 17:56:56.695869
RTM1C51,0.26,0.25,0.27,1000000.0,1000000.0,0,0,0,0,0,0,45,2026-02-04 17:56:56.695869
RTM1P51,3.54,3.53,3.55,1000000.0,1000000.0,0,0,0,0,0,0,45,2026-02-04 17:56:56.695869
RTM1C52,0.14,0.13,0.15,1000000.0,1000000.0,0,0,0,0,0,0,45,2026-02-04 17:56:56.695869
RTM1P52,4.42,4.41,4.43,1000000.0,1000000.0,0,0,0,0,0,0,45,2026-02-04 17:56:56.695869
RTM1C53,0.08,0.07,0.09,1000000.0,1000000.0,0,0,0,0,0,0,45,2026-02-04 17:56:56.695869
RTM1P53,5.36,5.35,5.37,1000000.0,1000000.0,0,0,0,0,0,0,45,2026-02-04 17:56:56.695869
RTM1C54,0.03,0.02,0.04,1000000.0,1000000.0,0,0,0,0,0,0,45,2026-02-04 17:56:56.695869
RTM1P54,6.31,6.3,6.32,1000000.0,1000000.0,0,0,0,0,0,0,45,2026-02-04 17:56:56.695869
RTM,47.92,47.91,47.93,100000000.0,100000000.0,0,0,0,0,0,0,46,2026-02-04 17:56:57.283693
RTM1C45,3.2,3.19,3.21,1000000.0,1000000.0,0,0,0,0,0,0,46,2026-02-04 17:56:57.283693
RTM1P45,0.27,0.26,0.28,1000000.0,1000000.0,0,0,0,0,0,0,46,2026-02-04 17:56:57.283693
RTM1C46,2.39,2.38,2.4,1000000.0,1000000.0,0,0,0,0,0,0,46,2026-02-04 17:56:57.283693
RTM1P46,0.47,0.46,0.48,1000000.0,1000000.0,0,0,0,0,0,0,46,2026-02-04 17:56:57.283693
RTM1C47,1.71,1.7,1.72,1000000.0,1000000.0,0,0,0,0,0,0,46,2026-02-04 17:56:57.283693
RTM1P47,0.79,0.78,0.8,1000000.0,1000000.0,0,0,0,0,0,0,46,2026-02-04 17:56:57.283693
RTM1C48,1.23,1.22,1.24,1000000.0,1000000.0,0,0,0,0,0,0,46,2026-02-04 17:56:57.283693
RTM1P48,1.3,1.29,1.31,1000000.0,1000000.0,0,0,0,0,0,0,46,2026-02-04 17:56:57.283693
RTM1C49,0.78,0.77,0.79,1000000.0,1000000.0,0,0,0,0,0,0,46,2026-02-04 17:56:57.283693
RTM1P49,1.86,1.85,1.87,1000000.0,1000000.0,0,0,0,0,0,0,46,2026-02-04 17:56:57.283693
RTM1C50,0.49,0.48,0.5,1000000.0,1000000.0,0,0,0,0,0,0,46,2026-02-04 17:56:57.283693
RTM1P50,2.56,2.55,2.57,1000000.0,1000000.0,0,0,0,0,0,0,46,2026-02-04 17:56:57.283693
RTM1C51,0.3,0.29,0.31,1000000.0,1000000.0,0,0,0,0,0,0,46,2026-02-04 17:56:57.283693
RTM1P51,3.38,3.37,3.39,1000000.0,1000000.0,0,0,0,0,0,0,46,2026-02-04 17:56:57.283693
RTM1C52,0.18,0.17,0.19,1000000.0,1000000.0,0,0,0,0,0,0,46,2026-02-04 17:56:57.283693
RTM1P52,4.26,4.25,4.27,1000000.0,1000000.0,0,0,0,0,0,0,46,2026-02-04 17:56:57.283693
RTM1C53,0.09,0.08,0.1,1000000.0,1000000.0,0,0,0,0,0,0,46,2026-02-04 17:56:57.283693
RTM1P53,5.17,5.16,5.18,1000000.0,1000000.0,0,0,0,0,0,0,46,2026-02-04 17:56:57.283693
RTM1C54,0.05,0.04,0.06,1000000.0,1000000.0,0,0,0,0,0,0,46,2026-02-04 17:56:57.283693
RTM1P54,6.12,6.11,6.13,1000000.0,1000000.0,0,0,0,0,0,0,46,2026-02-04 17:56:57.283693
RTM,47.85,47.84,47.86,100000000.0,100000000.0,0,0,0,0,0,0,47,2026-02-04 17:56:58.351476
RTM1C45,3.11,3.1,3.12,1000000.0,1000000.0,0,0,0,0,0,0,47,2026-02-04 17:56:58.351476
RTM1P45,0.26,0.25,0.27,1000000.0,1000000.0,0,0,0,0,0,0,47,2026-02-04 17:56:58.351476
RTM1C46,2.34,2.33,2.35,1000000.0,1000000.0,0,0,0,0,0,0,47,2026-02-04 17:56:58.351476
RTM1P46,0.49,0.48,0.5,1000000.0,1000000.0,0,0,0,0,0,0,47,2026-02-04 17:56:58.351476
RTM1C47,1.69,1.68,1.7,1000000.0,1000000.0,0,0,0,0,0,0,47,2026-02-04 17:56:58.351476
RTM1P47,0.84,0.83,0.85,1000000.0,1000000.0,0,0,0,0,0,0,47,2026-02-04 17:56:58.351476
RTM1C48,1.16,1.15,1.17,1000000.0,1000000.0,0,0,0,0,0,0,47,2026-02-04 17:56:58.351476
RTM1P48,1.32,1.31,1.33,1000000.0,1000000.0,0,0,0,0,0,0,47,2026-02-04 17:56:58.351476
RTM1C49,0.73,0.72,0.74,1000000.0,1000000.0,0,0,0,0,0,0,47,2026-02-04 17:56:58.351476
RTM1P49,1.88,1.87,1.89,1000000.0,1000000.0,0,0,0,0,0,0,47,2026-02-04 17:56:58.351476
RTM1C50,0.47,0.46,0.48,1000000.0,1000000.0,0,0,0,0,0,0,47,2026-02-04 17:56:58.351476
RTM1P50,2.62,2.61,2.63,1000000.0,1000000.0,0,0,0,0,0,0,47,2026-02-04 17:56:58.351476
RTM1C51,0.27,0.26,0.28,1000000.0,1000000.0,0,0,0,0,0,0,47,2026-02-04 17:56:58.351476
RTM1P51,3.42,3.41,3.43,1000000.0,1000000.0,0,0,0,0,0,0,47,2026-02-04 17:56:58.351476
RTM1C52,0.15,0.14,0.16,1000000.0,1000000.0,0,0,0,0,0,0,47,2026-02-04 17:56:58.351476
RTM1P52,4.31,4.3,4.32,1000000.0,1000000.0,0,0,0,0,0,0,47,2026-02-04 17:56:58.351476
RTM1C53,0.07,0.06,0.08,1000000.0,1000000.0,0,0,0,0,0,0,47,2026-02-04 17:56:58.351476
RTM1P53,5.22,5.21,5.23,1000000.0,1000000.0,0,0,0,0,0,0,47,2026-02-04 17:56:58.351476
RTM1C54,0.05,0.04,0.06,1000000.0,1000000.0,0,0,0,0,0,0,47,2026-02-04 17:56:58.351476
RTM1P54,6.2,6.19,6.21,1000000.0,1000000.0,0,0,0,0,0,0,47,2026-02-04 17:56:58.351476
RTM,47.7,47.69,47.71,100000000.0,100000000.0,0,0,0,0,0,0,48,2026-02-04 17:56:59.439753
RTM1C45,3.01,3.0,3.02,1000000.0,1000000.0,0,0,0,0,0,0,48,2026-02-04 17:56:59.439753
RTM1P45,0.31,0.3,0.32,1000000.0,1000000.0,0,0,0,0,0,0,48,2026-02-04 17:56:59.439753
RTM1C46,2.26,2.25,2.27,1000000.0,1000000.0,0,0,0,0,0,0,48,2026-02-04 17:56:59.439753
RTM1P46,0.56,0.55,0.57,1000000.0,1000000.0,0,0,0,0,0,0,48,2026-02-04 17:56:59.439753
RTM1C47,1.62,1.61,1.63,1000000.0,1000000.0,0,0,0,0,0,0,48,2026-02-04 17:56:59.439753
RTM1P47,0.92,0.91,0.93,1000000.0,1000000.0,0,0,0,0,0,0,48,2026-02-04 17:56:59.439753
RTM1C48,1.07,1.06,1.08,1000000.0,1000000.0,0,0,0,0,0,0,48,2026-02-04 17:56:59.439753
RTM1P48,1.37,1.36,1.38,1000000.0,1000000.0,0,0,0,0,0,0,48,2026-02-04 17:56:59.439753
RTM1C49,0.71,0.7,0.72,1000000.0,1000000.0,0,0,0,0,0,0,48,2026-02-04 17:56:59.439753
RTM1P49,2.02,2.01,2.03,1000000.0,1000000.0,0,0,0,0,0,0,48,2026-02-04 17:56:59.439753
RTM1C50,0.47,0.46,0.48,1000000.0,1000000.0,0,0,0,0,0,0,48,2026-02-04 17:56:59.439753
RTM1P50,2.77,2.76,2.78,1000000.0,1000000.0,0,0,0,0,0,0,48,2026-02-04 17:56:59.439753
RTM1C51,0.28,0.27,0.29,1000000.0,1000000.0,0,0,0,0,0,0,48,2026-02-04 17:56:59.439753
RTM1P51,3.58,3.57,3.59,1000000.0,1000000.0,0,0,0,0,0,0,48,2026-02-04 17:56:59.439753
RTM1C52,0.15,0.14,0.16,1000000.0,1000000.0,0,0,0,0,0,0,48,2026-02-04 17:56:59.439753
RTM1P52,4.45,4.44,4.46,1000000.0,1000000.0,0,0,0,0,0,0,48,2026-02-04 17:56:59.439753
RTM1C53,0.08,0.07,0.09,1000000.0,1000000.0,0,0,0,0,0,0,48,2026-02-04 17:56:59.439753
RTM1P53,5.39,5.38,5.4,1000000.0,1000000.0,0,0,0,0,0,0,48,2026-02-04 17:56:59.439753
RTM1C54,0.04,0.03,0.05,1000000.0,1000000.0,0,0,0,0,0,0,48,2026-02-04 17:56:59.439753
RTM1P54,6.34,6.33,6.35,1000000.0,1000000.0,0,0,0,0,0,0,48,2026-02-04 17:56:59.439753
RTM,47.91,47.9,47.92,100000000.0,100000000.0,0,0,0,0,0,0,49,2026-02-04 17:57:00.548602
RTM1C45,3.2,3.19,3.21,1000000.0,1000000.0,0,0,0,0,0,0,49,2026-02-04 17:57:00.548602
RTM1P45,0.29,0.28,0.3,1000000.0,1000000.0,0,0,0,0,0,0,49,2026-02-04 17:57:00.548602
RTM1C46,2.37,2.36,2.38,1000000.0,1000000.0,0,0,0,0,0,0,49,2026-02-04 17:57:00.548602
RTM1P46,0.46,0.45,0.47,1000000.0,1000000.0,0,0,0,0,0,0,49,2026-02-04 17:57:00.548602
RTM1C47,1.72,1.71,1.73,1000000.0,1000000.0,0,0,0,0,0,0,49,2026-02-04 17:57:00.548602
RTM1P47,0.81,0.8,0.82,1000000.0,1000000.0,0,0,0,0,0,0,49,2026-02-04 17:57:00.548602
RTM1C48,1.25,1.24,1.26,1000000.0,1000000.0,0,0,0,0,0,0,49,2026-02-04 17:57:00.548602
RTM1P48,1.34,1.33,1.35,1000000.0,1000000.0,0,0,0,0,0,0,49,2026-02-04 17:57:00.548602
RTM1C49,0.77,0.76,0.78,1000000.0,1000000.0,0,0,0,0,0,0,49,2026-02-04 17:57:00.548602
RTM1P49,1.86,1.85,1.87,1000000.0,1000000.0,0,0,0,0,0,0,49,2026-02-04 17:57:00.548602
RTM1C50,0.48,0.47,0.49,1000000.0,1000000.0,0,0,0,0,0,0,49,2026-02-04 17:57:00.548602
RTM1P50,2.57,2.56,2.58,1000000.0,1000000.0,0,0,0,0,0,0,49,2026-02-04 17:57:00.548602
RTM1C51,0.27,0.26,0.28,1000000.0,1000000.0,0,0,0,0,0,0,49,2026-02-04 17:57:00.548602
RTM1P51,3.36,3.35,3.37,1000000.0,1000000.0,0,0,0,0,0,0,49,2026-02-04 17:57:00.548602
RTM1C52,0.18,0.17,0.19,1000000.0,1000000.0,0,0,0,0,0,0,49,2026-02-04 17:57:00.548602
RTM1P52,4.27,4.26,4.28,1000000.0,1000000.0,0,0,0,0,0,0,49,2026-02-04 17:57:00.548602
RTM1C53,0.08,0.07,0.09,1000000.0,1000000.0,0,0,0,0,0,0,49,2026-02-04 17:57:00.548602
RTM1P53,5.17,5.16,5.18,1000000.0,1000000.0,0,0,0,0,0,0,49,2026-02-04 17:57:00.548602
RTM1C54,0.05,0.04,0.06,1000000.0,1000000.0,0,0,0,0,0,0,49,2026-02-04 17:57:00.548602
RTM1P54,6.14,6.13,6.15,1000000.0,1000000.0,0,0,0,0,0,0,49,2026-02-04 17:57:00.548602
RTM,47.85,47.84,47.86,100000000.0,100000000.0,0,0,0,0,0,0,50,2026-02-04 17:57:01.634855
RTM1C45,3.12,3.11,3.13,1000000.0,1000000.0,0,0,0,0,0,0,50,2026-02-04 17:57:01.634855
RTM1P45,0.27,0.26,0.28,1000000.0,1000000.0,0,0,0,0,0,0,50,2026-02-04 17:57:01.634855
RTM1C46,2.38,2.37,2.39,1000000.0,1000000.0,0,0,0,0,0,0,50,2026-02-04 17:57:01.634855
RTM1P46,0.54,0.53,0.55,1000000.0,1000000.0,0,0,0,0,0,0,50,2026-02-04 17:57:01.634855
RTM1C47,1.69,1.68,1.7,1000000.0,1000000.0,0,0,0,0,0,0,50,2026-02-04 17:57:01.634855
RTM1P47,0.84,0.83,0.85,1000000.0,1000000.0,0,0,0,0,0,0,50,2026-02-04 17:57:01.634855
RTM1C48,1.22,1.21,1.23,1000000.0,1000000.0,0,0,0,0,0,0,50,2026-02-04 17:57:01.634855
RTM1P48,1.37,1.36,1.38,1000000.0,1000000.0,0,0,0,0,0,0,50,2026-02-04 17:57:01.634855
RTM1C49,0.8,0.79,0.81,1000000.0,1000000.0,0,0,0,0,0,0,50,2026-02-04 17:57:01.634855
RTM1P49,1.96,1.95,1.97,1000000.0,1000000.0,0,0,0,0,0,0,50,2026-02-04 17:57:01.634855
RTM1C50,0.51,0.5,0.52,1000000.0,1000000.0,0,0,0,0,0,0,50,2026-02-04 17:57:01.634855
RTM1P50,2.66,2.65,2.67,1000000.0,1000000.0,0,0,0,0,0,0,50,2026-02-04 17:57:01.634855
RTM1C51,0.27,0.26,0.28,1000000.0,1000000.0,0,0,0,0,0,0,50,2026-02-04 17:57:01.634855
RTM1P51,3.42,3.41,3.43,1000000.0,1000000.0,0,0,0,0,0,0,50,2026-02-04 17:57:01.634855
RTM1C52,0.15,0.14,0.16,1000000.0,1000000.0,0,0,0,0,0,0,50,2026-02-04 17:57:01.634855
RTM1P52,4.3,4.29,4.31,1000000.0,1000000.0,0,0,0,0,0,0,50,2026-02-04 17:57:01.634855
RTM1C53,0.08,0.07,0.09,1000000.0,1000000.0,0,0,0,0,0,0,50,2026-02-04 17:57:01.634855
RTM1P53,5.24,5.23,5.25,1000000.0,1000000.0,0,0,0,0,0,0,50,2026-02-04 17:57:01.634855
RTM1C54,0.04,0.03,0.05,1000000.0,1000000.0,0,0,0,0,0,0,50,2026-02-04 17:57:01.634855
RTM1P54,6.19,6.18,6.2,1000000.0,1000000.0,0,0,0,0,0,0,50,2026-02-04 17:57:01.634855
RTM,48.03,48.02,48.04,100000000.0,100000000.0,0,0,0,0,0,0,51,2026-02-04 17:57:02.732567
RTM1C45,3.3,3.29,3.31,1000000.0,1000000.0,0,0,0,0,0,0,51,2026-02-04 17:57:02.732567
RTM1P45,0.28,0.27,0.29,1000000.0,1000000.0,0,0,0,0,0,0,51,2026-02-04 17:57:02.732567
RTM1C46,2.49,2.48,2.5,1000000.0,1000000.0,0,0,0,0,0,0,51,2026-02-04 17:57:02.732567
RTM1P46,0.46,0.45,0.47,1000000.0,1000000.0,0,0,0,0,0,0,51,2026-02-04 17:57:02.732567
RTM1C47,1.85,1.84,1.86,1000000.0,1000000.0,0,0,0,0,0,0,51,2026-02-04 17:57:02.732567
RTM1P47,0.82,0.81,0.83,1000000.0,1000000.0,0,0,0,0,0,0,51,2026-02-04 17:57:02.732567
RTM1C48,1.25,1.24,1.26,1000000.0,1000000.0,0,0,0,0,0,0,51,2026-02-04 17:57:02.732567
RTM1P48,1.22,1.21,1.23,1000000.0,1000000.0,0,0,0,0,0,0,51,2026-02-04 17:57:02.732567
RTM1C49,0.82,0.81,0.83,1000000.0,1000000.0,0,0,0,0,0,0,51,2026-02-04 17:57:02.732567
RTM1P49,1.8,1.79,1.81,1000000.0,1000000.0,0,0,0,0,0,0,51,2026-02-04 17:57:02.732567
RTM1C50,0.53,0.52,0.54,1000000.0,1000000.0,0,0,0,0,0,0,51,2026-02-04 17:57:02.732567
RTM1P50,2.51,2.5,2.52,1000000.0,1000000.0,0,0,0,0,0,0,51,2026-02-04 17:57:02.732567
RTM1C51,0.31,0.3,0.32,1000000.0,1000000.0,0,0,0,0,0,0,51,2026-02-04 17:57:02.732567
RTM1P51,3.28,3.27,3.29,1000000.0,1000000.0,0,0,0,0,0,0,51,2026-02-04 17:57:02.732567
RTM1C52,0.17,0.16,0.18,1000000.0,1000000.0,0,0,0,0,0,0,51,2026-02-04 17:57:02.732567
RTM1P52,4.14,4.13,4.15,1000000.0,1000000.0,0,0,0,0,0,0,51,2026-02-04 17:57:02.732567
RTM1C53,0.09,0.08,0.1,1000000.0,1000000.0,0,0,0,0,0,0,51,2026-02-04 17:57:02.732567
RTM1P53,5.07,5.06,5.08,1000000.0,1000000.0,0,0,0,0,0,0,51,2026-02-04 17:57:02.732567
RTM1C54,0.06,0.05,0.07,1000000.0,1000000.0,0,0,0,0,0,0,51,2026-02-04 17:57:02.732567
RTM1P54,6.03,6.02,6.04,1000000.0,1000000.0,0,0,0,0,0,0,51,2026-02-04 17:57:02.732567
RTM,47.87,47.86,47.88,100000000.0,100000000.0,0,0,0,0,0,0,52,2026-02-04 17:57:03.339789
RTM1C45,3.14,3.13,3.15,1000000.0,1000000.0,0,0,0,0,0,0,52,2026-02-04 17:57:03.339789
RTM1P45,0.27,0.26,0.28,1000000.0,1000000.0,0,0,0,0,0,0,52,2026-02-04 17:57:03.339789
RTM1C46,2.4,2.39,2.41,1000000.0,1000000.0,0,0,0,0,0,0,52,2026-02-04 17:57:03.339789
RTM1P46,0.53,0.52,0.54,1000000.0,1000000.0,0,0,0,0,0,0,52,2026-02-04 17:57:03.339789
RTM1C47,1.74,1.73,1.75,1000000.0,1000000.0,0,0,0,0,0,0,52,2026-02-04 17:57:03.339789
RTM1P47,0.87,0.86,0.88,1000000.0,1000000.0,0,0,0,0,0,0,52,2026-02-04 17:57:03.339789
RTM1C48,1.22,1.21,1.23,1000000.0,1000000.0,0,0,0,0,0,0,52,2026-02-04 17:57:03.339789
RTM1P48,1.35,1.34,1.36,1000000.0,1000000.0,0,0,0,0,0,0,52,2026-02-04 17:57:03.339789
RTM1C49,0.76,0.75,0.77,1000000.0,1000000.0,0,0,0,0,0,0,52,2026-02-04 17:57:03.339789
RTM1P49,1.89,1.88,1.9,1000000.0,1000000.0,0,0,0,0,0,0,52,2026-02-04 17:57:03.339789
RTM1C50,0.49,0.48,0.5,1000000.0,1000000.0,0,0,0,0,0,0,52,2026-02-04 17:57:03.339789
RTM1P50,2.63,2.62,2.64,1000000.0,1000000.0,0,0,0,0,0,0,52,2026-02-04 17:57:03.339789
RTM1C51,0.28,0.27,0.29,1000000.0,1000000.0,0,0,0,0,0,0,52,2026-02-04 17:57:03.339789
RTM1P51,3.42,3.41,3.43,1000000.0,1000000.0,0,0,0,0,0,0,52,2026-02-04 17:57:03.339789
RTM1C52,0.16,0.15,0.17,1000000.0,1000000.0,0,0,0,0,0,0,52,2026-02-04 17:57:03.339789
RTM1P52,4.3,4.29,4.31,1000000.0,1000000.0,0,0,0,0,0,0,52,2026-02-04 17:57:03.339789
RTM1C53,0.09,0.08,0.1,1000000.0,1000000.0,0,0,0,0,0,0,52,2026-02-04 17:57:03.339789
RTM1P53,5.22,5.21,5.23,1000000.0,1000000.0,0,0,0,0,0,0,52,2026-02-04 17:57:03.339789
RTM1C54,0.04,0.03,0.05,1000000.0,1000000.0,0,0,0,0,0,0,52,2026-02-04 17:57:03.339789
RTM1P54,6.18,6.17,6.19,1000000.0,1000000.0,0,0,0,0,0,0,52,2026-02-04 17:57:03.339789
RTM,47.86,47.85,47.87,100000000.0,100000000.0,0,0,0,0,0,0,53,2026-02-04 17:57:04.413695
RTM1C45,3.14,3.13,3.15,1000000.0,1000000.0,0,0,0,0,0,0,53,2026-02-04 17:57:04.413695
RTM1P45,0.28,0.27,0.29,1000000.0,1000000.0,0,0,0,0,0,0,53,2026-02-04 17:57:04.413695
RTM1C46,2.4,2.39,2.41,1000000.0,1000000.0,0,0,0,0,0,0,53,2026-02-04 17:57:04.413695
RTM1P46,0.54,0.53,0.55,1000000.0,1000000.0,0,0,0,0,0,0,53,2026-02-04 17:57:04.413695
RTM1C47,1.71,1.7,1.72,1000000.0,1000000.0,0,0,0,0,0,0,53,2026-02-04 17:57:04.413695
RTM1P47,0.85,0.84,0.86,1000000.0,1000000.0,0,0,0,0,0,0,53,2026-02-04 17:57:04.413695
RTM1C48,1.18,1.17,1.19,1000000.0,1000000.0,0,0,0,0,0,0,53,2026-02-04 17:57:04.413695
RTM1P48,1.32,1.31,1.33,1000000.0,1000000.0,0,0,0,0,0,0,53,2026-02-04 17:57:04.413695
RTM1C49,0.8,0.79,0.81,1000000.0,1000000.0,0,0,0,0,0,0,53,2026-02-04 17:57:04.413695
RTM1P49,1.94,1.93,1.95,1000000.0,1000000.0,0,0,0,0,0,0,53,2026-02-04 17:57:04.413695
RTM1C50,0.48,0.47,0.49,1000000.0,1000000.0,0,0,0,0,0,0,53,2026-02-04 17:57:04.413695
RTM1P50,2.62,2.61,2.63,1000000.0,1000000.0,0,0,0,0,0,0,53,2026-02-04 17:57:04.413695
RTM1C51,0.29,0.28,0.3,1000000.0,1000000.0,0,0,0,0,0,0,53,2026-02-04 17:57:04.413695
RTM1P51,3.43,3.42,3.44,1000000.0,1000000.0,0,0,0,0,0,0,53,2026-02-04 17:57:04.413695
RTM1C52,0.16,0.15,0.17,1000000.0,1000000.0,0,0,0,0,0,0,53,2026-02-04 17:57:04.413695
RTM1P52,4.3,4.29,4.31,1000000.0,1000000.0,0,0,0,0,0,0,53,2026-02-04 17:57:04.413695
RTM1C53,0.09,0.08,0.1,1000000.0,1000000.0,0,0,0,0,0,0,53,2026-02-04 17:57:04.413695
RTM1P53,5.23,5.22,5.24,1000000.0,1000000.0,0,0,0,0,0,0,53,2026-02-04 17:57:04.413695
RTM1C54,0.05,0.04,0.06,1000000.0,1000000.0,0,0,0,0,0,0,53,2026-02-04 17:57:04.413695
RTM1P54,6.19,6.18,6.2,1000000.0,1000000.0,0,0,0,0,0,0,53,2026-02-04 17:57:04.413695
RTM,47.74,47.73,47.75,100000000.0,100000000.0,0,0,0,0,0,0,54,2026-02-04 17:57:05.480719
RTM1C45,3.07,3.06,3.08,1000000.0,1000000.0,0,0,0,0,0,0,54,2026-02-04 17:57:05.480719
RTM1P45,0.33,0.32,0.34,1000000.0,1000000.0,0,0,0,0,0,0,54,2026-02-04 17:57:05.480719
RTM1C46,2.3,2.29,2.31,1000000.0,1000000.0,0,0,0,0,0,0,54,2026-02-04 17:57:05.480719
RTM1P46,0.55,0.54,0.56,1000000.0,1000000.0,0,0,0,0,0,0,54,2026-02-04 17:57:05.480719
RTM1C47,1.66,1.65,1.67,1000000.0,1000000.0,0,0,0,0,0,0,54,2026-02-04 17:57:05.480719
RTM1P47,0.92,0.91,0.93,1000000.0,1000000.0,0,0,0,0,0,0,54,2026-02-04 17:57:05.480719
RTM1C48,1.15,1.14,1.16,1000000.0,1000000.0,0,0,0,0,0,0,54,2026-02-04 17:57:05.480719
RTM1P48,1.41,1.4,1.42,1000000.0,1000000.0,0,0,0,0,0,0,54,2026-02-04 17:57:05.480719
RTM1C49,0.73,0.72,0.74,1000000.0,1000000.0,0,0,0,0,0,0,54,2026-02-04 17:57:05.480719
RTM1P49,1.99,1.98,2.0,1000000.0,1000000.0,0,0,0,0,0,0,54,2026-02-04 17:57:05.480719
RTM1C50,0.47,0.46,0.48,1000000.0,1000000.0,0,0,0,0,0,0,54,2026-02-04 17:57:05.480719
RTM1P50,2.73,2.72,2.74,1000000.0,1000000.0,0,0,0,0,0,0,54,2026-02-04 17:57:05.480719
RTM1C51,0.27,0.26,0.28,1000000.0,1000000.0,0,0,0,0,0,0,54,2026-02-04 17:57:05.480719
RTM1P51,3.53,3.52,3.54,1000000.0,1000000.0,0,0,0,0,0,0,54,2026-02-04 17:57:05.480719
RTM1C52,0.16,0.15,0.17,1000000.0,1000000.0,0,0,0,0,0,0,54,2026-02-04 17:57:05.480719
RTM1P52,4.42,4.41,4.43,1000000.0,1000000.0,0,0,0,0,0,0,54,2026-02-04 17:57:05.480719
RTM1C53,0.08,0.07,0.09,1000000.0,1000000.0,0,0,0,0,0,0,54,2026-02-04 17:57:05.480719
RTM1P53,5.34,5.33,5.35,1000000.0,1000000.0,0,0,0,0,0,0,54,2026-02-04 17:57:05.480719
RTM1C54,0.04,0.03,0.05,1000000.0,1000000.0,0,0,0,0,0,0,54,2026-02-04 17:57:05.480719
RTM1P54,6.3,6.29,6.31,1000000.0,1000000.0,0,0,0,0,0,0,54,2026-02-04 17:57:05.480719
RTM,47.34,47.33,47.35,100000000.0,100000000.0,0,0,0,0,0,0,55,2026-02-04 17:57:06.543844
RTM1C45,2.75,2.74,2.76,1000000.0,1000000.0,0,0,0,0,0,0,55,2026-02-04 17:57:06.543844
RTM1P45,0.4,0.39,0.41,1000000.0,1000000.0,0,0,0,0,0,0,55,2026-02-04 17:57:06.543844
RTM1C46,2.03,2.02,2.04,1000000.0,1000000.0,0,0,0,0,0,0,55,2026-02-04 17:57:06.543844
RTM1P46,0.69,0.68,0.7,1000000.0,1000000.0,0,0,0,0,0,0,55,2026-02-04 17:57:06.543844
RTM1C47,1.45,1.44,1.46,1000000.0,1000000.0,0,0,0,0,0,0,55,2026-02-04 17:57:06.543844
RTM1P47,1.11,1.1,1.12,1000000.0,1000000.0,0,0,0,0,0,0,55,2026-02-04 17:57:06.543844
RTM1C48,0.97,0.96,0.98,1000000.0,1000000.0,0,0,0,0,0,0,55,2026-02-04 17:57:06.543844
RTM1P48,1.62,1.61,1.63,1000000.0,1000000.0,0,0,0,0,0,0,55,2026-02-04 17:57:06.543844
RTM1C49,0.61,0.6,0.62,1000000.0,1000000.0,0,0,0,0,0,0,55,2026-02-04 17:57:06.543844
RTM1P49,2.27,2.26,2.28,1000000.0,1000000.0,0,0,0,0,0,0,55,2026-02-04 17:57:06.543844
RTM1C50,0.39,0.38,0.4,1000000.0,1000000.0,0,0,0,0,0,0,55,2026-02-04 17:57:06.543844
RTM1P50,3.05,3.04,3.06,1000000.0,1000000.0,0,0,0,0,0,0,55,2026-02-04 17:57:06.543844
RTM1C51,0.21,0.2,0.22,1000000.0,1000000.0,0,0,0,0,0,0,55,2026-02-04 17:57:06.543844
RTM1P51,3.87,3.86,3.88,1000000.0,1000000.0,0,0,0,0,0,0,55,2026-02-04 17:57:06.543844
RTM1C52,0.12,0.11,0.13,1000000.0,1000000.0,0,0,0,0,0,0,55,2026-02-04 17:57:06.543844
RTM1P52,4.77,4.76,4.78,1000000.0,1000000.0,0,0,0,0,0,0,55,2026-02-04 17:57:06.543844
RTM1C53,0.07,0.06,0.08,1000000.0,1000000.0,0,0,0,0,0,0,55,2026-02-04 17:57:06.543844
RTM1P53,5.72,5.71,5.73,1000000.0,1000000.0,0,0,0,0,0,0,55,2026-02-04 17:57:06.543844
RTM1C54,0.03,0.02,0.04,1000000.0,1000000.0,0,0,0,0,0,0,55,2026-02-04 17:57:06.543844
