ticker,last_price,bid_price,ask_price,BUY_ANON,SELL_ANON,SELL_GIOT-1,BUY_UEBR-3,BUY_GIOT-1,BUY_UBCT-2,SELL_UBCT-2,SELL_UEBR-3,tick,timestamp,news_news_id,news_period,news_tick,news_ticker,news_headline,news_body
RTM,50.0,0.0,0.0,100000000.0,100000000.0,0,0,0,0,0,0,1,2026-02-04 21:27:40.051602,2.0,1.0,1.0,Week 1,Delta limit and penalty,The delta limit for this sub-heat is 8000 and the penalty percentage is 2%
RTM1C45,5.0,0.0,0.0,1000000.0,1000000.0,0,0,0,0,0,0,1,2026-02-04 21:27:40.051602,1.0,1.0,1.0,Week 1,Risk free rate and current annualized volatility of RTM,The current risk free rate is 0%. RTM is an ETF that mimics one of the major indices in the simulated world and its current annualized realized volatility is 14%. This simulation consists of 20 trading days that are each 15 ticks in length.
RTM1P45,0.02,0.0,0.0,1000000.0,1000000.0,0,0,0,0,0,0,1,2026-02-04 21:27:40.051602,,,,,,
RTM1C46,4.0,0.0,0.0,1000000.0,1000000.0,0,0,0,0,0,0,1,2026-02-04 21:27:40.051602,,,,,,
RTM1P46,0.02,0.0,0.0,1000000.0,1000000.0,0,0,0,0,0,0,1,2026-02-04 21:27:40.051602,,,,,,
RTM1C47,3.01,0.0,0.0,1000000.0,1000000.0,0,0,0,0,0,0,1,2026-02-04 21:27:40.051602,,,,,,
RTM1P47,0.02,0.0,0.0,1000000.0,1000000.0,0,0,0,0,0,0,1,2026-02-04 21:27:40.051602,,,,,,
RTM1C48,2.05,0.0,0.0,1000000.0,1000000.0,0,0,0,0,0,0,1,2026-02-04 21:27:40.051602,,,,,,
RTM1P48,0.05,0.0,0.0,1000000.0,1000000.0,0,0,0,0,0,0,1,2026-02-04 21:27:40.051602,,,,,,
RTM1C49,1.15,0.0,0.0,1000000.0,1000000.0,0,0,0,0,0,0,1,2026-02-04 21:27:40.051602,,,,,,
RTM1P49,0.15,0.0,0.0,1000000.0,1000000.0,0,0,0,0,0,0,1,2026-02-04 21:27:40.051602,,,,,,
RTM1C50,0.65,0.0,0.0,1000000.0,1000000.0,0,0,0,0,0,0,1,2026-02-04 21:27:40.051602,,,,,,
RTM1P50,0.65,0.0,0.0,1000000.0,1000000.0,0,0,0,0,0,0,1,2026-02-04 21:27:40.051602,,,,,,
RTM1C51,0.15,0.0,0.0,1000000.0,1000000.0,0,0,0,0,0,0,1,2026-02-04 21:27:40.051602,,,,,,
RTM1P51,1.15,0.0,0.0,1000000.0,1000000.0,0,0,0,0,0,0,1,2026-02-04 21:27:40.051602,,,,,,
RTM1C52,0.07,0.0,0.0,1000000.0,1000000.0,0,0,0,0,0,0,1,2026-02-04 21:27:40.051602,,,,,,
RTM1P52,2.07,0.0,0.0,1000000.0,1000000.0,0,0,0,0,0,0,1,2026-02-04 21:27:40.051602,,,,,,
RTM1C53,0.02,0.0,0.0,1000000.0,1000000.0,0,0,0,0,0,0,1,2026-02-04 21:27:40.051602,,,,,,
RTM1P53,3.01,0.0,0.0,1000000.0,1000000.0,0,0,0,0,0,0,1,2026-02-04 21:27:40.051602,,,,,,
RTM1C54,0.02,0.0,0.0,1000000.0,1000000.0,0,0,0,0,0,0,1,2026-02-04 21:27:40.051602,,,,,,
RTM1P54,4.0,0.0,0.0,1000000.0,1000000.0,0,0,0,0,0,0,1,2026-02-04 21:27:40.051602,,,,,,
RTM,50.24,50.23,50.25,100000000.0,100000000.0,0,0,0,0,0,0,2,2026-02-04 21:27:41.141431
RTM1C45,5.24,5.23,5.25,1000000.0,1000000.0,0,0,0,0,0,0,2,2026-02-04 21:27:41.141431
RTM1P45,0.02,0.01,0.03,1000000.0,1000000.0,0,0,0,0,0,0,2,2026-02-04 21:27:41.141431
RTM1C46,4.24,4.23,4.25,1000000.0,1000000.0,0,0,0,0,0,0,2,2026-02-04 21:27:41.141431
RTM1P46,0.02,0.01,0.03,1000000.0,1000000.0,0,0,0,0,0,0,2,2026-02-04 21:27:41.141431
RTM1C47,3.24,3.23,3.25,1000000.0,1000000.0,0,0,0,0,0,0,2,2026-02-04 21:27:41.141431
RTM1P47,0.02,0.01,0.03,1000000.0,1000000.0,0,0,0,0,0,0,2,2026-02-04 21:27:41.141431
RTM1C48,2.26,2.25,2.27,1000000.0,1000000.0,0,0,0,0,0,0,2,2026-02-04 21:27:41.141431
RTM1P48,0.03,0.02,0.04,1000000.0,1000000.0,0,0,0,0,0,0,2,2026-02-04 21:27:41.141431
RTM1C49,1.41,1.4,1.42,1000000.0,1000000.0,0,0,0,0,0,0,2,2026-02-04 21:27:41.141431
RTM1P49,0.17,0.16,0.18,1000000.0,1000000.0,0,0,0,0,0,0,2,2026-02-04 21:27:41.141431
RTM1C50,0.76,0.75,0.77,1000000.0,1000000.0,0,0,0,0,0,0,2,2026-02-04 21:27:41.141431
RTM1P50,0.52,0.51,0.53,1000000.0,1000000.0,0,0,0,0,0,0,2,2026-02-04 21:27:41.141431
RTM1C51,0.33,0.32,0.34,1000000.0,1000000.0,0,0,0,0,0,0,2,2026-02-04 21:27:41.141431
RTM1P51,1.09,1.08,1.1,1000000.0,1000000.0,0,0,0,0,0,0,2,2026-02-04 21:27:41.141431
RTM1C52,0.07,0.06,0.08,1000000.0,1000000.0,0,0,0,0,0,0,2,2026-02-04 21:27:41.141431
RTM1P52,1.83,1.82,1.84,1000000.0,1000000.0,0,0,0,0,0,0,2,2026-02-04 21:27:41.141431
RTM1C53,0.02,0.01,0.03,1000000.0,1000000.0,0,0,0,0,0,0,2,2026-02-04 21:27:41.141431
RTM1P53,2.78,2.77,2.79,1000000.0,1000000.0,0,0,0,0,0,0,2,2026-02-04 21:27:41.141431
RTM1C54,0.02,0.01,0.03,1000000.0,1000000.0,0,0,0,0,0,0,2,2026-02-04 21:27:41.141431
RTM1P54,3.77,3.76,3.78,1000000.0,1000000.0,0,0,0,0,0,0,2,2026-02-04 21:27:41.141431
RTM,50.28,50.28,50.3,100000000.0,100000000.0,0,0,0,0,0,0,3,2026-02-04 21:27:42.230146
RTM1C45,5.29,5.28,5.3,1000000.0,1000000.0,0,0,0,0,0,0,3,2026-02-04 21:27:42.230146
RTM1P45,0.02,0.01,0.03,1000000.0,1000000.0,0,0,0,0,0,0,3,2026-02-04 21:27:42.230146
RTM1C46,4.29,4.28,4.3,1000000.0,1000000.0,0,0,0,0,0,0,3,2026-02-04 21:27:42.230146
RTM1P46,0.02,0.01,0.03,1000000.0,1000000.0,0,0,0,0,0,0,3,2026-02-04 21:27:42.230146
RTM1C47,3.29,3.28,3.3,1000000.0,1000000.0,0,0,0,0,0,0,3,2026-02-04 21:27:42.230146
RTM1P47,0.02,0.01,0.03,1000000.0,1000000.0,0,0,0,0,0,0,3,2026-02-04 21:27:42.230146
RTM1C48,2.34,2.33,2.35,1000000.0,1000000.0,0,0,0,0,0,0,3,2026-02-04 21:27:42.230146
RTM1P48,0.04,0.03,0.05,1000000.0,1000000.0,0,0,0,0,0,0,3,2026-02-04 21:27:42.230146
RTM1C49,1.41,1.4,1.42,1000000.0,1000000.0,0,0,0,0,0,0,3,2026-02-04 21:27:42.230146
RTM1P49,0.12,0.11,0.13,1000000.0,1000000.0,0,0,0,0,0,0,3,2026-02-04 21:27:42.230146
RTM1C50,0.69,0.68,0.7,1000000.0,1000000.0,0,0,0,0,0,0,3,2026-02-04 21:27:42.230146
RTM1P50,0.39,0.38,0.4,1000000.0,1000000.0,0,0,0,0,0,0,3,2026-02-04 21:27:42.230146
RTM1C51,0.31,0.3,0.32,1000000.0,1000000.0,0,0,0,0,0,0,3,2026-02-04 21:27:42.230146
RTM1P51,1.01,1.0,1.02,1000000.0,1000000.0,0,0,0,0,0,0,3,2026-02-04 21:27:42.230146
RTM1C52,0.1,0.09,0.11,1000000.0,1000000.0,0,0,0,0,0,0,3,2026-02-04 21:27:42.230146
RTM1P52,1.81,1.8,1.82,1000000.0,1000000.0,0,0,0,0,0,0,3,2026-02-04 21:27:42.230146
RTM1C53,0.02,0.01,0.03,1000000.0,1000000.0,0,0,0,0,0,0,3,2026-02-04 21:27:42.230146
RTM1P53,2.73,2.72,2.74,1000000.0,1000000.0,0,0,0,0,0,0,3,2026-02-04 21:27:42.230146
RTM1C54,0.02,0.01,0.03,1000000.0,1000000.0,0,0,0,0,0,0,3,2026-02-04 21:27:42.230146
RTM1P54,3.71,3.7,3.72,1000000.0,1000000.0,0,0,0,0,0,0,3,2026-02-04 21:27:42.230146
RTM,50.26,50.25,50.27,100000000.0,100000000.0,0,0,0,0,0,0,4,2026-02-04 21:27:43.309238
RTM1C45,5.26,5.25,5.27,1000000.0,1000000.0,0,0,0,0,0,0,4,2026-02-04 21:27:43.309238
RTM1P45,0.02,0.01,0.03,1000000.0,1000000.0,0,0,0,0,0,0,4,2026-02-04 21:27:43.309238
RTM1C46,4.27,4.26,4.28,1000000.0,1000000.0,0,0,0,0,0,0,4,2026-02-04 21:27:43.309238
RTM1P46,0.02,0.01,0.03,1000000.0,1000000.0,0,0,0,0,0,0,4,2026-02-04 21:27:43.309238
RTM1C47,3.27,3.26,3.28,1000000.0,1000000.0,0,0,0,0,0,0,4,2026-02-04 21:27:43.309238
RTM1P47,0.02,0.01,0.03,1000000.0,1000000.0,0,0,0,0,0,0,4,2026-02-04 21:27:43.309238
RTM1C48,2.29,2.28,2.3,1000000.0,1000000.0,0,0,0,0,0,0,4,2026-02-04 21:27:43.309238
RTM1P48,0.02,0.01,0.03,1000000.0,1000000.0,0,0,0,0,0,0,4,2026-02-04 21:27:43.309238
RTM1C49,1.44,1.43,1.45,1000000.0,1000000.0,0,0,0,0,0,0,4,2026-02-04 21:27:43.309238
RTM1P49,0.18,0.17,0.19,1000000.0,1000000.0,0,0,0,0,0,0,4,2026-02-04 21:27:43.309238
RTM1C50,0.75,0.74,0.76,1000000.0,1000000.0,0,0,0,0,0,0,4,2026-02-04 21:27:43.309238
RTM1P50,0.48,0.47,0.49,1000000.0,1000000.0,0,0,0,0,0,0,4,2026-02-04 21:27:43.309238
RTM1C51,0.28,0.27,0.29,1000000.0,1000000.0,0,0,0,0,0,0,4,2026-02-04 21:27:43.309238
RTM1P51,1.01,1.0,1.02,1000000.0,1000000.0,0,0,0,0,0,0,4,2026-02-04 21:27:43.309238
RTM1C52,0.13,0.12,0.14,1000000.0,1000000.0,0,0,0,0,0,0,4,2026-02-04 21:27:43.309238
RTM1P52,1.87,1.86,1.88,1000000.0,1000000.0,0,0,0,0,0,0,4,2026-02-04 21:27:43.309238
RTM1C53,0.02,0.01,0.03,1000000.0,1000000.0,0,0,0,0,0,0,4,2026-02-04 21:27:43.309238
RTM1P53,2.76,2.75,2.77,1000000.0,1000000.0,0,0,0,0,0,0,4,2026-02-04 21:27:43.309238
RTM1C54,0.02,0.01,0.03,1000000.0,1000000.0,0,0,0,0,0,0,4,2026-02-04 21:27:43.309238
RTM1P54,3.74,3.73,3.75,1000000.0,1000000.0,0,0,0,0,0,0,4,2026-02-04 21:27:43.309238
RTM,50.12,50.11,50.13,100000000.0,100000000.0,0,0,0,0,0,0,5,2026-02-04 21:27:44.370457
RTM1C45,5.12,5.11,5.13,1000000.0,1000000.0,0,0,0,0,0,0,5,2026-02-04 21:27:44.370457
RTM1P45,0.02,0.01,0.03,1000000.0,1000000.0,0,0,0,0,0,0,5,2026-02-04 21:27:44.370457
RTM1C46,4.12,4.11,4.13,1000000.0,1000000.0,0,0,0,0,0,0,5,2026-02-04 21:27:44.370457
RTM1P46,0.02,0.01,0.03,1000000.0,1000000.0,0,0,0,0,0,0,5,2026-02-04 21:27:44.370457
RTM1C47,3.13,3.12,3.14,1000000.0,1000000.0,0,0,0,0,0,0,5,2026-02-04 21:27:44.370457
RTM1P47,0.02,0.01,0.03,1000000.0,1000000.0,0,0,0,0,0,0,5,2026-02-04 21:27:44.370457
RTM1C48,2.17,2.16,2.18,1000000.0,1000000.0,0,0,0,0,0,0,5,2026-02-04 21:27:44.370457
RTM1P48,0.05,0.04,0.06,1000000.0,1000000.0,0,0,0,0,0,0,5,2026-02-04 21:27:44.370457
RTM1C49,1.33,1.32,1.34,1000000.0,1000000.0,0,0,0,0,0,0,5,2026-02-04 21:27:44.370457
RTM1P49,0.21,0.2,0.22,1000000.0,1000000.0,0,0,0,0,0,0,5,2026-02-04 21:27:44.370457
RTM1C50,0.71,0.7,0.72,1000000.0,1000000.0,0,0,0,0,0,0,5,2026-02-04 21:27:44.370457
RTM1P50,0.59,0.58,0.6,1000000.0,1000000.0,0,0,0,0,0,0,5,2026-02-04 21:27:44.370457
RTM1C51,0.26,0.25,0.27,1000000.0,1000000.0,0,0,0,0,0,0,5,2026-02-04 21:27:44.370457
RTM1P51,1.13,1.12,1.14,1000000.0,1000000.0,0,0,0,0,0,0,5,2026-02-04 21:27:44.370457
RTM1C52,0.09,0.08,0.1,1000000.0,1000000.0,0,0,0,0,0,0,5,2026-02-04 21:27:44.370457
RTM1P52,1.97,1.96,1.98,1000000.0,1000000.0,0,0,0,0,0,0,5,2026-02-04 21:27:44.370457
RTM1C53,0.02,0.01,0.03,1000000.0,1000000.0,0,0,0,0,0,0,5,2026-02-04 21:27:44.370457
RTM1P53,2.89,2.88,2.9,1000000.0,1000000.0,0,0,0,0,0,0,5,2026-02-04 21:27:44.370457
RTM1C54,0.02,0.01,0.03,1000000.0,1000000.0,0,0,0,0,0,0,5,2026-02-04 21:27:44.370457
RTM1P54,3.88,3.87,3.89,1000000.0,1000000.0,0,0,0,0,0,0,5,2026-02-04 21:27:44.370457
RTM,50.18,50.18,50.2,100000000.0,100000000.0,0,0,0,0,0,0,6,2026-02-04 21:27:45.432822
RTM1C45,5.19,5.18,5.2,1000000.0,1000000.0,0,0,0,0,0,0,6,2026-02-04 21:27:45.432822
RTM1P45,0.02,0.01,0.03,1000000.0,1000000.0,0,0,0,0,0,0,6,2026-02-04 21:27:45.432822
RTM1C46,4.19,4.18,4.2,1000000.0,1000000.0,0,0,0,0,0,0,6,2026-02-04 21:27:45.432822
RTM1P46,0.02,0.01,0.03,1000000.0,1000000.0,0,0,0,0,0,0,6,2026-02-04 21:27:45.432822
RTM1C47,3.2,3.19,3.21,1000000.0,1000000.0,0,0,0,0,0,0,6,2026-02-04 21:27:45.432822
RTM1P47,0.02,0.01,0.03,1000000.0,1000000.0,0,0,0,0,0,0,6,2026-02-04 21:27:45.432822
RTM1C48,2.23,2.22,2.24,1000000.0,1000000.0,0,0,0,0,0,0,6,2026-02-04 21:27:45.432822
RTM1P48,0.04,0.03,0.05,1000000.0,1000000.0,0,0,0,0,0,0,6,2026-02-04 21:27:45.432822
RTM1C49,1.34,1.33,1.35,1000000.0,1000000.0,0,0,0,0,0,0,6,2026-02-04 21:27:45.432822
RTM1P49,0.15,0.14,0.16,1000000.0,1000000.0,0,0,0,0,0,0,6,2026-02-04 21:27:45.432822
RTM1C50,0.72,0.71,0.73,1000000.0,1000000.0,0,0,0,0,0,0,6,2026-02-04 21:27:45.432822
RTM1P50,0.53,0.52,0.54,1000000.0,1000000.0,0,0,0,0,0,0,6,2026-02-04 21:27:45.432822
RTM1C51,0.26,0.25,0.27,1000000.0,1000000.0,0,0,0,0,0,0,6,2026-02-04 21:27:45.432822
RTM1P51,1.07,1.06,1.08,1000000.0,1000000.0,0,0,0,0,0,0,6,2026-02-04 21:27:45.432822
RTM1C52,0.08,0.07,0.09,1000000.0,1000000.0,0,0,0,0,0,0,6,2026-02-04 21:27:45.432822
RTM1P52,1.88,1.87,1.89,1000000.0,1000000.0,0,0,0,0,0,0,6,2026-02-04 21:27:45.432822
RTM1C53,0.02,0.01,0.03,1000000.0,1000000.0,0,0,0,0,0,0,6,2026-02-04 21:27:45.432822
RTM1P53,2.83,2.82,2.84,1000000.0,1000000.0,0,0,0,0,0,0,6,2026-02-04 21:27:45.432822
RTM1C54,0.02,0.01,0.03,1000000.0,1000000.0,0,0,0,0,0,0,6,2026-02-04 21:27:45.432822
RTM1P54,3.81,3.8,3.82,1000000.0,1000000.0,0,0,0,0,0,0,6,2026-02-04 21:27:45.432822
RTM,50.4,50.39,50.41,100000000.0,100000000.0,0,0,0,0,0,0,7,2026-02-04 21:27:46.054167
RTM1C45,5.4,5.39,5.41,1000000.0,1000000.0,0,0,0,0,0,0,7,2026-02-04 21:27:46.054167
RTM1P45,0.02,0.01,0.03,1000000.0,1000000.0,0,0,0,0,0,0,7,2026-02-04 21:27:46.054167
RTM1C46,4.4,4.39,4.41,1000000.0,1000000.0,0,0,0,0,0,0,7,2026-02-04 21:27:46.054167
RTM1P46,0.02,0.01,0.03,1000000.0,1000000.0,0,0,0,0,0,0,7,2026-02-04 21:27:46.054167
RTM1C47,3.4,3.39,3.41,1000000.0,1000000.0,0,0,0,0,0,0,7,2026-02-04 21:27:46.054167
RTM1P47,0.02,0.01,0.03,1000000.0,1000000.0,0,0,0,0,0,0,7,2026-02-04 21:27:46.054167
RTM1C48,2.44,2.43,2.45,1000000.0,1000000.0,0,0,0,0,0,0,7,2026-02-04 21:27:46.054167
RTM1P48,0.04,0.03,0.05,1000000.0,1000000.0,0,0,0,0,0,0,7,2026-02-04 21:27:46.054167
RTM1C49,1.53,1.52,1.54,1000000.0,1000000.0,0,0,0,0,0,0,7,2026-02-04 21:27:46.054167
RTM1P49,0.13,0.12,0.14,1000000.0,1000000.0,0,0,0,0,0,0,7,2026-02-04 21:27:46.054167
RTM1C50,0.87,0.86,0.88,1000000.0,1000000.0,0,0,0,0,0,0,7,2026-02-04 21:27:46.054167
RTM1P50,0.47,0.46,0.48,1000000.0,1000000.0,0,0,0,0,0,0,7,2026-02-04 21:27:46.054167
RTM1C51,0.33,0.32,0.34,1000000.0,1000000.0,0,0,0,0,0,0,7,2026-02-04 21:27:46.054167
RTM1P51,0.93,0.92,0.94,1000000.0,1000000.0,0,0,0,0,0,0,7,2026-02-04 21:27:46.054167
RTM1C52,0.15,0.14,0.16,1000000.0,1000000.0,0,0,0,0,0,0,7,2026-02-04 21:27:46.054167
RTM1P52,1.75,1.74,1.76,1000000.0,1000000.0,0,0,0,0,0,0,7,2026-02-04 21:27:46.054167
RTM1C53,0.04,0.03,0.05,1000000.0,1000000.0,0,0,0,0,0,0,7,2026-02-04 21:27:46.054167
RTM1P53,2.64,2.63,2.65,1000000.0,1000000.0,0,0,0,0,0,0,7,2026-02-04 21:27:46.054167
RTM1C54,0.02,0.01,0.03,1000000.0,1000000.0,0,0,0,0,0,0,7,2026-02-04 21:27:46.054167
RTM1P54,3.61,3.6,3.62,1000000.0,1000000.0,0,0,0,0,0,0,7,2026-02-04 21:27:46.054167
RTM,50.46,50.45,50.47,100000000.0,100000000.0,0,0,0,0,0,0,8,2026-02-04 21:27:47.152106
RTM1C45,5.46,5.45,5.47,1000000.0,1000000.0,0,0,0,0,0,0,8,2026-02-04 21:27:47.152106
RTM1P45,0.02,0.01,0.03,1000000.0,1000000.0,0,0,0,0,0,0,8,2026-02-04 21:27:47.152106
RTM1C46,4.46,4.45,4.47,1000000.0,1000000.0,0,0,0,0,0,0,8,2026-02-04 21:27:47.152106
RTM1P46,0.02,0.01,0.03,1000000.0,1000000.0,0,0,0,0,0,0,8,2026-02-04 21:27:47.152106
RTM1C47,3.47,3.46,3.48,1000000.0,1000000.0,0,0,0,0,0,0,8,2026-02-04 21:27:47.152106
RTM1P47,0.02,0.01,0.03,1000000.0,1000000.0,0,0,0,0,0,0,8,2026-02-04 21:27:47.152106
RTM1C48,2.49,2.48,2.5,1000000.0,1000000.0,0,0,0,0,0,0,8,2026-02-04 21:27:47.152106
RTM1P48,0.02,0.01,0.03,1000000.0,1000000.0,0,0,0,0,0,0,8,2026-02-04 21:27:47.152106
RTM1C49,1.6,1.59,1.61,1000000.0,1000000.0,0,0,0,0,0,0,8,2026-02-04 21:27:47.152106
RTM1P49,0.14,0.13,0.15,1000000.0,1000000.0,0,0,0,0,0,0,8,2026-02-04 21:27:47.152106
RTM1C50,0.9,0.89,0.91,1000000.0,1000000.0,0,0,0,0,0,0,8,2026-02-04 21:27:47.152106
RTM1P50,0.43,0.42,0.44,1000000.0,1000000.0,0,0,0,0,0,0,8,2026-02-04 21:27:47.152106
RTM1C51,0.39,0.38,0.4,1000000.0,1000000.0,0,0,0,0,0,0,8,2026-02-04 21:27:47.152106
RTM1P51,0.92,0.91,0.93,1000000.0,1000000.0,0,0,0,0,0,0,8,2026-02-04 21:27:47.152106
RTM1C52,0.1,0.09,0.11,1000000.0,1000000.0,0,0,0,0,0,0,8,2026-02-04 21:27:47.152106
RTM1P52,1.64,1.63,1.65,1000000.0,1000000.0,0,0,0,0,0,0,8,2026-02-04 21:27:47.152106
RTM1C53,0.03,0.02,0.04,1000000.0,1000000.0,0,0,0,0,0,0,8,2026-02-04 21:27:47.152106
RTM1P53,2.57,2.56,2.58,1000000.0,1000000.0,0,0,0,0,0,0,8,2026-02-04 21:27:47.152106
RTM1C54,0.02,0.01,0.03,1000000.0,1000000.0,0,0,0,0,0,0,8,2026-02-04 21:27:47.152106
RTM1P54,3.54,3.53,3.55,1000000.0,1000000.0,0,0,0,0,0,0,8,2026-02-04 21:27:47.152106
RTM,50.5,50.49,50.51,100000000.0,100000000.0,0,0,0,0,0,0,9,2026-02-04 21:27:48.261157
RTM1C45,5.5,5.49,5.51,1000000.0,1000000.0,0,0,0,0,0,0,9,2026-02-04 21:27:48.261157
RTM1P45,0.02,0.01,0.03,1000000.0,1000000.0,0,0,0,0,0,0,9,2026-02-04 21:27:48.261157
RTM1C46,4.5,4.49,4.51,1000000.0,1000000.0,0,0,0,0,0,0,9,2026-02-04 21:27:48.261157
RTM1P46,0.02,0.01,0.03,1000000.0,1000000.0,0,0,0,0,0,0,9,2026-02-04 21:27:48.261157
RTM1C47,3.5,3.49,3.51,1000000.0,1000000.0,0,0,0,0,0,0,9,2026-02-04 21:27:48.261157
RTM1P47,0.02,0.01,0.03,1000000.0,1000000.0,0,0,0,0,0,0,9,2026-02-04 21:27:48.261157
RTM1C48,2.54,2.53,2.55,1000000.0,1000000.0,0,0,0,0,0,0,9,2026-02-04 21:27:48.261157
RTM1P48,0.05,0.04,0.06,1000000.0,1000000.0,0,0,0,0,0,0,9,2026-02-04 21:27:48.261157
RTM1C49,1.65,1.64,1.66,1000000.0,1000000.0,0,0,0,0,0,0,9,2026-02-04 21:27:48.261157
RTM1P49,0.16,0.15,0.17,1000000.0,1000000.0,0,0,0,0,0,0,9,2026-02-04 21:27:48.261157
RTM1C50,0.94,0.93,0.95,1000000.0,1000000.0,0,0,0,0,0,0,9,2026-02-04 21:27:48.261157
RTM1P50,0.44,0.43,0.45,1000000.0,1000000.0,0,0,0,0,0,0,9,2026-02-04 21:27:48.261157
RTM1C51,0.43,0.42,0.44,1000000.0,1000000.0,0,0,0,0,0,0,9,2026-02-04 21:27:48.261157
RTM1P51,0.94,0.93,0.95,1000000.0,1000000.0,0,0,0,0,0,0,9,2026-02-04 21:27:48.261157
RTM1C52,0.1,0.09,0.11,1000000.0,1000000.0,0,0,0,0,0,0,9,2026-02-04 21:27:48.261157
RTM1P52,1.61,1.6,1.62,1000000.0,1000000.0,0,0,0,0,0,0,9,2026-02-04 21:27:48.261157
RTM1C53,0.04,0.03,0.05,1000000.0,1000000.0,0,0,0,0,0,0,9,2026-02-04 21:27:48.261157
RTM1P53,2.54,2.53,2.55,1000000.0,1000000.0,0,0,0,0,0,0,9,2026-02-04 21:27:48.261157
RTM1C54,0.02,0.01,0.03,1000000.0,1000000.0,0,0,0,0,0,0,9,2026-02-04 21:27:48.261157
RTM1P54,3.51,3.5,3.52,1000000.0,1000000.0,0,0,0,0,0,0,9,2026-02-04 21:27:48.261157
RTM,50.65,50.64,50.66,100000000.0,100000000.0,0,0,0,0,0,0,10,2026-02-04 21:27:49.325246
RTM1C45,5.65,5.64,5.66,1000000.0,1000000.0,0,0,0,0,0,0,10,2026-02-04 21:27:49.325246
RTM1P45,0.02,0.01,0.03,1000000.0,1000000.0,0,0,0,0,0,0,10,2026-02-04 21:27:49.325246
RTM1C46,4.65,4.64,4.66,1000000.0,1000000.0,0,0,0,0,0,0,10,2026-02-04 21:27:49.325246
RTM1P46,0.02,0.01,0.03,1000000.0,1000000.0,0,0,0,0,0,0,10,2026-02-04 21:27:49.325246
RTM1C47,3.66,3.65,3.67,1000000.0,1000000.0,0,0,0,0,0,0,10,2026-02-04 21:27:49.325246
RTM1P47,0.02,0.01,0.03,1000000.0,1000000.0,0,0,0,0,0,0,10,2026-02-04 21:27:49.325246
RTM1C48,2.67,2.66,2.68,1000000.0,1000000.0,0,0,0,0,0,0,10,2026-02-04 21:27:49.325246
RTM1P48,0.02,0.01,0.03,1000000.0,1000000.0,0,0,0,0,0,0,10,2026-02-04 21:27:49.325246
RTM1C49,1.8,1.79,1.81,1000000.0,1000000.0,0,0,0,0,0,0,10,2026-02-04 21:27:49.325246
RTM1P49,0.14,0.13,0.15,1000000.0,1000000.0,0,0,0,0,0,0,10,2026-02-04 21:27:49.325246
RTM1C50,1.0,0.99,1.01,1000000.0,1000000.0,0,0,0,0,0,0,10,2026-02-04 21:27:49.325246
RTM1P50,0.34,0.33,0.35,1000000.0,1000000.0,0,0,0,0,0,0,10,2026-02-04 21:27:49.325246
RTM1C51,0.41,0.4,0.42,1000000.0,1000000.0,0,0,0,0,0,0,10,2026-02-04 21:27:49.325246
RTM1P51,0.76,0.75,0.77,1000000.0,1000000.0,0,0,0,0,0,0,10,2026-02-04 21:27:49.325246
RTM1C52,0.18,0.17,0.19,1000000.0,1000000.0,0,0,0,0,0,0,10,2026-02-04 21:27:49.325246
RTM1P52,1.53,1.52,1.54,1000000.0,1000000.0,0,0,0,0,0,0,10,2026-02-04 21:27:49.325246
RTM1C53,0.05,0.04,0.06,1000000.0,1000000.0,0,0,0,0,0,0,10,2026-02-04 21:27:49.325246
RTM1P53,2.4,2.39,2.41,1000000.0,1000000.0,0,0,0,0,0,0,10,2026-02-04 21:27:49.325246
RTM1C54,0.02,0.01,0.03,1000000.0,1000000.0,0,0,0,0,0,0,10,2026-02-04 21:27:49.325246
RTM1P54,3.37,3.36,3.38,1000000.0,1000000.0,0,0,0,0,0,0,10,2026-02-04 21:27:49.325246
RTM,50.7,50.7,50.72,100000000.0,100000000.0,0,0,0,0,0,0,11,2026-02-04 21:27:50.435407
RTM1C45,5.71,5.7,5.72,1000000.0,1000000.0,0,0,0,0,0,0,11,2026-02-04 21:27:50.435407
RTM1P45,0.02,0.01,0.03,1000000.0,1000000.0,0,0,0,0,0,0,11,2026-02-04 21:27:50.435407
RTM1C46,4.71,4.7,4.72,1000000.0,1000000.0,0,0,0,0,0,0,11,2026-02-04 21:27:50.435407
RTM1P46,0.02,0.01,0.03,1000000.0,1000000.0,0,0,0,0,0,0,11,2026-02-04 21:27:50.435407
RTM1C47,3.71,3.7,3.72,1000000.0,1000000.0,0,0,0,0,0,0,11,2026-02-04 21:27:50.435407
RTM1P47,0.02,0.01,0.03,1000000.0,1000000.0,0,0,0,0,0,0,11,2026-02-04 21:27:50.435407
RTM1C48,2.74,2.73,2.75,1000000.0,1000000.0,0,0,0,0,0,0,11,2026-02-04 21:27:50.435407
RTM1P48,0.03,0.02,0.04,1000000.0,1000000.0,0,0,0,0,0,0,11,2026-02-04 21:27:50.435407
RTM1C49,1.82,1.81,1.83,1000000.0,1000000.0,0,0,0,0,0,0,11,2026-02-04 21:27:50.435407
RTM1P49,0.12,0.11,0.13,1000000.0,1000000.0,0,0,0,0,0,0,11,2026-02-04 21:27:50.435407
RTM1C50,1.04,1.03,1.05,1000000.0,1000000.0,0,0,0,0,0,0,11,2026-02-04 21:27:50.435407
RTM1P50,0.34,0.33,0.35,1000000.0,1000000.0,0,0,0,0,0,0,11,2026-02-04 21:27:50.435407
RTM1C51,0.51,0.5,0.52,1000000.0,1000000.0,0,0,0,0,0,0,11,2026-02-04 21:27:50.435407
RTM1P51,0.81,0.8,0.82,1000000.0,1000000.0,0,0,0,0,0,0,11,2026-02-04 21:27:50.435407
RTM1C52,0.16,0.15,0.17,1000000.0,1000000.0,0,0,0,0,0,0,11,2026-02-04 21:27:50.435407
RTM1P52,1.45,1.44,1.46,1000000.0,1000000.0,0,0,0,0,0,0,11,2026-02-04 21:27:50.435407
RTM1C53,0.04,0.03,0.05,1000000.0,1000000.0,0,0,0,0,0,0,11,2026-02-04 21:27:50.435407
RTM1P53,2.34,2.33,2.35,1000000.0,1000000.0,0,0,0,0,0,0,11,2026-02-04 21:27:50.435407
RTM1C54,0.02,0.01,0.03,1000000.0,1000000.0,0,0,0,0,0,0,11,2026-02-04 21:27:50.435407
RTM1P54,3.3,3.29,3.31,1000000.0,1000000.0,0,0,0,0,0,0,11,2026-02-04 21:27:50.435407
RTM,50.64,50.63,50.65,100000000.0,100000000.0,0,0,0,0,0,0,12,2026-02-04 21:27:51.036759
RTM1C45,5.64,5.63,5.65,1000000.0,1000000.0,0,0,0,0,0,0,12,2026-02-04 21:27:51.036759
RTM1P45,0.02,0.01,0.03,1000000.0,1000000.0,0,0,0,0,0,0,12,2026-02-04 21:27:51.036759
RTM1C46,4.64,4.63,4.65,1000000.0,1000000.0,0,0,0,0,0,0,12,2026-02-04 21:27:51.036759
RTM1P46,0.02,0.01,0.03,1000000.0,1000000.0,0,0,0,0,0,0,12,2026-02-04 21:27:51.036759
RTM1C47,3.64,3.63,3.65,1000000.0,1000000.0,0,0,0,0,0,0,12,2026-02-04 21:27:51.036759
RTM1P47,0.02,0.01,0.03,1000000.0,1000000.0,0,0,0,0,0,0,12,2026-02-04 21:27:51.036759
RTM1C48,2.65,2.64,2.66,1000000.0,1000000.0,0,0,0,0,0,0,12,2026-02-04 21:27:51.036759
RTM1P48,0.02,0.01,0.03,1000000.0,1000000.0,0,0,0,0,0,0,12,2026-02-04 21:27:51.036759
RTM1C49,1.75,1.74,1.76,1000000.0,1000000.0,0,0,0,0,0,0,12,2026-02-04 21:27:51.036759
RTM1P49,0.12,0.11,0.13,1000000.0,1000000.0,0,0,0,0,0,0,12,2026-02-04 21:27:51.036759
RTM1C50,1.02,1.01,1.03,1000000.0,1000000.0,0,0,0,0,0,0,12,2026-02-04 21:27:51.036759
RTM1P50,0.38,0.37,0.39,1000000.0,1000000.0,0,0,0,0,0,0,12,2026-02-04 21:27:51.036759
RTM1C51,0.51,0.5,0.52,1000000.0,1000000.0,0,0,0,0,0,0,12,2026-02-04 21:27:51.036759
RTM1P51,0.87,0.86,0.88,1000000.0,1000000.0,0,0,0,0,0,0,12,2026-02-04 21:27:51.036759
RTM1C52,0.2,0.19,0.21,1000000.0,1000000.0,0,0,0,0,0,0,12,2026-02-04 21:27:51.036759
RTM1P52,1.56,1.55,1.57,1000000.0,1000000.0,0,0,0,0,0,0,12,2026-02-04 21:27:51.036759
RTM1C53,0.04,0.03,0.05,1000000.0,1000000.0,0,0,0,0,0,0,12,2026-02-04 21:27:51.036759
RTM1P53,2.4,2.39,2.41,1000000.0,1000000.0,0,0,0,0,0,0,12,2026-02-04 21:27:51.036759
RTM1C54,0.02,0.01,0.03,1000000.0,1000000.0,0,0,0,0,0,0,12,2026-02-04 21:27:51.036759
RTM1P54,3.37,3.36,3.38,1000000.0,1000000.0,0,0,0,0,0,0,12,2026-02-04 21:27:51.036759
RTM,50.52,50.51,50.53,100000000.0,100000000.0,0,0,0,0,0,0,13,2026-02-04 21:27:52.134004
RTM1C45,5.52,5.51,5.53,1000000.0,1000000.0,0,0,0,0,0,0,13,2026-02-04 21:27:52.134004
RTM1P45,0.02,0.01,0.03,1000000.0,1000000.0,0,0,0,0,0,0,13,2026-02-04 21:27:52.134004
RTM1C46,4.52,4.51,4.53,1000000.0,1000000.0,0,0,0,0,0,0,13,2026-02-04 21:27:52.134004
RTM1P46,0.02,0.01,0.03,1000000.0,1000000.0,0,0,0,0,0,0,13,2026-02-04 21:27:52.134004
RTM1C47,3.53,3.52,3.54,1000000.0,1000000.0,0,0,0,0,0,0,13,2026-02-04 21:27:52.134004
RTM1P47,0.02,0.01,0.03,1000000.0,1000000.0,0,0,0,0,0,0,13,2026-02-04 21:27:52.134004
RTM1C48,2.55,2.54,2.56,1000000.0,1000000.0,0,0,0,0,0,0,13,2026-02-04 21:27:52.134004
RTM1P48,0.02,0.01,0.03,1000000.0,1000000.0,0,0,0,0,0,0,13,2026-02-04 21:27:52.134004
RTM1C49,1.68,1.67,1.69,1000000.0,1000000.0,0,0,0,0,0,0,13,2026-02-04 21:27:52.134004
RTM1P49,0.15,0.14,0.16,1000000.0,1000000.0,0,0,0,0,0,0,13,2026-02-04 21:27:52.134004
RTM1C50,0.96,0.95,0.97,1000000.0,1000000.0,0,0,0,0,0,0,13,2026-02-04 21:27:52.134004
RTM1P50,0.43,0.42,0.44,1000000.0,1000000.0,0,0,0,0,0,0,13,2026-02-04 21:27:52.134004
RTM1C51,0.39,0.38,0.4,1000000.0,1000000.0,0,0,0,0,0,0,13,2026-02-04 21:27:52.134004
RTM1P51,0.86,0.85,0.87,1000000.0,1000000.0,0,0,0,0,0,0,13,2026-02-04 21:27:52.134004
RTM1C52,0.14,0.13,0.15,1000000.0,1000000.0,0,0,0,0,0,0,13,2026-02-04 21:27:52.134004
RTM1P52,1.61,1.6,1.62,1000000.0,1000000.0,0,0,0,0,0,0,13,2026-02-04 21:27:52.134004
RTM1C53,0.03,0.02,0.04,1000000.0,1000000.0,0,0,0,0,0,0,13,2026-02-04 21:27:52.134004
RTM1P53,2.51,2.5,2.52,1000000.0,1000000.0,0,0,0,0,0,0,13,2026-02-04 21:27:52.134004
RTM1C54,0.02,0.01,0.03,1000000.0,1000000.0,0,0,0,0,0,0,13,2026-02-04 21:27:52.134004
RTM1P54,3.49,3.48,3.5,1000000.0,1000000.0,0,0,0,0,0,0,13,2026-02-04 21:27:52.134004
RTM,50.43,50.42,50.44,100000000.0,100000000.0,0,0,0,0,0,0,14,2026-02-04 21:27:53.229625
RTM1C45,5.43,5.42,5.44,1000000.0,1000000.0,0,0,0,0,0,0,14,2026-02-04 21:27:53.229625
RTM1P45,0.02,0.01,0.03,1000000.0,1000000.0,0,0,0,0,0,0,14,2026-02-04 21:27:53.229625
RTM1C46,4.43,4.42,4.44,1000000.0,1000000.0,0,0,0,0,0,0,14,2026-02-04 21:27:53.229625
RTM1P46,0.02,0.01,0.03,1000000.0,1000000.0,0,0,0,0,0,0,14,2026-02-04 21:27:53.229625
RTM1C47,3.44,3.43,3.45,1000000.0,1000000.0,0,0,0,0,0,0,14,2026-02-04 21:27:53.229625
RTM1P47,0.02,0.01,0.03,1000000.0,1000000.0,0,0,0,0,0,0,14,2026-02-04 21:27:53.229625
RTM1C48,2.47,2.46,2.48,1000000.0,1000000.0,0,0,0,0,0,0,14,2026-02-04 21:27:53.229625
RTM1P48,0.04,0.03,0.05,1000000.0,1000000.0,0,0,0,0,0,0,14,2026-02-04 21:27:53.229625
RTM1C49,1.58,1.57,1.59,1000000.0,1000000.0,0,0,0,0,0,0,14,2026-02-04 21:27:53.229625
RTM1P49,0.15,0.14,0.16,1000000.0,1000000.0,0,0,0,0,0,0,14,2026-02-04 21:27:53.229625
RTM1C50,0.9,0.89,0.91,1000000.0,1000000.0,0,0,0,0,0,0,14,2026-02-04 21:27:53.229625
RTM1P50,0.47,0.46,0.48,1000000.0,1000000.0,0,0,0,0,0,0,14,2026-02-04 21:27:53.229625
RTM1C51,0.41,0.4,0.42,1000000.0,1000000.0,0,0,0,0,0,0,14,2026-02-04 21:27:53.229625
RTM1P51,0.98,0.97,0.99,1000000.0,1000000.0,0,0,0,0,0,0,14,2026-02-04 21:27:53.229625
RTM1C52,0.17,0.16,0.18,1000000.0,1000000.0,0,0,0,0,0,0,14,2026-02-04 21:27:53.229625
RTM1P52,1.74,1.73,1.75,1000000.0,1000000.0,0,0,0,0,0,0,14,2026-02-04 21:27:53.229625
RTM1C53,0.05,0.04,0.06,1000000.0,1000000.0,0,0,0,0,0,0,14,2026-02-04 21:27:53.229625
RTM1P53,2.62,2.61,2.63,1000000.0,1000000.0,0,0,0,0,0,0,14,2026-02-04 21:27:53.229625
RTM1C54,0.02,0.01,0.03,1000000.0,1000000.0,0,0,0,0,0,0,14,2026-02-04 21:27:53.229625
RTM1P54,3.58,3.57,3.59,1000000.0,1000000.0,0,0,0,0,0,0,14,2026-02-04 21:27:53.229625
RTM,50.4,50.39,50.41,100000000.0,100000000.0,0,0,0,0,0,0,15,2026-02-04 21:27:54.308001
RTM1C45,5.4,5.39,5.41,1000000.0,1000000.0,0,0,0,0,0,0,15,2026-02-04 21:27:54.308001
RTM1P45,0.02,0.01,0.03,1000000.0,1000000.0,0,0,0,0,0,0,15,2026-02-04 21:27:54.308001
RTM1C46,4.41,4.4,4.42,1000000.0,1000000.0,0,0,0,0,0,0,15,2026-02-04 21:27:54.308001
RTM1P46,0.02,0.01,0.03,1000000.0,1000000.0,0,0,0,0,0,0,15,2026-02-04 21:27:54.308001
RTM1C47,3.41,3.4,3.42,1000000.0,1000000.0,0,0,0,0,0,0,15,2026-02-04 21:27:54.308001
RTM1P47,0.02,0.01,0.03,1000000.0,1000000.0,0,0,0,0,0,0,15,2026-02-04 21:27:54.308001
RTM1C48,2.46,2.45,2.47,1000000.0,1000000.0,0,0,0,0,0,0,15,2026-02-04 21:27:54.308001
RTM1P48,0.06,0.05,0.07,1000000.0,1000000.0,0,0,0,0,0,0,15,2026-02-04 21:27:54.308001
RTM1C49,1.55,1.54,1.56,1000000.0,1000000.0,0,0,0,0,0,0,15,2026-02-04 21:27:54.308001
RTM1P49,0.15,0.14,0.16,1000000.0,1000000.0,0,0,0,0,0,0,15,2026-02-04 21:27:54.308001
RTM1C50,0.82,0.81,0.83,1000000.0,1000000.0,0,0,0,0,0,0,15,2026-02-04 21:27:54.308001
RTM1P50,0.41,0.4,0.42,1000000.0,1000000.0,0,0,0,0,0,0,15,2026-02-04 21:27:54.308001
RTM1C51,0.39,0.38,0.4,1000000.0,1000000.0,0,0,0,0,0,0,15,2026-02-04 21:27:54.308001
RTM1P51,0.99,0.98,1.0,1000000.0,1000000.0,0,0,0,0,0,0,15,2026-02-04 21:27:54.308001
RTM1C52,0.14,0.13,0.15,1000000.0,1000000.0,0,0,0,0,0,0,15,2026-02-04 21:27:54.308001
RTM1P52,1.73,1.72,1.74,1000000.0,1000000.0,0,0,0,0,0,0,15,2026-02-04 21:27:54.308001
RTM1C53,0.04,0.03,0.05,1000000.0,1000000.0,0,0,0,0,0,0,15,2026-02-04 21:27:54.308001
RTM1P53,2.64,2.63,2.65,1000000.0,1000000.0,0,0,0,0,0,0,15,2026-02-04 21:27:54.308001
RTM1C54,0.02,0.01,0.03,1000000.0,1000000.0,0,0,0,0,0,0,15,2026-02-04 21:27:54.308001
RTM1P54,3.61,3.6,3.62,1000000.0,1000000.0,0,0,0,0,0,0,15,2026-02-04 21:27:54.308001
RTM,50.36,50.35,50.37,100000000.0,100000000.0,0,0,0,0,0,0,16,2026-02-04 21:27:55.386376
RTM1C45,5.36,5.35,5.37,1000000.0,1000000.0,0,0,0,0,0,0,16,2026-02-04 21:27:55.386376
RTM1P45,0.02,0.01,0.03,1000000.0,1000000.0,0,0,0,0,0,0,16,2026-02-04 21:27:55.386376
RTM1C46,4.36,4.35,4.37,1000000.0,1000000.0,0,0,0,0,0,0,16,2026-02-04 21:27:55.386376
RTM1P46,0.02,0.01,0.03,1000000.0,1000000.0,0,0,0,0,0,0,16,2026-02-04 21:27:55.386376
RTM1C47,3.37,3.36,3.38,1000000.0,1000000.0,0,0,0,0,0,0,16,2026-02-04 21:27:55.386376
RTM1P47,0.02,0.01,0.03,1000000.0,1000000.0,0,0,0,0,0,0,16,2026-02-04 21:27:55.386376
RTM1C48,2.41,2.4,2.42,1000000.0,1000000.0,0,0,0,0,0,0,16,2026-02-04 21:27:55.386376
RTM1P48,0.05,0.04,0.06,1000000.0,1000000.0,0,0,0,0,0,0,16,2026-02-04 21:27:55.386376
RTM1C49,1.55,1.54,1.56,1000000.0,1000000.0,0,0,0,0,0,0,16,2026-02-04 21:27:55.386376
RTM1P49,0.19,0.18,0.2,1000000.0,1000000.0,0,0,0,0,0,0,16,2026-02-04 21:27:55.386376
RTM1C50,0.83,0.82,0.84,1000000.0,1000000.0,0,0,0,0,0,0,16,2026-02-04 21:27:55.386376
RTM1P50,0.47,0.46,0.48,1000000.0,1000000.0,0,0,0,0,0,0,16,2026-02-04 21:27:55.386376
RTM1C51,0.37,0.36,0.38,1000000.0,1000000.0,0,0,0,0,0,0,16,2026-02-04 21:27:55.386376
RTM1P51,1.01,1.0,1.02,1000000.0,1000000.0,0,0,0,0,0,0,16,2026-02-04 21:27:55.386376
RTM1C52,0.15,0.14,0.16,1000000.0,1000000.0,0,0,0,0,0,0,16,2026-02-04 21:27:55.386376
RTM1P52,1.79,1.78,1.8,1000000.0,1000000.0,0,0,0,0,0,0,16,2026-02-04 21:27:55.386376
RTM1C53,0.05,0.04,0.06,1000000.0,1000000.0,0,0,0,0,0,0,16,2026-02-04 21:27:55.386376
RTM1P53,2.69,2.68,2.7,1000000.0,1000000.0,0,0,0,0,0,0,16,2026-02-04 21:27:55.386376
RTM1C54,0.02,0.01,0.03,1000000.0,1000000.0,0,0,0,0,0,0,16,2026-02-04 21:27:55.386376
RTM1P54,3.65,3.64,3.66,1000000.0,1000000.0,0,0,0,0,0,0,16,2026-02-04 21:27:55.386376
RTM,50.28,50.27,50.29,100000000.0,100000000.0,0,0,0,0,0,0,17,2026-02-04 21:27:56.464955
RTM1C45,5.28,5.27,5.29,1000000.0,1000000.0,0,0,0,0,0,0,17,2026-02-04 21:27:56.464955
RTM1P45,0.02,0.01,0.03,1000000.0,1000000.0,0,0,0,0,0,0,17,2026-02-04 21:27:56.464955
RTM1C46,4.29,4.28,4.3,1000000.0,1000000.0,0,0,0,0,0,0,17,2026-02-04 21:27:56.464955
RTM1P46,0.02,0.01,0.03,1000000.0,1000000.0,0,0,0,0,0,0,17,2026-02-04 21:27:56.464955
RTM1C47,3.29,3.28,3.3,1000000.0,1000000.0,0,0,0,0,0,0,17,2026-02-04 21:27:56.464955
RTM1P47,0.02,0.01,0.03,1000000.0,1000000.0,0,0,0,0,0,0,17,2026-02-04 21:27:56.464955
RTM1C48,2.35,2.34,2.36,1000000.0,1000000.0,0,0,0,0,0,0,17,2026-02-04 21:27:56.464955
RTM1P48,0.06,0.05,0.07,1000000.0,1000000.0,0,0,0,0,0,0,17,2026-02-04 21:27:56.464955
RTM1C49,1.47,1.46,1.48,1000000.0,1000000.0,0,0,0,0,0,0,17,2026-02-04 21:27:56.464955
RTM1P49,0.19,0.18,0.2,1000000.0,1000000.0,0,0,0,0,0,0,17,2026-02-04 21:27:56.464955
RTM1C50,0.81,0.8,0.82,1000000.0,1000000.0,0,0,0,0,0,0,17,2026-02-04 21:27:56.464955
RTM1P50,0.52,0.51,0.53,1000000.0,1000000.0,0,0,0,0,0,0,17,2026-02-04 21:27:56.464955
RTM1C51,0.35,0.34,0.36,1000000.0,1000000.0,0,0,0,0,0,0,17,2026-02-04 21:27:56.464955
RTM1P51,1.07,1.06,1.08,1000000.0,1000000.0,0,0,0,0,0,0,17,2026-02-04 21:27:56.464955
RTM1C52,0.12,0.11,0.13,1000000.0,1000000.0,0,0,0,0,0,0,17,2026-02-04 21:27:56.464955
RTM1P52,1.84,1.83,1.85,1000000.0,1000000.0,0,0,0,0,0,0,17,2026-02-04 21:27:56.464955
RTM1C53,0.04,0.03,0.05,1000000.0,1000000.0,0,0,0,0,0,0,17,2026-02-04 21:27:56.464955
RTM1P53,2.76,2.75,2.77,1000000.0,1000000.0,0,0,0,0,0,0,17,2026-02-04 21:27:56.464955
RTM1C54,0.02,0.01,0.03,1000000.0,1000000.0,0,0,0,0,0,0,17,2026-02-04 21:27:56.464955
RTM1P54,3.73,3.72,3.74,1000000.0,1000000.0,0,0,0,0,0,0,17,2026-02-04 21:27:56.464955
RTM,50.27,50.26,50.28,100000000.0,100000000.0,0,0,0,0,0,0,18,2026-02-04 21:27:57.536592
RTM1C45,5.27,5.26,5.28,1000000.0,1000000.0,0,0,0,0,0,0,18,2026-02-04 21:27:57.536592
RTM1P45,0.02,0.01,0.03,1000000.0,1000000.0,0,0,0,0,0,0,18,2026-02-04 21:27:57.536592
RTM1C46,4.27,4.26,4.28,1000000.0,1000000.0,0,0,0,0,0,0,18,2026-02-04 21:27:57.536592
RTM1P46,0.02,0.01,0.03,1000000.0,1000000.0,0,0,0,0,0,0,18,2026-02-04 21:27:57.536592
RTM1C47,3.28,3.27,3.29,1000000.0,1000000.0,0,0,0,0,0,0,18,2026-02-04 21:27:57.536592
RTM1P47,0.02,0.01,0.03,1000000.0,1000000.0,0,0,0,0,0,0,18,2026-02-04 21:27:57.536592
RTM1C48,2.31,2.3,2.32,1000000.0,1000000.0,0,0,0,0,0,0,18,2026-02-04 21:27:57.536592
RTM1P48,0.05,0.04,0.06,1000000.0,1000000.0,0,0,0,0,0,0,18,2026-02-04 21:27:57.536592
RTM1C49,1.47,1.46,1.48,1000000.0,1000000.0,0,0,0,0,0,0,18,2026-02-04 21:27:57.536592
RTM1P49,0.2,0.19,0.21,1000000.0,1000000.0,0,0,0,0,0,0,18,2026-02-04 21:27:57.536592
RTM1C50,0.78,0.77,0.79,1000000.0,1000000.0,0,0,0,0,0,0,18,2026-02-04 21:27:57.536592
RTM1P50,0.51,0.5,0.52,1000000.0,1000000.0,0,0,0,0,0,0,18,2026-02-04 21:27:57.536592
RTM1C51,0.32,0.31,0.33,1000000.0,1000000.0,0,0,0,0,0,0,18,2026-02-04 21:27:57.536592
RTM1P51,1.06,1.05,1.07,1000000.0,1000000.0,0,0,0,0,0,0,18,2026-02-04 21:27:57.536592
RTM1C52,0.14,0.13,0.15,1000000.0,1000000.0,0,0,0,0,0,0,18,2026-02-04 21:27:57.536592
RTM1P52,1.87,1.86,1.88,1000000.0,1000000.0,0,0,0,0,0,0,18,2026-02-04 21:27:57.536592
RTM1C53,0.05,0.04,0.06,1000000.0,1000000.0,0,0,0,0,0,0,18,2026-02-04 21:27:57.536592
RTM1P53,2.78,2.77,2.79,1000000.0,1000000.0,0,0,0,0,0,0,18,2026-02-04 21:27:57.536592
RTM1C54,0.02,0.01,0.03,1000000.0,1000000.0,0,0,0,0,0,0,18,2026-02-04 21:27:57.536592
RTM1P54,3.75,3.74,3.76,1000000.0,1000000.0,0,0,0,0,0,0,18,2026-02-04 21:27:57.536592
RTM,50.14,50.13,50.15,100000000.0,100000000.0,0,0,0,0,0,0,19,2026-02-04 21:27:58.233278
RTM1C45,5.14,5.13,5.15,1000000.0,1000000.0,0,0,0,0,0,0,19,2026-02-04 21:27:58.233278
RTM1P45,0.02,0.01,0.03,1000000.0,1000000.0,0,0,0,0,0,0,19,2026-02-04 21:27:58.233278
RTM1C46,4.14,4.13,4.15,1000000.0,1000000.0,0,0,0,0,0,0,19,2026-02-04 21:27:58.233278
RTM1P46,0.02,0.01,0.03,1000000.0,1000000.0,0,0,0,0,0,0,19,2026-02-04 21:27:58.233278
RTM1C47,3.16,3.15,3.17,1000000.0,1000000.0,0,0,0,0,0,0,19,2026-02-04 21:27:58.233278
RTM1P47,0.02,0.01,0.03,1000000.0,1000000.0,0,0,0,0,0,0,19,2026-02-04 21:27:58.233278
RTM1C48,2.22,2.21,2.23,1000000.0,1000000.0,0,0,0,0,0,0,19,2026-02-04 21:27:58.233278
RTM1P48,0.08,0.07,0.09,1000000.0,1000000.0,0,0,0,0,0,0,19,2026-02-04 21:27:58.233278
RTM1C49,1.38,1.37,1.39,1000000.0,1000000.0,0,0,0,0,0,0,19,2026-02-04 21:27:58.233278
RTM1P49,0.24,0.23,0.25,1000000.0,1000000.0,0,0,0,0,0,0,19,2026-02-04 21:27:58.233278
RTM1C50,0.71,0.7,0.72,1000000.0,1000000.0,0,0,0,0,0,0,19,2026-02-04 21:27:58.233278
RTM1P50,0.57,0.56,0.58,1000000.0,1000000.0,0,0,0,0,0,0,19,2026-02-04 21:27:58.233278
RTM1C51,0.29,0.28,0.3,1000000.0,1000000.0,0,0,0,0,0,0,19,2026-02-04 21:27:58.233278
RTM1P51,1.15,1.14,1.16,1000000.0,1000000.0,0,0,0,0,0,0,19,2026-02-04 21:27:58.233278
RTM1C52,0.11,0.1,0.12,1000000.0,1000000.0,0,0,0,0,0,0,19,2026-02-04 21:27:58.233278
RTM1P52,1.97,1.96,1.98,1000000.0,1000000.0,0,0,0,0,0,0,19,2026-02-04 21:27:58.233278
RTM1C53,0.03,0.02,0.04,1000000.0,1000000.0,0,0,0,0,0,0,19,2026-02-04 21:27:58.233278
RTM1P53,2.89,2.88,2.9,1000000.0,1000000.0,0,0,0,0,0,0,19,2026-02-04 21:27:58.233278
RTM1C54,0.02,0.01,0.03,1000000.0,1000000.0,0,0,0,0,0,0,19,2026-02-04 21:27:58.233278
RTM1P54,3.87,3.86,3.88,1000000.0,1000000.0,0,0,0,0,0,0,19,2026-02-04 21:27:58.233278
RTM,50.21,50.2,50.22,100000000.0,100000000.0,0,0,0,0,0,0,20,2026-02-04 21:27:59.292446
RTM1C45,5.21,5.2,5.22,1000000.0,1000000.0,0,0,0,0,0,0,20,2026-02-04 21:27:59.292446
RTM1P45,0.02,0.01,0.03,1000000.0,1000000.0,0,0,0,0,0,0,20,2026-02-04 21:27:59.292446
RTM1C46,4.21,4.2,4.22,1000000.0,1000000.0,0,0,0,0,0,0,20,2026-02-04 21:27:59.292446
RTM1P46,0.02,0.01,0.03,1000000.0,1000000.0,0,0,0,0,0,0,20,2026-02-04 21:27:59.292446
RTM1C47,3.23,3.22,3.24,1000000.0,1000000.0,0,0,0,0,0,0,20,2026-02-04 21:27:59.292446
RTM1P47,0.02,0.01,0.03,1000000.0,1000000.0,0,0,0,0,0,0,20,2026-02-04 21:27:59.292446
RTM1C48,2.29,2.28,2.3,1000000.0,1000000.0,0,0,0,0,0,0,20,2026-02-04 21:27:59.292446
RTM1P48,0.08,0.07,0.09,1000000.0,1000000.0,0,0,0,0,0,0,20,2026-02-04 21:27:59.292446
RTM1C49,1.41,1.4,1.42,1000000.0,1000000.0,0,0,0,0,0,0,20,2026-02-04 21:27:59.292446
RTM1P49,0.2,0.19,0.21,1000000.0,1000000.0,0,0,0,0,0,0,20,2026-02-04 21:27:59.292446
RTM1C50,0.75,0.74,0.76,1000000.0,1000000.0,0,0,0,0,0,0,20,2026-02-04 21:27:59.292446
RTM1P50,0.54,0.53,0.55,1000000.0,1000000.0,0,0,0,0,0,0,20,2026-02-04 21:27:59.292446
RTM1C51,0.37,0.36,0.38,1000000.0,1000000.0,0,0,0,0,0,0,20,2026-02-04 21:27:59.292446
RTM1P51,1.16,1.15,1.17,1000000.0,1000000.0,0,0,0,0,0,0,20,2026-02-04 21:27:59.292446
RTM1C52,0.15,0.14,0.16,1000000.0,1000000.0,0,0,0,0,0,0,20,2026-02-04 21:27:59.292446
RTM1P52,1.93,1.92,1.94,1000000.0,1000000.0,0,0,0,0,0,0,20,2026-02-04 21:27:59.292446
RTM1C53,0.03,0.02,0.04,1000000.0,1000000.0,0,0,0,0,0,0,20,2026-02-04 21:27:59.292446
RTM1P53,2.82,2.81,2.83,1000000.0,1000000.0,0,0,0,0,0,0,20,2026-02-04 21:27:59.292446
RTM1C54,0.02,0.01,0.03,1000000.0,1000000.0,0,0,0,0,0,0,20,2026-02-04 21:27:59.292446
RTM1P54,3.79,3.78,3.8,1000000.0,1000000.0,0,0,0,0,0,0,20,2026-02-04 21:27:59.292446
RTM,50.04,50.03,50.05,100000000.0,100000000.0,0,0,0,0,0,0,21,2026-02-04 21:28:00.358135
RTM1C45,5.04,5.03,5.05,1000000.0,1000000.0,0,0,0,0,0,0,21,2026-02-04 21:28:00.358135
RTM1P45,0.02,0.01,0.03,1000000.0,1000000.0,0,0,0,0,0,0,21,2026-02-04 21:28:00.358135
RTM1C46,4.04,4.03,4.05,1000000.0,1000000.0,0,0,0,0,0,0,21,2026-02-04 21:28:00.358135
RTM1P46,0.02,0.01,0.03,1000000.0,1000000.0,0,0,0,0,0,0,21,2026-02-04 21:28:00.358135
RTM1C47,3.06,3.05,3.07,1000000.0,1000000.0,0,0,0,0,0,0,21,2026-02-04 21:28:00.358135
RTM1P47,0.02,0.01,0.03,1000000.0,1000000.0,0,0,0,0,0,0,21,2026-02-04 21:28:00.358135
RTM1C48,2.12,2.11,2.13,1000000.0,1000000.0,0,0,0,0,0,0,21,2026-02-04 21:28:00.358135
RTM1P48,0.08,0.07,0.09,1000000.0,1000000.0,0,0,0,0,0,0,21,2026-02-04 21:28:00.358135
RTM1C49,1.32,1.31,1.33,1000000.0,1000000.0,0,0,0,0,0,0,21,2026-02-04 21:28:00.358135
RTM1P49,0.28,0.27,0.29,1000000.0,1000000.0,0,0,0,0,0,0,21,2026-02-04 21:28:00.358135
RTM1C50,0.7,0.69,0.71,1000000.0,1000000.0,0,0,0,0,0,0,21,2026-02-04 21:28:00.358135
RTM1P50,0.66,0.65,0.67,1000000.0,1000000.0,0,0,0,0,0,0,21,2026-02-04 21:28:00.358135
RTM1C51,0.31,0.3,0.32,1000000.0,1000000.0,0,0,0,0,0,0,21,2026-02-04 21:28:00.358135
RTM1P51,1.27,1.26,1.28,1000000.0,1000000.0,0,0,0,0,0,0,21,2026-02-04 21:28:00.358135
RTM1C52,0.1,0.09,0.11,1000000.0,1000000.0,0,0,0,0,0,0,21,2026-02-04 21:28:00.358135
RTM1P52,2.06,2.05,2.07,1000000.0,1000000.0,0,0,0,0,0,0,21,2026-02-04 21:28:00.358135
RTM1C53,0.02,0.01,0.03,1000000.0,1000000.0,0,0,0,0,0,0,21,2026-02-04 21:28:00.358135
RTM1P53,2.99,2.98,3.0,1000000.0,1000000.0,0,0,0,0,0,0,21,2026-02-04 21:28:00.358135
RTM1C54,0.02,0.01,0.03,1000000.0,1000000.0,0,0,0,0,0,0,21,2026-02-04 21:28:00.358135
RTM1P54,3.97,3.96,3.98,1000000.0,1000000.0,0,0,0,0,0,0,21,2026-02-04 21:28:00.358135
RTM,49.99,49.98,50.0,100000000.0,100000000.0,0,0,0,0,0,0,22,2026-02-04 21:28:01.433931
RTM1C45,4.99,4.98,5.0,1000000.0,1000000.0,0,0,0,0,0,0,22,2026-02-04 21:28:01.433931
RTM1P45,0.02,0.01,0.03,1000000.0,1000000.0,0,0,0,0,0,0,22,2026-02-04 21:28:01.433931
RTM1C46,4.0,3.99,4.01,1000000.0,1000000.0,0,0,0,0,0,0,22,2026-02-04 21:28:01.433931
RTM1P46,0.02,0.01,0.03,1000000.0,1000000.0,0,0,0,0,0,0,22,2026-02-04 21:28:01.433931
RTM1C47,3.02,3.01,3.03,1000000.0,1000000.0,0,0,0,0,0,0,22,2026-02-04 21:28:01.433931
RTM1P47,0.02,0.01,0.03,1000000.0,1000000.0,0,0,0,0,0,0,22,2026-02-04 21:28:01.433931
RTM1C48,2.07,2.06,2.08,1000000.0,1000000.0,0,0,0,0,0,0,22,2026-02-04 21:28:01.433931
RTM1P48,0.08,0.07,0.09,1000000.0,1000000.0,0,0,0,0,0,0,22,2026-02-04 21:28:01.433931
RTM1C49,1.28,1.27,1.29,1000000.0,1000000.0,0,0,0,0,0,0,22,2026-02-04 21:28:01.433931
RTM1P49,0.29,0.28,0.3,1000000.0,1000000.0,0,0,0,0,0,0,22,2026-02-04 21:28:01.433931
RTM1C50,0.63,0.62,0.64,1000000.0,1000000.0,0,0,0,0,0,0,22,2026-02-04 21:28:01.433931
RTM1P50,0.64,0.63,0.65,1000000.0,1000000.0,0,0,0,0,0,0,22,2026-02-04 21:28:01.433931
RTM1C51,0.3,0.29,0.31,1000000.0,1000000.0,0,0,0,0,0,0,22,2026-02-04 21:28:01.433931
RTM1P51,1.3,1.29,1.31,1000000.0,1000000.0,0,0,0,0,0,0,22,2026-02-04 21:28:01.433931
RTM1C52,0.11,0.1,0.12,1000000.0,1000000.0,0,0,0,0,0,0,22,2026-02-04 21:28:01.433931
RTM1P52,2.12,2.11,2.13,1000000.0,1000000.0,0,0,0,0,0,0,22,2026-02-04 21:28:01.433931
RTM1C53,0.03,0.02,0.04,1000000.0,1000000.0,0,0,0,0,0,0,22,2026-02-04 21:28:01.433931
RTM1P53,3.03,3.02,3.04,1000000.0,1000000.0,0,0,0,0,0,0,22,2026-02-04 21:28:01.433931
RTM1C54,0.02,0.01,0.03,1000000.0,1000000.0,0,0,0,0,0,0,22,2026-02-04 21:28:01.433931
RTM1P54,4.01,4.0,4.02,1000000.0,1000000.0,0,0,0,0,0,0,22,2026-02-04 21:28:01.433931
RTM,49.93,49.92,49.94,100000000.0,100000000.0,0,0,0,0,0,0,23,2026-02-04 21:28:02.495304
RTM1C45,4.93,4.92,4.94,1000000.0,1000000.0,0,0,0,0,0,0,23,2026-02-04 21:28:02.495304
RTM1P45,0.02,0.01,0.03,1000000.0,1000000.0,0,0,0,0,0,0,23,2026-02-04 21:28:02.495304
RTM1C46,3.94,3.93,3.95,1000000.0,1000000.0,0,0,0,0,0,0,23,2026-02-04 21:28:02.495304
RTM1P46,0.02,0.01,0.03,1000000.0,1000000.0,0,0,0,0,0,0,23,2026-02-04 21:28:02.495304
RTM1C47,2.95,2.94,2.96,1000000.0,1000000.0,0,0,0,0,0,0,23,2026-02-04 21:28:02.495304
RTM1P47,0.02,0.01,0.03,1000000.0,1000000.0,0,0,0,0,0,0,23,2026-02-04 21:28:02.495304
RTM1C48,2.02,2.01,2.03,1000000.0,1000000.0,0,0,0,0,0,0,23,2026-02-04 21:28:02.495304
RTM1P48,0.09,0.08,0.1,1000000.0,1000000.0,0,0,0,0,0,0,23,2026-02-04 21:28:02.495304
RTM1C49,1.24,1.23,1.25,1000000.0,1000000.0,0,0,0,0,0,0,23,2026-02-04 21:28:02.495304
RTM1P49,0.31,0.3,0.32,1000000.0,1000000.0,0,0,0,0,0,0,23,2026-02-04 21:28:02.495304
RTM1C50,0.62,0.61,0.63,1000000.0,1000000.0,0,0,0,0,0,0,23,2026-02-04 21:28:02.495304
RTM1P50,0.69,0.68,0.7,1000000.0,1000000.0,0,0,0,0,0,0,23,2026-02-04 21:28:02.495304
RTM1C51,0.3,0.29,0.31,1000000.0,1000000.0,0,0,0,0,0,0,23,2026-02-04 21:28:02.495304
RTM1P51,1.37,1.36,1.38,1000000.0,1000000.0,0,0,0,0,0,0,23,2026-02-04 21:28:02.495304
RTM1C52,0.1,0.09,0.11,1000000.0,1000000.0,0,0,0,0,0,0,23,2026-02-04 21:28:02.495304
RTM1P52,2.17,2.16,2.18,1000000.0,1000000.0,0,0,0,0,0,0,23,2026-02-04 21:28:02.495304
RTM1C53,0.02,0.01,0.03,1000000.0,1000000.0,0,0,0,0,0,0,23,2026-02-04 21:28:02.495304
RTM1P53,3.09,3.08,3.1,1000000.0,1000000.0,0,0,0,0,0,0,23,2026-02-04 21:28:02.495304
RTM1C54,0.02,0.01,0.03,1000000.0,1000000.0,0,0,0,0,0,0,23,2026-02-04 21:28:02.495304
RTM1P54,4.07,4.06,4.08,1000000.0,1000000.0,0,0,0,0,0,0,23,2026-02-04 21:28:02.495304
RTM,49.87,49.86,49.88,100000000.0,100000000.0,0,0,0,0,0,0,24,2026-02-04 21:28:03.599463
RTM1C45,4.87,4.86,4.88,1000000.0,1000000.0,0,0,0,0,0,0,24,2026-02-04 21:28:03.599463
RTM1P45,0.02,0.01,0.03,1000000.0,1000000.0,0,0,0,0,0,0,24,2026-02-04 21:28:03.599463
RTM1C46,3.88,3.87,3.89,1000000.0,1000000.0,0,0,0,0,0,0,24,2026-02-04 21:28:03.599463
RTM1P46,0.02,0.01,0.03,1000000.0,1000000.0,0,0,0,0,0,0,24,2026-02-04 21:28:03.599463
RTM1C47,2.89,2.88,2.9,1000000.0,1000000.0,0,0,0,0,0,0,24,2026-02-04 21:28:03.599463
RTM1P47,0.02,0.01,0.03,1000000.0,1000000.0,0,0,0,0,0,0,24,2026-02-04 21:28:03.599463
RTM1C48,1.99,1.98,2.0,1000000.0,1000000.0,0,0,0,0,0,0,24,2026-02-04 21:28:03.599463
RTM1P48,0.11,0.1,0.12,1000000.0,1000000.0,0,0,0,0,0,0,24,2026-02-04 21:28:03.599463
RTM1C49,1.19,1.18,1.2,1000000.0,1000000.0,0,0,0,0,0,0,24,2026-02-04 21:28:03.599463
RTM1P49,0.32,0.31,0.33,1000000.0,1000000.0,0,0,0,0,0,0,24,2026-02-04 21:28:03.599463
RTM1C50,0.58,0.57,0.59,1000000.0,1000000.0,0,0,0,0,0,0,24,2026-02-04 21:28:03.599463
RTM1P50,0.71,0.7,0.72,1000000.0,1000000.0,0,0,0,0,0,0,24,2026-02-04 21:28:03.599463
RTM1C51,0.26,0.25,0.27,1000000.0,1000000.0,0,0,0,0,0,0,24,2026-02-04 21:28:03.599463
RTM1P51,1.39,1.38,1.4,1000000.0,1000000.0,0,0,0,0,0,0,24,2026-02-04 21:28:03.599463
RTM1C52,0.08,0.07,0.09,1000000.0,1000000.0,0,0,0,0,0,0,24,2026-02-04 21:28:03.599463
RTM1P52,2.2,2.19,2.21,1000000.0,1000000.0,0,0,0,0,0,0,24,2026-02-04 21:28:03.599463
RTM1C53,0.02,0.01,0.03,1000000.0,1000000.0,0,0,0,0,0,0,24,2026-02-04 21:28:03.599463
RTM1P53,3.15,3.14,3.16,1000000.0,1000000.0,0,0,0,0,0,0,24,2026-02-04 21:28:03.599463
RTM1C54,0.02,0.01,0.03,1000000.0,1000000.0,0,0,0,0,0,0,24,2026-02-04 21:28:03.599463
RTM1P54,4.13,4.12,4.14,1000000.0,1000000.0,0,0,0,0,0,0,24,2026-02-04 21:28:03.599463
RTM,49.99,49.98,50.0,100000000.0,100000000.0,0,0,0,0,0,0,25,2026-02-04 21:28:04.218412
RTM1C45,4.99,4.98,5.0,1000000.0,1000000.0,0,0,0,0,0,0,25,2026-02-04 21:28:04.218412
RTM1P45,0.02,0.01,0.03,1000000.0,1000000.0,0,0,0,0,0,0,25,2026-02-04 21:28:04.218412
RTM1C46,3.99,3.98,4.0,1000000.0,1000000.0,0,0,0,0,0,0,25,2026-02-04 21:28:04.218412
RTM1P46,0.02,0.01,0.03,1000000.0,1000000.0,0,0,0,0,0,0,25,2026-02-04 21:28:04.218412
RTM1C47,3.0,2.99,3.01,1000000.0,1000000.0,0,0,0,0,0,0,25,2026-02-04 21:28:04.218412
RTM1P47,0.02,0.01,0.03,1000000.0,1000000.0,0,0,0,0,0,0,25,2026-02-04 21:28:04.218412
RTM1C48,2.09,2.08,2.1,1000000.0,1000000.0,0,0,0,0,0,0,25,2026-02-04 21:28:04.218412
RTM1P48,0.11,0.1,0.12,1000000.0,1000000.0,0,0,0,0,0,0,25,2026-02-04 21:28:04.218412
RTM1C49,1.3,1.29,1.31,1000000.0,1000000.0,0,0,0,0,0,0,25,2026-02-04 21:28:04.218412
RTM1P49,0.31,0.3,0.32,1000000.0,1000000.0,0,0,0,0,0,0,25,2026-02-04 21:28:04.218412
RTM1C50,0.67,0.66,0.68,1000000.0,1000000.0,0,0,0,0,0,0,25,2026-02-04 21:28:04.218412
RTM1P50,0.68,0.67,0.69,1000000.0,1000000.0,0,0,0,0,0,0,25,2026-02-04 21:28:04.218412
RTM1C51,0.28,0.27,0.29,1000000.0,1000000.0,0,0,0,0,0,0,25,2026-02-04 21:28:04.218412
RTM1P51,1.3,1.29,1.31,1000000.0,1000000.0,0,0,0,0,0,0,25,2026-02-04 21:28:04.218412
RTM1C52,0.12,0.11,0.13,1000000.0,1000000.0,0,0,0,0,0,0,25,2026-02-04 21:28:04.218412
RTM1P52,2.13,2.12,2.14,1000000.0,1000000.0,0,0,0,0,0,0,25,2026-02-04 21:28:04.218412
RTM1C53,0.03,0.02,0.04,1000000.0,1000000.0,0,0,0,0,0,0,25,2026-02-04 21:28:04.218412
RTM1P53,3.05,3.04,3.06,1000000.0,1000000.0,0,0,0,0,0,0,25,2026-02-04 21:28:04.218412
RTM1C54,0.02,0.01,0.03,1000000.0,1000000.0,0,0,0,0,0,0,25,2026-02-04 21:28:04.218412
RTM1P54,4.02,4.01,4.03,1000000.0,1000000.0,0,0,0,0,0,0,25,2026-02-04 21:28:04.218412
RTM,49.97,49.96,49.98,100000000.0,100000000.0,0,0,0,0,0,0,26,2026-02-04 21:28:05.289293
RTM1C45,4.97,4.96,4.98,1000000.0,1000000.0,0,0,0,0,0,0,26,2026-02-04 21:28:05.289293
RTM1P45,0.02,0.01,0.03,1000000.0,1000000.0,0,0,0,0,0,0,26,2026-02-04 21:28:05.289293
RTM1C46,3.97,3.96,3.98,1000000.0,1000000.0,0,0,0,0,0,0,26,2026-02-04 21:28:05.289293
RTM1P46,0.02,0.01,0.03,1000000.0,1000000.0,0,0,0,0,0,0,26,2026-02-04 21:28:05.289293
RTM1C47,3.0,2.99,3.01,1000000.0,1000000.0,0,0,0,0,0,0,26,2026-02-04 21:28:05.289293
RTM1P47,0.03,0.02,0.04,1000000.0,1000000.0,0,0,0,0,0,0,26,2026-02-04 21:28:05.289293
RTM1C48,2.07,2.06,2.08,1000000.0,1000000.0,0,0,0,0,0,0,26,2026-02-04 21:28:05.289293
RTM1P48,0.1,0.09,0.11,1000000.0,1000000.0,0,0,0,0,0,0,26,2026-02-04 21:28:05.289293
RTM1C49,1.26,1.25,1.27,1000000.0,1000000.0,0,0,0,0,0,0,26,2026-02-04 21:28:05.289293
RTM1P49,0.29,0.28,0.3,1000000.0,1000000.0,0,0,0,0,0,0,26,2026-02-04 21:28:05.289293
RTM1C50,0.65,0.64,0.66,1000000.0,1000000.0,0,0,0,0,0,0,26,2026-02-04 21:28:05.289293
RTM1P50,0.68,0.67,0.69,1000000.0,1000000.0,0,0,0,0,0,0,26,2026-02-04 21:28:05.289293
RTM1C51,0.31,0.3,0.32,1000000.0,1000000.0,0,0,0,0,0,0,26,2026-02-04 21:28:05.289293
RTM1P51,1.34,1.33,1.35,1000000.0,1000000.0,0,0,0,0,0,0,26,2026-02-04 21:28:05.289293
RTM1C52,0.12,0.11,0.13,1000000.0,1000000.0,0,0,0,0,0,0,26,2026-02-04 21:28:05.289293
RTM1P52,2.15,2.14,2.16,1000000.0,1000000.0,0,0,0,0,0,0,26,2026-02-04 21:28:05.289293
RTM1C53,0.04,0.03,0.05,1000000.0,1000000.0,0,0,0,0,0,0,26,2026-02-04 21:28:05.289293
RTM1P53,3.07,3.06,3.08,1000000.0,1000000.0,0,0,0,0,0,0,26,2026-02-04 21:28:05.289293
RTM1C54,0.02,0.01,0.03,1000000.0,1000000.0,0,0,0,0,0,0,26,2026-02-04 21:28:05.289293
RTM1P54,4.04,4.03,4.05,1000000.0,1000000.0,0,0,0,0,0,0,26,2026-02-04 21:28:05.289293
RTM,49.87,49.86,49.88,100000000.0,100000000.0,0,0,0,0,0,0,27,2026-02-04 21:28:06.345811
RTM1C45,4.87,4.86,4.88,1000000.0,1000000.0,0,0,0,0,0,0,27,2026-02-04 21:28:06.345811
RTM1P45,0.02,0.01,0.03,1000000.0,1000000.0,0,0,0,0,0,0,27,2026-02-04 21:28:06.345811
RTM1C46,3.87,3.86,3.88,1000000.0,1000000.0,0,0,0,0,0,0,27,2026-02-04 21:28:06.345811
RTM1P46,0.02,0.01,0.03,1000000.0,1000000.0,0,0,0,0,0,0,27,2026-02-04 21:28:06.345811
RTM1C47,2.9,2.89,2.91,1000000.0,1000000.0,0,0,0,0,0,0,27,2026-02-04 21:28:06.345811
RTM1P47,0.04,0.03,0.05,1000000.0,1000000.0,0,0,0,0,0,0,27,2026-02-04 21:28:06.345811
RTM1C48,2.0,1.99,2.01,1000000.0,1000000.0,0,0,0,0,0,0,27,2026-02-04 21:28:06.345811
RTM1P48,0.13,0.12,0.14,1000000.0,1000000.0,0,0,0,0,0,0,27,2026-02-04 21:28:06.345811
RTM1C49,1.19,1.18,1.2,1000000.0,1000000.0,0,0,0,0,0,0,27,2026-02-04 21:28:06.345811
RTM1P49,0.32,0.31,0.33,1000000.0,1000000.0,0,0,0,0,0,0,27,2026-02-04 21:28:06.345811
RTM1C50,0.6,0.59,0.61,1000000.0,1000000.0,0,0,0,0,0,0,27,2026-02-04 21:28:06.345811
RTM1P50,0.73,0.72,0.74,1000000.0,1000000.0,0,0,0,0,0,0,27,2026-02-04 21:28:06.345811
RTM1C51,0.29,0.28,0.3,1000000.0,1000000.0,0,0,0,0,0,0,27,2026-02-04 21:28:06.345811
RTM1P51,1.42,1.41,1.43,1000000.0,1000000.0,0,0,0,0,0,0,27,2026-02-04 21:28:06.345811
RTM1C52,0.09,0.08,0.1,1000000.0,1000000.0,0,0,0,0,0,0,27,2026-02-04 21:28:06.345811
RTM1P52,2.22,2.21,2.23,1000000.0,1000000.0,0,0,0,0,0,0,27,2026-02-04 21:28:06.345811
RTM1C53,0.02,0.01,0.03,1000000.0,1000000.0,0,0,0,0,0,0,27,2026-02-04 21:28:06.345811
RTM1P53,3.15,3.14,3.16,1000000.0,1000000.0,0,0,0,0,0,0,27,2026-02-04 21:28:06.345811
RTM1C54,0.02,0.01,0.03,1000000.0,1000000.0,0,0,0,0,0,0,27,2026-02-04 21:28:06.345811
RTM1P54,4.13,4.12,4.14,1000000.0,1000000.0,0,0,0,0,0,0,27,2026-02-04 21:28:06.345811
RTM,49.67,49.66,49.68,100000000.0,100000000.0,0,0,0,0,0,0,28,2026-02-04 21:28:07.413305
RTM1C45,4.67,4.66,4.68,1000000.0,1000000.0,0,0,0,0,0,0,28,2026-02-04 21:28:07.413305
RTM1P45,0.02,0.01,0.03,1000000.0,1000000.0,0,0,0,0,0,0,28,2026-02-04 21:28:07.413305
RTM1C46,3.68,3.67,3.69,1000000.0,1000000.0,0,0,0,0,0,0,28,2026-02-04 21:28:07.413305
RTM1P46,0.02,0.01,0.03,1000000.0,1000000.0,0,0,0,0,0,0,28,2026-02-04 21:28:07.413305
RTM1C47,2.7,2.69,2.71,1000000.0,1000000.0,0,0,0,0,0,0,28,2026-02-04 21:28:07.413305
RTM1P47,0.03,0.02,0.04,1000000.0,1000000.0,0,0,0,0,0,0,28,2026-02-04 21:28:07.413305
RTM1C48,1.81,1.8,1.82,1000000.0,1000000.0,0,0,0,0,0,0,28,2026-02-04 21:28:07.413305
RTM1P48,0.14,0.13,0.15,1000000.0,1000000.0,0,0,0,0,0,0,28,2026-02-04 21:28:07.413305
RTM1C49,1.08,1.07,1.09,1000000.0,1000000.0,0,0,0,0,0,0,28,2026-02-04 21:28:07.413305
RTM1P49,0.41,0.4,0.42,1000000.0,1000000.0,0,0,0,0,0,0,28,2026-02-04 21:28:07.413305
RTM1C50,0.5,0.49,0.51,1000000.0,1000000.0,0,0,0,0,0,0,28,2026-02-04 21:28:07.413305
RTM1P50,0.83,0.82,0.84,1000000.0,1000000.0,0,0,0,0,0,0,28,2026-02-04 21:28:07.413305
RTM1C51,0.21,0.2,0.22,1000000.0,1000000.0,0,0,0,0,0,0,28,2026-02-04 21:28:07.413305
RTM1P51,1.54,1.53,1.55,1000000.0,1000000.0,0,0,0,0,0,0,28,2026-02-04 21:28:07.413305
RTM1C52,0.08,0.07,0.09,1000000.0,1000000.0,0,0,0,0,0,0,28,2026-02-04 21:28:07.413305
RTM1P52,2.41,2.4,2.42,1000000.0,1000000.0,0,0,0,0,0,0,28,2026-02-04 21:28:07.413305
RTM1C53,0.02,0.01,0.03,1000000.0,1000000.0,0,0,0,0,0,0,28,2026-02-04 21:28:07.413305
RTM1P53,3.35,3.34,3.36,1000000.0,1000000.0,0,0,0,0,0,0,28,2026-02-04 21:28:07.413305
RTM1C54,0.02,0.01,0.03,1000000.0,1000000.0,0,0,0,0,0,0,28,2026-02-04 21:28:07.413305
RTM1P54,4.34,4.33,4.35,1000000.0,1000000.0,0,0,0,0,0,0,28,2026-02-04 21:28:07.413305
RTM,49.45,49.44,49.46,100000000.0,100000000.0,0,0,0,0,0,0,29,2026-02-04 21:28:08.479027
RTM1C45,4.45,4.44,4.46,1000000.0,1000000.0,0,0,0,0,0,0,29,2026-02-04 21:28:08.479027
RTM1P45,0.02,0.01,0.03,1000000.0,1000000.0,0,0,0,0,0,0,29,2026-02-04 21:28:08.479027
RTM1C46,3.46,3.45,3.47,1000000.0,1000000.0,0,0,0,0,0,0,29,2026-02-04 21:28:08.479027
RTM1P46,0.02,0.01,0.03,1000000.0,1000000.0,0,0,0,0,0,0,29,2026-02-04 21:28:08.479027
RTM1C47,2.5,2.49,2.51,1000000.0,1000000.0,0,0,0,0,0,0,29,2026-02-04 21:28:08.479027
RTM1P47,0.05,0.04,0.06,1000000.0,1000000.0,0,0,0,0,0,0,29,2026-02-04 21:28:08.479027
RTM1C48,1.65,1.64,1.66,1000000.0,1000000.0,0,0,0,0,0,0,29,2026-02-04 21:28:08.479027
RTM1P48,0.2,0.19,0.21,1000000.0,1000000.0,0,0,0,0,0,0,29,2026-02-04 21:28:08.479027
RTM1C49,0.94,0.93,0.95,1000000.0,1000000.0,0,0,0,0,0,0,29,2026-02-04 21:28:08.479027
RTM1P49,0.49,0.48,0.5,1000000.0,1000000.0,0,0,0,0,0,0,29,2026-02-04 21:28:08.479027
RTM1C50,0.43,0.42,0.44,1000000.0,1000000.0,0,0,0,0,0,0,29,2026-02-04 21:28:08.479027
RTM1P50,0.98,0.97,0.99,1000000.0,1000000.0,0,0,0,0,0,0,29,2026-02-04 21:28:08.479027
RTM1C51,0.17,0.16,0.18,1000000.0,1000000.0,0,0,0,0,0,0,29,2026-02-04 21:28:08.479027
RTM1P51,1.72,1.71,1.73,1000000.0,1000000.0,0,0,0,0,0,0,29,2026-02-04 21:28:08.479027
RTM1C52,0.06,0.05,0.07,1000000.0,1000000.0,0,0,0,0,0,0,29,2026-02-04 21:28:08.479027
RTM1P52,2.61,2.6,2.62,1000000.0,1000000.0,0,0,0,0,0,0,29,2026-02-04 21:28:08.479027
RTM1C53,0.02,0.01,0.03,1000000.0,1000000.0,0,0,0,0,0,0,29,2026-02-04 21:28:08.479027
RTM1P53,3.57,3.56,3.58,1000000.0,1000000.0,0,0,0,0,0,0,29,2026-02-04 21:28:08.479027
RTM1C54,0.02,0.01,0.03,1000000.0,1000000.0,0,0,0,0,0,0,29,2026-02-04 21:28:08.479027
RTM1P54,4.55,4.54,4.56,1000000.0,1000000.0,0,0,0,0,0,0,29,2026-02-04 21:28:08.479027
RTM,49.43,49.42,49.44,100000000.0,100000000.0,0,0,0,0,0,0,30,2026-02-04 21:28:09.565850
RTM1C45,4.43,4.42,4.44,1000000.0,1000000.0,0,0,0,0,0,0,30,2026-02-04 21:28:09.565850
RTM1P45,0.02,0.01,0.03,1000000.0,1000000.0,0,0,0,0,0,0,30,2026-02-04 21:28:09.565850
RTM1C46,3.45,3.44,3.46,1000000.0,1000000.0,0,0,0,0,0,0,30,2026-02-04 21:28:09.565850
RTM1P46,0.02,0.01,0.03,1000000.0,1000000.0,0,0,0,0,0,0,30,2026-02-04 21:28:09.565850
RTM1C47,2.49,2.48,2.5,1000000.0,1000000.0,0,0,0,0,0,0,30,2026-02-04 21:28:09.565850
RTM1P47,0.05,0.04,0.06,1000000.0,1000000.0,0,0,0,0,0,0,30,2026-02-04 21:28:09.565850
RTM1C48,1.61,1.6,1.62,1000000.0,1000000.0,0,0,0,0,0,0,30,2026-02-04 21:28:09.565850
RTM1P48,0.18,0.17,0.19,1000000.0,1000000.0,0,0,0,0,0,0,30,2026-02-04 21:28:09.565850
RTM1C49,0.9,0.89,0.91,1000000.0,1000000.0,0,0,0,0,0,0,30,2026-02-04 21:28:09.565850
RTM1P49,0.47,0.46,0.48,1000000.0,1000000.0,0,0,0,0,0,0,30,2026-02-04 21:28:09.565850
RTM1C50,0.41,0.4,0.42,1000000.0,1000000.0,0,0,0,0,0,0,30,2026-02-04 21:28:09.565850
RTM1P50,0.98,0.97,0.99,1000000.0,1000000.0,0,0,0,0,0,0,30,2026-02-04 21:28:09.565850
RTM1C51,0.18,0.17,0.19,1000000.0,1000000.0,0,0,0,0,0,0,30,2026-02-04 21:28:09.565850
RTM1P51,1.74,1.73,1.75,1000000.0,1000000.0,0,0,0,0,0,0,30,2026-02-04 21:28:09.565850
RTM1C52,0.05,0.04,0.06,1000000.0,1000000.0,0,0,0,0,0,0,30,2026-02-04 21:28:09.565850
RTM1P52,2.62,2.61,2.63,1000000.0,1000000.0,0,0,0,0,0,0,30,2026-02-04 21:28:09.565850
RTM1C53,0.02,0.01,0.03,1000000.0,1000000.0,0,0,0,0,0,0,30,2026-02-04 21:28:09.565850
RTM1P53,3.58,3.57,3.59,1000000.0,1000000.0,0,0,0,0,0,0,30,2026-02-04 21:28:09.565850
RTM1C54,0.02,0.01,0.03,1000000.0,1000000.0,0,0,0,0,0,0,30,2026-02-04 21:28:09.565850
RTM1P54,4.57,4.56,4.58,1000000.0,1000000.0,0,0,0,0,0,0,30,2026-02-04 21:28:09.565850
RTM,49.4,49.39,49.41,100000000.0,100000000.0,0,0,0,0,0,0,31,2026-02-04 21:28:10.146694
RTM1C45,4.4,4.39,4.41,1000000.0,1000000.0,0,0,0,0,0,0,31,2026-02-04 21:28:10.146694
RTM1P45,0.02,0.01,0.03,1000000.0,1000000.0,0,0,0,0,0,0,31,2026-02-04 21:28:10.146694
RTM1C46,3.42,3.41,3.43,1000000.0,1000000.0,0,0,0,0,0,0,31,2026-02-04 21:28:10.146694
RTM1P46,0.02,0.01,0.03,1000000.0,1000000.0,0,0,0,0,0,0,31,2026-02-04 21:28:10.146694
RTM1C47,2.46,2.45,2.47,1000000.0,1000000.0,0,0,0,0,0,0,31,2026-02-04 21:28:10.146694
RTM1P47,0.06,0.05,0.07,1000000.0,1000000.0,0,0,0,0,0,0,31,2026-02-04 21:28:10.146694
RTM1C48,1.59,1.58,1.6,1000000.0,1000000.0,0,0,0,0,0,0,31,2026-02-04 21:28:10.146694
RTM1P48,0.19,0.18,0.2,1000000.0,1000000.0,0,0,0,0,0,0,31,2026-02-04 21:28:10.146694
RTM1C49,0.92,0.91,0.93,1000000.0,1000000.0,0,0,0,0,0,0,31,2026-02-04 21:28:10.146694
RTM1P49,0.52,0.51,0.53,1000000.0,1000000.0,0,0,0,0,0,0,31,2026-02-04 21:28:10.146694
RTM1C50,0.44,0.43,0.45,1000000.0,1000000.0,0,0,0,0,0,0,31,2026-02-04 21:28:10.146694
RTM1P50,1.04,1.03,1.05,1000000.0,1000000.0,0,0,0,0,0,0,31,2026-02-04 21:28:10.146694
RTM1C51,0.18,0.17,0.19,1000000.0,1000000.0,0,0,0,0,0,0,31,2026-02-04 21:28:10.146694
RTM1P51,1.78,1.77,1.79,1000000.0,1000000.0,0,0,0,0,0,0,31,2026-02-04 21:28:10.146694
RTM1C52,0.05,0.04,0.06,1000000.0,1000000.0,0,0,0,0,0,0,31,2026-02-04 21:28:10.146694
RTM1P52,2.65,2.64,2.66,1000000.0,1000000.0,0,0,0,0,0,0,31,2026-02-04 21:28:10.146694
RTM1C53,0.02,0.01,0.03,1000000.0,1000000.0,0,0,0,0,0,0,31,2026-02-04 21:28:10.146694
RTM1P53,3.62,3.61,3.63,1000000.0,1000000.0,0,0,0,0,0,0,31,2026-02-04 21:28:10.146694
RTM1C54,0.02,0.01,0.03,1000000.0,1000000.0,0,0,0,0,0,0,31,2026-02-04 21:28:10.146694
RTM1P54,4.6,4.59,4.61,1000000.0,1000000.0,0,0,0,0,0,0,31,2026-02-04 21:28:10.146694
RTM,49.45,49.44,49.46,100000000.0,100000000.0,0,0,0,0,0,0,32,2026-02-04 21:28:11.226451
RTM1C45,4.45,4.44,4.46,1000000.0,1000000.0,0,0,0,0,0,0,32,2026-02-04 21:28:11.226451
RTM1P45,0.02,0.01,0.03,1000000.0,1000000.0,0,0,0,0,0,0,32,2026-02-04 21:28:11.226451
RTM1C46,3.46,3.45,3.47,1000000.0,1000000.0,0,0,0,0,0,0,32,2026-02-04 21:28:11.226451
RTM1P46,0.02,0.01,0.03,1000000.0,1000000.0,0,0,0,0,0,0,32,2026-02-04 21:28:11.226451
RTM1C47,2.5,2.49,2.51,1000000.0,1000000.0,0,0,0,0,0,0,32,2026-02-04 21:28:11.226451
RTM1P47,0.06,0.05,0.07,1000000.0,1000000.0,0,0,0,0,0,0,32,2026-02-04 21:28:11.226451
RTM1C48,1.65,1.64,1.66,1000000.0,1000000.0,0,0,0,0,0,0,32,2026-02-04 21:28:11.226451
RTM1P48,0.2,0.19,0.21,1000000.0,1000000.0,0,0,0,0,0,0,32,2026-02-04 21:28:11.226451
RTM1C49,0.94,0.93,0.95,1000000.0,1000000.0,0,0,0,0,0,0,32,2026-02-04 21:28:11.226451
RTM1P49,0.49,0.48,0.5,1000000.0,1000000.0,0,0,0,0,0,0,32,2026-02-04 21:28:11.226451
RTM1C50,0.46,0.45,0.47,1000000.0,1000000.0,0,0,0,0,0,0,32,2026-02-04 21:28:11.226451
RTM1P50,1.01,1.0,1.02,1000000.0,1000000.0,0,0,0,0,0,0,32,2026-02-04 21:28:11.226451
RTM1C51,0.2,0.19,0.21,1000000.0,1000000.0,0,0,0,0,0,0,32,2026-02-04 21:28:11.226451
RTM1P51,1.75,1.74,1.76,1000000.0,1000000.0,0,0,0,0,0,0,32,2026-02-04 21:28:11.226451
RTM1C52,0.06,0.05,0.07,1000000.0,1000000.0,0,0,0,0,0,0,32,2026-02-04 21:28:11.226451
RTM1P52,2.62,2.61,2.63,1000000.0,1000000.0,0,0,0,0,0,0,32,2026-02-04 21:28:11.226451
RTM1C53,0.02,0.01,0.03,1000000.0,1000000.0,0,0,0,0,0,0,32,2026-02-04 21:28:11.226451
RTM1P53,3.57,3.56,3.58,1000000.0,1000000.0,0,0,0,0,0,0,32,2026-02-04 21:28:11.226451
RTM1C54,0.02,0.01,0.03,1000000.0,1000000.0,0,0,0,0,0,0,32,2026-02-04 21:28:11.226451
RTM1P54,4.56,4.55,4.57,1000000.0,1000000.0,0,0,0,0,0,0,32,2026-02-04 21:28:11.226451
RTM,49.46,49.45,49.47,100000000.0,100000000.0,0,0,0,0,0,0,33,2026-02-04 21:28:12.291976
RTM1C45,4.46,4.45,4.47,1000000.0,1000000.0,0,0,0,0,0,0,33,2026-02-04 21:28:12.291976
RTM1P45,0.02,0.01,0.03,1000000.0,1000000.0,0,0,0,0,0,0,33,2026-02-04 21:28:12.291976
RTM1C46,3.47,3.46,3.48,1000000.0,1000000.0,0,0,0,0,0,0,33,2026-02-04 21:28:12.291976
RTM1P46,0.02,0.01,0.03,1000000.0,1000000.0,0,0,0,0,0,0,33,2026-02-04 21:28:12.291976
RTM1C47,2.51,2.5,2.52,1000000.0,1000000.0,0,0,0,0,0,0,33,2026-02-04 21:28:12.291976
RTM1P47,0.06,0.05,0.07,1000000.0,1000000.0,0,0,0,0,0,0,33,2026-02-04 21:28:12.291976
RTM1C48,1.66,1.65,1.67,1000000.0,1000000.0,0,0,0,0,0,0,33,2026-02-04 21:28:12.291976
RTM1P48,0.2,0.19,0.21,1000000.0,1000000.0,0,0,0,0,0,0,33,2026-02-04 21:28:12.291976
RTM1C49,0.94,0.93,0.95,1000000.0,1000000.0,0,0,0,0,0,0,33,2026-02-04 21:28:12.291976
RTM1P49,0.48,0.47,0.49,1000000.0,1000000.0,0,0,0,0,0,0,33,2026-02-04 21:28:12.291976
RTM1C50,0.47,0.46,0.48,1000000.0,1000000.0,0,0,0,0,0,0,33,2026-02-04 21:28:12.291976
RTM1P50,1.01,1.0,1.02,1000000.0,1000000.0,0,0,0,0,0,0,33,2026-02-04 21:28:12.291976
RTM1C51,0.18,0.17,0.19,1000000.0,1000000.0,0,0,0,0,0,0,33,2026-02-04 21:28:12.291976
RTM1P51,1.72,1.71,1.73,1000000.0,1000000.0,0,0,0,0,0,0,33,2026-02-04 21:28:12.291976
RTM1C52,0.06,0.05,0.07,1000000.0,1000000.0,0,0,0,0,0,0,33,2026-02-04 21:28:12.291976
RTM1P52,2.6,2.59,2.61,1000000.0,1000000.0,0,0,0,0,0,0,33,2026-02-04 21:28:12.291976
RTM1C53,0.02,0.01,0.03,1000000.0,1000000.0,0,0,0,0,0,0,33,2026-02-04 21:28:12.291976
RTM1P53,3.56,3.55,3.57,1000000.0,1000000.0,0,0,0,0,0,0,33,2026-02-04 21:28:12.291976
RTM1C54,0.02,0.01,0.03,1000000.0,1000000.0,0,0,0,0,0,0,33,2026-02-04 21:28:12.291976
RTM1P54,4.54,4.53,4.55,1000000.0,1000000.0,0,0,0,0,0,0,33,2026-02-04 21:28:12.291976
RTM,49.38,49.37,49.39,100000000.0,100000000.0,0,0,0,0,0,0,34,2026-02-04 21:28:13.362638
RTM1C45,4.38,4.37,4.39,1000000.0,1000000.0,0,0,0,0,0,0,34,2026-02-04 21:28:13.362638
RTM1P45,0.02,0.01,0.03,1000000.0,1000000.0,0,0,0,0,0,0,34,2026-02-04 21:28:13.362638
RTM1C46,3.39,3.38,3.4,1000000.0,1000000.0,0,0,0,0,0,0,34,2026-02-04 21:28:13.362638
RTM1P46,0.02,0.01,0.03,1000000.0,1000000.0,0,0,0,0,0,0,34,2026-02-04 21:28:13.362638
RTM1C47,2.44,2.43,2.45,1000000.0,1000000.0,0,0,0,0,0,0,34,2026-02-04 21:28:13.362638
RTM1P47,0.07,0.06,0.08,1000000.0,1000000.0,0,0,0,0,0,0,34,2026-02-04 21:28:13.362638
RTM1C48,1.59,1.58,1.6,1000000.0,1000000.0,0,0,0,0,0,0,34,2026-02-04 21:28:13.362638
RTM1P48,0.22,0.21,0.23,1000000.0,1000000.0,0,0,0,0,0,0,34,2026-02-04 21:28:13.362638
RTM1C49,0.91,0.9,0.92,1000000.0,1000000.0,0,0,0,0,0,0,34,2026-02-04 21:28:13.362638
RTM1P49,0.53,0.52,0.54,1000000.0,1000000.0,0,0,0,0,0,0,34,2026-02-04 21:28:13.362638
RTM1C50,0.45,0.44,0.46,1000000.0,1000000.0,0,0,0,0,0,0,34,2026-02-04 21:28:13.362638
RTM1P50,1.08,1.07,1.09,1000000.0,1000000.0,0,0,0,0,0,0,34,2026-02-04 21:28:13.362638
RTM1C51,0.16,0.15,0.17,1000000.0,1000000.0,0,0,0,0,0,0,34,2026-02-04 21:28:13.362638
RTM1P51,1.78,1.77,1.79,1000000.0,1000000.0,0,0,0,0,0,0,34,2026-02-04 21:28:13.362638
RTM1C52,0.06,0.05,0.07,1000000.0,1000000.0,0,0,0,0,0,0,34,2026-02-04 21:28:13.362638
RTM1P52,2.69,2.68,2.7,1000000.0,1000000.0,0,0,0,0,0,0,34,2026-02-04 21:28:13.362638
RTM1C53,0.02,0.01,0.03,1000000.0,1000000.0,0,0,0,0,0,0,34,2026-02-04 21:28:13.362638
RTM1P53,3.64,3.63,3.65,1000000.0,1000000.0,0,0,0,0,0,0,34,2026-02-04 21:28:13.362638
RTM1C54,0.02,0.01,0.03,1000000.0,1000000.0,0,0,0,0,0,0,34,2026-02-04 21:28:13.362638
RTM1P54,4.63,4.62,4.64,1000000.0,1000000.0,0,0,0,0,0,0,34,2026-02-04 21:28:13.362638
RTM,49.3,49.29,49.31,100000000.0,100000000.0,0,0,0,0,0,0,35,2026-02-04 21:28:14.429899
RTM1C45,4.31,4.3,4.32,1000000.0,1000000.0,0,0,0,0,0,0,35,2026-02-04 21:28:14.429899
RTM1P45,0.02,0.01,0.03,1000000.0,1000000.0,0,0,0,0,0,0,35,2026-02-04 21:28:14.429899
RTM1C46,3.32,3.31,3.33,1000000.0,1000000.0,0,0,0,0,0,0,35,2026-02-04 21:28:14.429899
RTM1P46,0.02,0.01,0.03,1000000.0,1000000.0,0,0,0,0,0,0,35,2026-02-04 21:28:14.429899
RTM1C47,2.37,2.36,2.38,1000000.0,1000000.0,0,0,0,0,0,0,35,2026-02-04 21:28:14.429899
RTM1P47,0.07,0.06,0.08,1000000.0,1000000.0,0,0,0,0,0,0,35,2026-02-04 21:28:14.429899
RTM1C48,1.54,1.53,1.55,1000000.0,1000000.0,0,0,0,0,0,0,35,2026-02-04 21:28:14.429899
RTM1P48,0.24,0.23,0.25,1000000.0,1000000.0,0,0,0,0,0,0,35,2026-02-04 21:28:14.429899
RTM1C49,0.86,0.85,0.87,1000000.0,1000000.0,0,0,0,0,0,0,35,2026-02-04 21:28:14.429899
RTM1P49,0.56,0.55,0.57,1000000.0,1000000.0,0,0,0,0,0,0,35,2026-02-04 21:28:14.429899
RTM1C50,0.43,0.42,0.44,1000000.0,1000000.0,0,0,0,0,0,0,35,2026-02-04 21:28:14.429899
RTM1P50,1.13,1.12,1.14,1000000.0,1000000.0,0,0,0,0,0,0,35,2026-02-04 21:28:14.429899
RTM1C51,0.16,0.15,0.17,1000000.0,1000000.0,0,0,0,0,0,0,35,2026-02-04 21:28:14.429899
RTM1P51,1.86,1.85,1.87,1000000.0,1000000.0,0,0,0,0,0,0,35,2026-02-04 21:28:14.429899
RTM1C52,0.05,0.04,0.06,1000000.0,1000000.0,0,0,0,0,0,0,35,2026-02-04 21:28:14.429899
RTM1P52,2.75,2.74,2.76,1000000.0,1000000.0,0,0,0,0,0,0,35,2026-02-04 21:28:14.429899
RTM1C53,0.02,0.01,0.03,1000000.0,1000000.0,0,0,0,0,0,0,35,2026-02-04 21:28:14.429899
RTM1P53,3.71,3.7,3.72,1000000.0,1000000.0,0,0,0,0,0,0,35,2026-02-04 21:28:14.429899
RTM1C54,0.02,0.01,0.03,1000000.0,1000000.0,0,0,0,0,0,0,35,2026-02-04 21:28:14.429899
RTM1P54,4.7,4.69,4.71,1000000.0,1000000.0,0,0,0,0,0,0,35,2026-02-04 21:28:14.429899
RTM,49.25,49.24,49.26,100000000.0,100000000.0,0,0,0,0,0,0,36,2026-02-04 21:28:15.502442,3.0,1.0,35.0,,News 1,The analysts have informed you that the realized volatility of RTM next week will be between 35% and 40%
RTM1C45,4.25,4.24,4.26,1000000.0,1000000.0,0,0,0,0,0,0,36,2026-02-04 21:28:15.502442,,,,,,
RTM1P45,0.02,0.01,0.03,1000000.0,1000000.0,0,0,0,0,0,0,36,2026-02-04 21:28:15.502442,,,,,,
RTM1C46,3.27,3.26,3.28,1000000.0,1000000.0,0,0,0,0,0,0,36,2026-02-04 21:28:15.502442,,,,,,
RTM1P46,0.02,0.01,0.03,1000000.0,1000000.0,0,0,0,0,0,0,36,2026-02-04 21:28:15.502442,,,,,,
RTM1C47,2.33,2.32,2.34,1000000.0,1000000.0,0,0,0,0,0,0,36,2026-02-04 21:28:15.502442,,,,,,
RTM1P47,0.08,0.07,0.09,1000000.0,1000000.0,0,0,0,0,0,0,36,2026-02-04 21:28:15.502442,,,,,,
RTM1C48,1.5,1.49,1.51,1000000.0,1000000.0,0,0,0,0,0,0,36,2026-02-04 21:28:15.502442,,,,,,
RTM1P48,0.25,0.24,0.26,1000000.0,1000000.0,0,0,0,0,0,0,36,2026-02-04 21:28:15.502442,,,,,,
RTM1C49,0.83,0.82,0.84,1000000.0,1000000.0,0,0,0,0,0,0,36,2026-02-04 21:28:15.502442,,,,,,
RTM1P49,0.58,0.57,0.59,1000000.0,1000000.0,0,0,0,0,0,0,36,2026-02-04 21:28:15.502442,,,,,,
RTM1C50,0.4,0.39,0.41,1000000.0,1000000.0,0,0,0,0,0,0,36,2026-02-04 21:28:15.502442,,,,,,
RTM1P50,1.15,1.14,1.16,1000000.0,1000000.0,0,0,0,0,0,0,36,2026-02-04 21:28:15.502442,,,,,,
RTM1C51,0.16,0.15,0.17,1000000.0,1000000.0,0,0,0,0,0,0,36,2026-02-04 21:28:15.502442,,,,,,
RTM1P51,1.91,1.9,1.92,1000000.0,1000000.0,0,0,0,0,0,0,36,2026-02-04 21:28:15.502442,,,,,,
RTM1C52,0.06,0.05,0.07,1000000.0,1000000.0,0,0,0,0,0,0,36,2026-02-04 21:28:15.502442,,,,,,
RTM1P52,2.81,2.8,2.82,1000000.0,1000000.0,0,0,0,0,0,0,36,2026-02-04 21:28:15.502442,,,,,,
RTM1C53,0.02,0.01,0.03,1000000.0,1000000.0,0,0,0,0,0,0,36,2026-02-04 21:28:15.502442,,,,,,
RTM1P53,3.77,3.76,3.78,1000000.0,1000000.0,0,0,0,0,0,0,36,2026-02-04 21:28:15.502442,,,,,,
RTM1C54,0.02,0.01,0.03,1000000.0,1000000.0,0,0,0,0,0,0,36,2026-02-04 21:28:15.502442,,,,,,
RTM1P54,4.75,4.74,4.76,1000000.0,1000000.0,0,0,0,0,0,0,36,2026-02-04 21:28:15.502442,,,,,,
RTM,49.15,49.14,49.16,100000000.0,100000000.0,0,0,0,0,0,0,37,2026-02-04 21:28:16.615934
RTM1C45,4.15,4.14,4.16,1000000.0,1000000.0,0,0,0,0,0,0,37,2026-02-04 21:28:16.615934
RTM1P45,0.02,0.01,0.03,1000000.0,1000000.0,0,0,0,0,0,0,37,2026-02-04 21:28:16.615934
RTM1C46,3.17,3.16,3.18,1000000.0,1000000.0,0,0,0,0,0,0,37,2026-02-04 21:28:16.615934
RTM1P46,0.03,0.02,0.04,1000000.0,1000000.0,0,0,0,0,0,0,37,2026-02-04 21:28:16.615934
RTM1C47,2.24,2.23,2.25,1000000.0,1000000.0,0,0,0,0,0,0,37,2026-02-04 21:28:16.615934
RTM1P47,0.09,0.08,0.1,1000000.0,1000000.0,0,0,0,0,0,0,37,2026-02-04 21:28:16.615934
RTM1C48,1.42,1.41,1.43,1000000.0,1000000.0,0,0,0,0,0,0,37,2026-02-04 21:28:16.615934
RTM1P48,0.28,0.27,0.29,1000000.0,1000000.0,0,0,0,0,0,0,37,2026-02-04 21:28:16.615934
RTM1C49,0.79,0.78,0.8,1000000.0,1000000.0,0,0,0,0,0,0,37,2026-02-04 21:28:16.615934
RTM1P49,0.64,0.63,0.65,1000000.0,1000000.0,0,0,0,0,0,0,37,2026-02-04 21:28:16.615934
RTM1C50,0.38,0.37,0.39,1000000.0,1000000.0,0,0,0,0,0,0,37,2026-02-04 21:28:16.615934
RTM1P50,1.23,1.22,1.24,1000000.0,1000000.0,0,0,0,0,0,0,37,2026-02-04 21:28:16.615934
RTM1C51,0.14,0.13,0.15,1000000.0,1000000.0,0,0,0,0,0,0,37,2026-02-04 21:28:16.615934
RTM1P51,1.99,1.98,2.0,1000000.0,1000000.0,0,0,0,0,0,0,37,2026-02-04 21:28:16.615934
RTM1C52,0.05,0.04,0.06,1000000.0,1000000.0,0,0,0,0,0,0,37,2026-02-04 21:28:16.615934
RTM1P52,2.9,2.89,2.91,1000000.0,1000000.0,0,0,0,0,0,0,37,2026-02-04 21:28:16.615934
RTM1C53,0.02,0.01,0.03,1000000.0,1000000.0,0,0,0,0,0,0,37,2026-02-04 21:28:16.615934
RTM1P53,3.87,3.86,3.88,1000000.0,1000000.0,0,0,0,0,0,0,37,2026-02-04 21:28:16.615934
RTM1C54,0.02,0.01,0.03,1000000.0,1000000.0,0,0,0,0,0,0,37,2026-02-04 21:28:16.615934
RTM1P54,4.85,4.84,4.86,1000000.0,1000000.0,0,0,0,0,0,0,37,2026-02-04 21:28:16.615934
RTM,49.09,49.08,49.1,100000000.0,100000000.0,0,0,0,0,0,0,38,2026-02-04 21:28:17.284128
RTM1C45,4.09,4.08,4.1,1000000.0,1000000.0,0,0,0,0,0,0,38,2026-02-04 21:28:17.284128
RTM1P45,0.02,0.01,0.03,1000000.0,1000000.0,0,0,0,0,0,0,38,2026-02-04 21:28:17.284128
RTM1C46,3.12,3.11,3.13,1000000.0,1000000.0,0,0,0,0,0,0,38,2026-02-04 21:28:17.284128
RTM1P46,0.03,0.02,0.04,1000000.0,1000000.0,0,0,0,0,0,0,38,2026-02-04 21:28:17.284128
RTM1C47,2.19,2.18,2.2,1000000.0,1000000.0,0,0,0,0,0,0,38,2026-02-04 21:28:17.284128
RTM1P47,0.1,0.09,0.11,1000000.0,1000000.0,0,0,0,0,0,0,38,2026-02-04 21:28:17.284128
RTM1C48,1.38,1.37,1.39,1000000.0,1000000.0,0,0,0,0,0,0,38,2026-02-04 21:28:17.284128
RTM1P48,0.29,0.28,0.3,1000000.0,1000000.0,0,0,0,0,0,0,38,2026-02-04 21:28:17.284128
RTM1C49,0.76,0.75,0.77,1000000.0,1000000.0,0,0,0,0,0,0,38,2026-02-04 21:28:17.284128
RTM1P49,0.67,0.66,0.68,1000000.0,1000000.0,0,0,0,0,0,0,38,2026-02-04 21:28:17.284128
RTM1C50,0.35,0.34,0.36,1000000.0,1000000.0,0,0,0,0,0,0,38,2026-02-04 21:28:17.284128
RTM1P50,1.26,1.25,1.27,1000000.0,1000000.0,0,0,0,0,0,0,38,2026-02-04 21:28:17.284128
RTM1C51,0.14,0.13,0.15,1000000.0,1000000.0,0,0,0,0,0,0,38,2026-02-04 21:28:17.284128
RTM1P51,2.05,2.04,2.06,1000000.0,1000000.0,0,0,0,0,0,0,38,2026-02-04 21:28:17.284128
RTM1C52,0.05,0.04,0.06,1000000.0,1000000.0,0,0,0,0,0,0,38,2026-02-04 21:28:17.284128
RTM1P52,2.96,2.95,2.97,1000000.0,1000000.0,0,0,0,0,0,0,38,2026-02-04 21:28:17.284128
RTM1C53,0.02,0.01,0.03,1000000.0,1000000.0,0,0,0,0,0,0,38,2026-02-04 21:28:17.284128
RTM1P53,3.92,3.91,3.93,1000000.0,1000000.0,0,0,0,0,0,0,38,2026-02-04 21:28:17.284128
RTM1C54,0.02,0.01,0.03,1000000.0,1000000.0,0,0,0,0,0,0,38,2026-02-04 21:28:17.284128
RTM1P54,4.91,4.9,4.92,1000000.0,1000000.0,0,0,0,0,0,0,38,2026-02-04 21:28:17.284128
RTM,49.23,49.22,49.24,100000000.0,100000000.0,0,0,0,0,0,0,39,2026-02-04 21:28:18.352050
RTM1C45,4.23,4.22,4.24,1000000.0,1000000.0,0,0,0,0,0,0,39,2026-02-04 21:28:18.352050
RTM1P45,0.02,0.01,0.03,1000000.0,1000000.0,0,0,0,0,0,0,39,2026-02-04 21:28:18.352050
RTM1C46,3.25,3.24,3.26,1000000.0,1000000.0,0,0,0,0,0,0,39,2026-02-04 21:28:18.352050
RTM1P46,0.02,0.01,0.03,1000000.0,1000000.0,0,0,0,0,0,0,39,2026-02-04 21:28:18.352050
RTM1C47,2.31,2.3,2.32,1000000.0,1000000.0,0,0,0,0,0,0,39,2026-02-04 21:28:18.352050
RTM1P47,0.09,0.08,0.1,1000000.0,1000000.0,0,0,0,0,0,0,39,2026-02-04 21:28:18.352050
RTM1C48,1.49,1.48,1.5,1000000.0,1000000.0,0,0,0,0,0,0,39,2026-02-04 21:28:18.352050
RTM1P48,0.26,0.25,0.27,1000000.0,1000000.0,0,0,0,0,0,0,39,2026-02-04 21:28:18.352050
RTM1C49,0.84,0.83,0.85,1000000.0,1000000.0,0,0,0,0,0,0,39,2026-02-04 21:28:18.352050
RTM1P49,0.62,0.61,0.63,1000000.0,1000000.0,0,0,0,0,0,0,39,2026-02-04 21:28:18.352050
RTM1C50,0.41,0.4,0.42,1000000.0,1000000.0,0,0,0,0,0,0,39,2026-02-04 21:28:18.352050
RTM1P50,1.19,1.18,1.2,1000000.0,1000000.0,0,0,0,0,0,0,39,2026-02-04 21:28:18.352050
RTM1C51,0.17,0.16,0.18,1000000.0,1000000.0,0,0,0,0,0,0,39,2026-02-04 21:28:18.352050
RTM1P51,1.94,1.93,1.95,1000000.0,1000000.0,0,0,0,0,0,0,39,2026-02-04 21:28:18.352050
RTM1C52,0.06,0.05,0.07,1000000.0,1000000.0,0,0,0,0,0,0,39,2026-02-04 21:28:18.352050
RTM1P52,2.83,2.82,2.84,1000000.0,1000000.0,0,0,0,0,0,0,39,2026-02-04 21:28:18.352050
RTM1C53,0.02,0.01,0.03,1000000.0,1000000.0,0,0,0,0,0,0,39,2026-02-04 21:28:18.352050
RTM1P53,3.79,3.78,3.8,1000000.0,1000000.0,0,0,0,0,0,0,39,2026-02-04 21:28:18.352050
RTM1C54,0.02,0.01,0.03,1000000.0,1000000.0,0,0,0,0,0,0,39,2026-02-04 21:28:18.352050
RTM1P54,4.78,4.77,4.79,1000000.0,1000000.0,0,0,0,0,0,0,39,2026-02-04 21:28:18.352050
RTM,49.37,49.36,49.38,100000000.0,100000000.0,0,0,0,0,0,0,40,2026-02-04 21:28:19.437626
RTM1C45,4.37,4.36,4.38,1000000.0,1000000.0,0,0,0,0,0,0,40,2026-02-04 21:28:19.437626
RTM1P45,0.02,0.01,0.03,1000000.0,1000000.0,0,0,0,0,0,0,40,2026-02-04 21:28:19.437626
RTM1C46,3.39,3.38,3.4,1000000.0,1000000.0,0,0,0,0,0,0,40,2026-02-04 21:28:19.437626
RTM1P46,0.02,0.01,0.03,1000000.0,1000000.0,0,0,0,0,0,0,40,2026-02-04 21:28:19.437626
RTM1C47,2.45,2.44,2.46,1000000.0,1000000.0,0,0,0,0,0,0,40,2026-02-04 21:28:19.437626
RTM1P47,0.08,0.07,0.09,1000000.0,1000000.0,0,0,0,0,0,0,40,2026-02-04 21:28:19.437626
RTM1C48,1.6,1.59,1.61,1000000.0,1000000.0,0,0,0,0,0,0,40,2026-02-04 21:28:19.437626
RTM1P48,0.23,0.22,0.24,1000000.0,1000000.0,0,0,0,0,0,0,40,2026-02-04 21:28:19.437626
RTM1C49,0.93,0.92,0.94,1000000.0,1000000.0,0,0,0,0,0,0,40,2026-02-04 21:28:19.437626
RTM1P49,0.56,0.55,0.57,1000000.0,1000000.0,0,0,0,0,0,0,40,2026-02-04 21:28:19.437626
RTM1C50,0.46,0.45,0.47,1000000.0,1000000.0,0,0,0,0,0,0,40,2026-02-04 21:28:19.437626
RTM1P50,1.09,1.08,1.1,1000000.0,1000000.0,0,0,0,0,0,0,40,2026-02-04 21:28:19.437626
RTM1C51,0.19,0.18,0.2,1000000.0,1000000.0,0,0,0,0,0,0,40,2026-02-04 21:28:19.437626
RTM1P51,1.82,1.81,1.83,1000000.0,1000000.0,0,0,0,0,0,0,40,2026-02-04 21:28:19.437626
RTM1C52,0.07,0.06,0.08,1000000.0,1000000.0,0,0,0,0,0,0,40,2026-02-04 21:28:19.437626
RTM1P52,2.7,2.69,2.71,1000000.0,1000000.0,0,0,0,0,0,0,40,2026-02-04 21:28:19.437626
RTM1C53,0.02,0.01,0.03,1000000.0,1000000.0,0,0,0,0,0,0,40,2026-02-04 21:28:19.437626
RTM1P53,3.65,3.64,3.66,1000000.0,1000000.0,0,0,0,0,0,0,40,2026-02-04 21:28:19.437626
RTM1C54,0.02,0.01,0.03,1000000.0,1000000.0,0,0,0,0,0,0,40,2026-02-04 21:28:19.437626
RTM1P54,4.64,4.63,4.65,1000000.0,1000000.0,0,0,0,0,0,0,40,2026-02-04 21:28:19.437626
RTM,49.13,49.12,49.14,100000000.0,100000000.0,0,0,0,0,0,0,41,2026-02-04 21:28:20.520277
RTM1C45,4.13,4.12,4.14,1000000.0,1000000.0,0,0,0,0,0,0,41,2026-02-04 21:28:20.520277
RTM1P45,0.02,0.01,0.03,1000000.0,1000000.0,0,0,0,0,0,0,41,2026-02-04 21:28:20.520277
RTM1C46,3.16,3.15,3.17,1000000.0,1000000.0,0,0,0,0,0,0,41,2026-02-04 21:28:20.520277
RTM1P46,0.03,0.02,0.04,1000000.0,1000000.0,0,0,0,0,0,0,41,2026-02-04 21:28:20.520277
RTM1C47,2.22,2.21,2.23,1000000.0,1000000.0,0,0,0,0,0,0,41,2026-02-04 21:28:20.520277
RTM1P47,0.09,0.08,0.1,1000000.0,1000000.0,0,0,0,0,0,0,41,2026-02-04 21:28:20.520277
RTM1C48,1.43,1.42,1.44,1000000.0,1000000.0,0,0,0,0,0,0,41,2026-02-04 21:28:20.520277
RTM1P48,0.3,0.29,0.31,1000000.0,1000000.0,0,0,0,0,0,0,41,2026-02-04 21:28:20.520277
RTM1C49,0.81,0.8,0.82,1000000.0,1000000.0,0,0,0,0,0,0,41,2026-02-04 21:28:20.520277
RTM1P49,0.68,0.67,0.69,1000000.0,1000000.0,0,0,0,0,0,0,41,2026-02-04 21:28:20.520277
RTM1C50,0.39,0.38,0.4,1000000.0,1000000.0,0,0,0,0,0,0,41,2026-02-04 21:28:20.520277
RTM1P50,1.26,1.25,1.27,1000000.0,1000000.0,0,0,0,0,0,0,41,2026-02-04 21:28:20.520277
RTM1C51,0.16,0.15,0.17,1000000.0,1000000.0,0,0,0,0,0,0,41,2026-02-04 21:28:20.520277
RTM1P51,2.03,2.02,2.04,1000000.0,1000000.0,0,0,0,0,0,0,41,2026-02-04 21:28:20.520277
RTM1C52,0.05,0.04,0.06,1000000.0,1000000.0,0,0,0,0,0,0,41,2026-02-04 21:28:20.520277
RTM1P52,2.93,2.92,2.94,1000000.0,1000000.0,0,0,0,0,0,0,41,2026-02-04 21:28:20.520277
RTM1C53,0.02,0.01,0.03,1000000.0,1000000.0,0,0,0,0,0,0,41,2026-02-04 21:28:20.520277
RTM1P53,3.89,3.88,3.9,1000000.0,1000000.0,0,0,0,0,0,0,41,2026-02-04 21:28:20.520277
RTM1C54,0.02,0.01,0.03,1000000.0,1000000.0,0,0,0,0,0,0,41,2026-02-04 21:28:20.520277
RTM1P54,4.88,4.87,4.89,1000000.0,1000000.0,0,0,0,0,0,0,41,2026-02-04 21:28:20.520277
RTM,49.21,49.2,49.22,100000000.0,100000000.0,0,0,0,0,0,0,42,2026-02-04 21:28:21.582967
RTM1C45,4.21,4.2,4.22,1000000.0,1000000.0,0,0,0,0,0,0,42,2026-02-04 21:28:21.582967
RTM1P45,0.02,0.01,0.03,1000000.0,1000000.0,0,0,0,0,0,0,42,2026-02-04 21:28:21.582967
RTM1C46,3.23,3.22,3.24,1000000.0,1000000.0,0,0,0,0,0,0,42,2026-02-04 21:28:21.582967
RTM1P46,0.02,0.01,0.03,1000000.0,1000000.0,0,0,0,0,0,0,42,2026-02-04 21:28:21.582967
RTM1C47,2.3,2.29,2.31,1000000.0,1000000.0,0,0,0,0,0,0,42,2026-02-04 21:28:21.582967
RTM1P47,0.09,0.08,0.1,1000000.0,1000000.0,0,0,0,0,0,0,42,2026-02-04 21:28:21.582967
RTM1C48,1.49,1.48,1.5,1000000.0,1000000.0,0,0,0,0,0,0,42,2026-02-04 21:28:21.582967
RTM1P48,0.28,0.27,0.29,1000000.0,1000000.0,0,0,0,0,0,0,42,2026-02-04 21:28:21.582967
RTM1C49,0.81,0.8,0.82,1000000.0,1000000.0,0,0,0,0,0,0,42,2026-02-04 21:28:21.582967
RTM1P49,0.6,0.59,0.61,1000000.0,1000000.0,0,0,0,0,0,0,42,2026-02-04 21:28:21.582967
RTM1C50,0.4,0.39,0.41,1000000.0,1000000.0,0,0,0,0,0,0,42,2026-02-04 21:28:21.582967
RTM1P50,1.19,1.18,1.2,1000000.0,1000000.0,0,0,0,0,0,0,42,2026-02-04 21:28:21.582967
RTM1C51,0.16,0.15,0.17,1000000.0,1000000.0,0,0,0,0,0,0,42,2026-02-04 21:28:21.582967
RTM1P51,1.95,1.94,1.96,1000000.0,1000000.0,0,0,0,0,0,0,42,2026-02-04 21:28:21.582967
RTM1C52,0.07,0.06,0.08,1000000.0,1000000.0,0,0,0,0,0,0,42,2026-02-04 21:28:21.582967
RTM1P52,2.86,2.85,2.87,1000000.0,1000000.0,0,0,0,0,0,0,42,2026-02-04 21:28:21.582967
RTM1C53,0.02,0.01,0.03,1000000.0,1000000.0,0,0,0,0,0,0,42,2026-02-04 21:28:21.582967
RTM1P53,3.81,3.8,3.82,1000000.0,1000000.0,0,0,0,0,0,0,42,2026-02-04 21:28:21.582967
RTM1C54,0.02,0.01,0.03,1000000.0,1000000.0,0,0,0,0,0,0,42,2026-02-04 21:28:21.582967
RTM1P54,4.79,4.78,4.8,1000000.0,1000000.0,0,0,0,0,0,0,42,2026-02-04 21:28:21.582967
RTM,49.2,49.19,49.21,100000000.0,100000000.0,0,0,0,0,0,0,43,2026-02-04 21:28:22.685272
RTM1C45,4.21,4.2,4.22,1000000.0,1000000.0,0,0,0,0,0,0,43,2026-02-04 21:28:22.685272
RTM1P45,0.02,0.01,0.03,1000000.0,1000000.0,0,0,0,0,0,0,43,2026-02-04 21:28:22.685272
RTM1C46,3.23,3.22,3.24,1000000.0,1000000.0,0,0,0,0,0,0,43,2026-02-04 21:28:22.685272
RTM1P46,0.02,0.01,0.03,1000000.0,1000000.0,0,0,0,0,0,0,43,2026-02-04 21:28:22.685272
RTM1C47,2.31,2.3,2.32,1000000.0,1000000.0,0,0,0,0,0,0,43,2026-02-04 21:28:22.685272
RTM1P47,0.11,0.1,0.12,1000000.0,1000000.0,0,0,0,0,0,0,43,2026-02-04 21:28:22.685272
RTM1C48,1.46,1.45,1.47,1000000.0,1000000.0,0,0,0,0,0,0,43,2026-02-04 21:28:22.685272
RTM1P48,0.26,0.25,0.27,1000000.0,1000000.0,0,0,0,0,0,0,43,2026-02-04 21:28:22.685272
RTM1C49,0.82,0.81,0.83,1000000.0,1000000.0,0,0,0,0,0,0,43,2026-02-04 21:28:22.685272
RTM1P49,0.62,0.61,0.63,1000000.0,1000000.0,0,0,0,0,0,0,43,2026-02-04 21:28:22.685272
RTM1C50,0.4,0.39,0.41,1000000.0,1000000.0,0,0,0,0,0,0,43,2026-02-04 21:28:22.685272
RTM1P50,1.19,1.18,1.2,1000000.0,1000000.0,0,0,0,0,0,0,43,2026-02-04 21:28:22.685272
RTM1C51,0.17,0.16,0.18,1000000.0,1000000.0,0,0,0,0,0,0,43,2026-02-04 21:28:22.685272
RTM1P51,1.96,1.95,1.97,1000000.0,1000000.0,0,0,0,0,0,0,43,2026-02-04 21:28:22.685272
RTM1C52,0.06,0.05,0.07,1000000.0,1000000.0,0,0,0,0,0,0,43,2026-02-04 21:28:22.685272
RTM1P52,2.85,2.84,2.86,1000000.0,1000000.0,0,0,0,0,0,0,43,2026-02-04 21:28:22.685272
RTM1C53,0.02,0.01,0.03,1000000.0,1000000.0,0,0,0,0,0,0,43,2026-02-04 21:28:22.685272
RTM1P53,3.81,3.8,3.82,1000000.0,1000000.0,0,0,0,0,0,0,43,2026-02-04 21:28:22.685272
RTM1C54,0.02,0.01,0.03,1000000.0,1000000.0,0,0,0,0,0,0,43,2026-02-04 21:28:22.685272
RTM1P54,4.8,4.79,4.81,1000000.0,1000000.0,0,0,0,0,0,0,43,2026-02-04 21:28:22.685272
RTM,49.16,49.15,49.17,100000000.0,100000000.0,0,0,0,0,0,0,44,2026-02-04 21:28:23.343578
RTM1C45,4.16,4.15,4.17,1000000.0,1000000.0,0,0,0,0,0,0,44,2026-02-04 21:28:23.343578
RTM1P45,0.02,0.01,0.03,1000000.0,1000000.0,0,0,0,0,0,0,44,2026-02-04 21:28:23.343578
RTM1C46,3.18,3.17,3.19,1000000.0,1000000.0,0,0,0,0,0,0,44,2026-02-04 21:28:23.343578
RTM1P46,0.02,0.01,0.03,1000000.0,1000000.0,0,0,0,0,0,0,44,2026-02-04 21:28:23.343578
RTM1C47,2.26,2.25,2.27,1000000.0,1000000.0,0,0,0,0,0,0,44,2026-02-04 21:28:23.343578
RTM1P47,0.1,0.09,0.11,1000000.0,1000000.0,0,0,0,0,0,0,44,2026-02-04 21:28:23.343578
RTM1C48,1.45,1.44,1.46,1000000.0,1000000.0,0,0,0,0,0,0,44,2026-02-04 21:28:23.343578
RTM1P48,0.29,0.28,0.3,1000000.0,1000000.0,0,0,0,0,0,0,44,2026-02-04 21:28:23.343578
RTM1C49,0.81,0.8,0.82,1000000.0,1000000.0,0,0,0,0,0,0,44,2026-02-04 21:28:23.343578
RTM1P49,0.65,0.64,0.66,1000000.0,1000000.0,0,0,0,0,0,0,44,2026-02-04 21:28:23.343578
RTM1C50,0.39,0.38,0.4,1000000.0,1000000.0,0,0,0,0,0,0,44,2026-02-04 21:28:23.343578
RTM1P50,1.23,1.22,1.24,1000000.0,1000000.0,0,0,0,0,0,0,44,2026-02-04 21:28:23.343578
RTM1C51,0.15,0.14,0.16,1000000.0,1000000.0,0,0,0,0,0,0,44,2026-02-04 21:28:23.343578
RTM1P51,1.99,1.98,2.0,1000000.0,1000000.0,0,0,0,0,0,0,44,2026-02-04 21:28:23.343578
RTM1C52,0.05,0.04,0.06,1000000.0,1000000.0,0,0,0,0,0,0,44,2026-02-04 21:28:23.343578
RTM1P52,2.89,2.88,2.9,1000000.0,1000000.0,0,0,0,0,0,0,44,2026-02-04 21:28:23.343578
RTM1C53,0.02,0.01,0.03,1000000.0,1000000.0,0,0,0,0,0,0,44,2026-02-04 21:28:23.343578
RTM1P53,3.85,3.84,3.86,1000000.0,1000000.0,0,0,0,0,0,0,44,2026-02-04 21:28:23.343578
RTM1C54,0.02,0.01,0.03,1000000.0,1000000.0,0,0,0,0,0,0,44,2026-02-04 21:28:23.343578
RTM1P54,4.84,4.83,4.85,1000000.0,1000000.0,0,0,0,0,0,0,44,2026-02-04 21:28:23.343578
RTM,49.02,49.01,49.03,100000000.0,100000000.0,0,0,0,0,0,0,45,2026-02-04 21:28:24.421189
RTM1C45,4.03,4.02,4.04,1000000.0,1000000.0,0,0,0,0,0,0,45,2026-02-04 21:28:24.421189
RTM1P45,0.02,0.01,0.03,1000000.0,1000000.0,0,0,0,0,0,0,45,2026-02-04 21:28:24.421189
RTM1C46,3.06,3.05,3.07,1000000.0,1000000.0,0,0,0,0,0,0,45,2026-02-04 21:28:24.421189
RTM1P46,0.04,0.03,0.05,1000000.0,1000000.0,0,0,0,0,0,0,45,2026-02-04 21:28:24.421189
RTM1C47,2.15,2.14,2.16,1000000.0,1000000.0,0,0,0,0,0,0,45,2026-02-04 21:28:24.421189
RTM1P47,0.13,0.12,0.14,1000000.0,1000000.0,0,0,0,0,0,0,45,2026-02-04 21:28:24.421189
RTM1C48,1.35,1.34,1.36,1000000.0,1000000.0,0,0,0,0,0,0,45,2026-02-04 21:28:24.421189
RTM1P48,0.33,0.32,0.34,1000000.0,1000000.0,0,0,0,0,0,0,45,2026-02-04 21:28:24.421189
RTM1C49,0.75,0.74,0.76,1000000.0,1000000.0,0,0,0,0,0,0,45,2026-02-04 21:28:24.421189
RTM1P49,0.72,0.71,0.73,1000000.0,1000000.0,0,0,0,0,0,0,45,2026-02-04 21:28:24.421189
RTM1C50,0.34,0.33,0.35,1000000.0,1000000.0,0,0,0,0,0,0,45,2026-02-04 21:28:24.421189
RTM1P50,1.32,1.31,1.33,1000000.0,1000000.0,0,0,0,0,0,0,45,2026-02-04 21:28:24.421189
RTM1C51,0.13,0.12,0.14,1000000.0,1000000.0,0,0,0,0,0,0,45,2026-02-04 21:28:24.421189
RTM1P51,2.11,2.1,2.12,1000000.0,1000000.0,0,0,0,0,0,0,45,2026-02-04 21:28:24.421189
RTM1C52,0.04,0.03,0.05,1000000.0,1000000.0,0,0,0,0,0,0,45,2026-02-04 21:28:24.421189
RTM1P52,3.02,3.01,3.03,1000000.0,1000000.0,0,0,0,0,0,0,45,2026-02-04 21:28:24.421189
RTM1C53,0.02,0.01,0.03,1000000.0,1000000.0,0,0,0,0,0,0,45,2026-02-04 21:28:24.421189
RTM1P53,3.99,3.98,4.0,1000000.0,1000000.0,0,0,0,0,0,0,45,2026-02-04 21:28:24.421189
RTM1C54,0.02,0.01,0.03,1000000.0,1000000.0,0,0,0,0,0,0,45,2026-02-04 21:28:24.421189
RTM1P54,4.98,4.97,4.99,1000000.0,1000000.0,0,0,0,0,0,0,45,2026-02-04 21:28:24.421189
RTM,49.08,49.07,49.09,100000000.0,100000000.0,0,0,0,0,0,0,46,2026-02-04 21:28:25.503423
RTM1C45,4.09,4.08,4.1,1000000.0,1000000.0,0,0,0,0,0,0,46,2026-02-04 21:28:25.503423
RTM1P45,0.02,0.01,0.03,1000000.0,1000000.0,0,0,0,0,0,0,46,2026-02-04 21:28:25.503423
RTM1C46,3.11,3.1,3.12,1000000.0,1000000.0,0,0,0,0,0,0,46,2026-02-04 21:28:25.503423
RTM1P46,0.03,0.02,0.04,1000000.0,1000000.0,0,0,0,0,0,0,46,2026-02-04 21:28:25.503423
RTM1C47,2.18,2.17,2.19,1000000.0,1000000.0,0,0,0,0,0,0,46,2026-02-04 21:28:25.503423
RTM1P47,0.1,0.09,0.11,1000000.0,1000000.0,0,0,0,0,0,0,46,2026-02-04 21:28:25.503423
RTM1C48,1.38,1.37,1.39,1000000.0,1000000.0,0,0,0,0,0,0,46,2026-02-04 21:28:25.503423
RTM1P48,0.29,0.28,0.3,1000000.0,1000000.0,0,0,0,0,0,0,46,2026-02-04 21:28:25.503423
RTM1C49,0.76,0.75,0.77,1000000.0,1000000.0,0,0,0,0,0,0,46,2026-02-04 21:28:25.503423
RTM1P49,0.68,0.67,0.69,1000000.0,1000000.0,0,0,0,0,0,0,46,2026-02-04 21:28:25.503423
RTM1C50,0.36,0.35,0.37,1000000.0,1000000.0,0,0,0,0,0,0,46,2026-02-04 21:28:25.503423
RTM1P50,1.27,1.26,1.28,1000000.0,1000000.0,0,0,0,0,0,0,46,2026-02-04 21:28:25.503423
RTM1C51,0.14,0.13,0.15,1000000.0,1000000.0,0,0,0,0,0,0,46,2026-02-04 21:28:25.503423
RTM1P51,2.06,2.05,2.07,1000000.0,1000000.0,0,0,0,0,0,0,46,2026-02-04 21:28:25.503423
RTM1C52,0.05,0.04,0.06,1000000.0,1000000.0,0,0,0,0,0,0,46,2026-02-04 21:28:25.503423
RTM1P52,2.97,2.96,2.98,1000000.0,1000000.0,0,0,0,0,0,0,46,2026-02-04 21:28:25.503423
RTM1C53,0.02,0.01,0.03,1000000.0,1000000.0,0,0,0,0,0,0,46,2026-02-04 21:28:25.503423
RTM1P53,3.93,3.92,3.94,1000000.0,1000000.0,0,0,0,0,0,0,46,2026-02-04 21:28:25.503423
RTM1C54,0.02,0.01,0.03,1000000.0,1000000.0,0,0,0,0,0,0,46,2026-02-04 21:28:25.503423
RTM1P54,4.92,4.91,4.93,1000000.0,1000000.0,0,0,0,0,0,0,46,2026-02-04 21:28:25.503423
RTM,49.08,49.07,49.09,100000000.0,100000000.0,0,0,0,0,0,0,47,2026-02-04 21:28:26.594807
RTM1C45,4.09,4.08,4.1,1000000.0,1000000.0,0,0,0,0,0,0,47,2026-02-04 21:28:26.594807
RTM1P45,0.02,0.01,0.03,1000000.0,1000000.0,0,0,0,0,0,0,47,2026-02-04 21:28:26.594807
RTM1C46,3.11,3.1,3.12,1000000.0,1000000.0,0,0,0,0,0,0,47,2026-02-04 21:28:26.594807
RTM1P46,0.03,0.02,0.04,1000000.0,1000000.0,0,0,0,0,0,0,47,2026-02-04 21:28:26.594807
RTM1C47,2.18,2.17,2.19,1000000.0,1000000.0,0,0,0,0,0,0,47,2026-02-04 21:28:26.594807
RTM1P47,0.1,0.09,0.11,1000000.0,1000000.0,0,0,0,0,0,0,47,2026-02-04 21:28:26.594807
RTM1C48,1.39,1.38,1.4,1000000.0,1000000.0,0,0,0,0,0,0,47,2026-02-04 21:28:26.594807
RTM1P48,0.31,0.3,0.32,1000000.0,1000000.0,0,0,0,0,0,0,47,2026-02-04 21:28:26.594807
RTM1C49,0.77,0.76,0.78,1000000.0,1000000.0,0,0,0,0,0,0,47,2026-02-04 21:28:26.594807
RTM1P49,0.69,0.68,0.7,1000000.0,1000000.0,0,0,0,0,0,0,47,2026-02-04 21:28:26.594807
RTM1C50,0.36,0.35,0.37,1000000.0,1000000.0,0,0,0,0,0,0,47,2026-02-04 21:28:26.594807
RTM1P50,1.28,1.27,1.29,1000000.0,1000000.0,0,0,0,0,0,0,47,2026-02-04 21:28:26.594807
RTM1C51,0.14,0.13,0.15,1000000.0,1000000.0,0,0,0,0,0,0,47,2026-02-04 21:28:26.594807
RTM1P51,2.06,2.05,2.07,1000000.0,1000000.0,0,0,0,0,0,0,47,2026-02-04 21:28:26.594807
RTM1C52,0.05,0.04,0.06,1000000.0,1000000.0,0,0,0,0,0,0,47,2026-02-04 21:28:26.594807
RTM1P52,2.97,2.96,2.98,1000000.0,1000000.0,0,0,0,0,0,0,47,2026-02-04 21:28:26.594807
RTM1C53,0.02,0.01,0.03,1000000.0,1000000.0,0,0,0,0,0,0,47,2026-02-04 21:28:26.594807
RTM1P53,3.93,3.92,3.94,1000000.0,1000000.0,0,0,0,0,0,0,47,2026-02-04 21:28:26.594807
RTM1C54,0.02,0.01,0.03,1000000.0,1000000.0,0,0,0,0,0,0,47,2026-02-04 21:28:26.594807
RTM1P54,4.92,4.91,4.93,1000000.0,1000000.0,0,0,0,0,0,0,47,2026-02-04 21:28:26.594807
RTM,48.97,48.96,48.98,100000000.0,100000000.0,0,0,0,0,0,0,48,2026-02-04 21:28:27.693254
RTM1C45,3.97,3.96,3.98,1000000.0,1000000.0,0,0,0,0,0,0,48,2026-02-04 21:28:27.693254
RTM1P45,0.02,0.01,0.03,1000000.0,1000000.0,0,0,0,0,0,0,48,2026-02-04 21:28:27.693254
RTM1C46,3.0,2.99,3.01,1000000.0,1000000.0,0,0,0,0,0,0,48,2026-02-04 21:28:27.693254
RTM1P46,0.03,0.02,0.04,1000000.0,1000000.0,0,0,0,0,0,0,48,2026-02-04 21:28:27.693254
RTM1C47,2.09,2.08,2.1,1000000.0,1000000.0,0,0,0,0,0,0,48,2026-02-04 21:28:27.693254
RTM1P47,0.13,0.12,0.14,1000000.0,1000000.0,0,0,0,0,0,0,48,2026-02-04 21:28:27.693254
RTM1C48,1.29,1.28,1.3,1000000.0,1000000.0,0,0,0,0,0,0,48,2026-02-04 21:28:27.693254
RTM1P48,0.32,0.31,0.33,1000000.0,1000000.0,0,0,0,0,0,0,48,2026-02-04 21:28:27.693254
RTM1C49,0.73,0.72,0.74,1000000.0,1000000.0,0,0,0,0,0,0,48,2026-02-04 21:28:27.693254
RTM1P49,0.76,0.75,0.77,1000000.0,1000000.0,0,0,0,0,0,0,48,2026-02-04 21:28:27.693254
RTM1C50,0.32,0.31,0.33,1000000.0,1000000.0,0,0,0,0,0,0,48,2026-02-04 21:28:27.693254
RTM1P50,1.35,1.34,1.36,1000000.0,1000000.0,0,0,0,0,0,0,48,2026-02-04 21:28:27.693254
RTM1C51,0.12,0.11,0.13,1000000.0,1000000.0,0,0,0,0,0,0,48,2026-02-04 21:28:27.693254
RTM1P51,2.15,2.14,2.16,1000000.0,1000000.0,0,0,0,0,0,0,48,2026-02-04 21:28:27.693254
RTM1C52,0.04,0.03,0.05,1000000.0,1000000.0,0,0,0,0,0,0,48,2026-02-04 21:28:27.693254
RTM1P52,3.07,3.06,3.08,1000000.0,1000000.0,0,0,0,0,0,0,48,2026-02-04 21:28:27.693254
RTM1C53,0.02,0.01,0.03,1000000.0,1000000.0,0,0,0,0,0,0,48,2026-02-04 21:28:27.693254
RTM1P53,4.04,4.03,4.05,1000000.0,1000000.0,0,0,0,0,0,0,48,2026-02-04 21:28:27.693254
RTM1C54,0.02,0.01,0.03,1000000.0,1000000.0,0,0,0,0,0,0,48,2026-02-04 21:28:27.693254
RTM1P54,5.04,5.03,5.05,1000000.0,1000000.0,0,0,0,0,0,0,48,2026-02-04 21:28:27.693254
RTM,49.12,49.11,49.13,100000000.0,100000000.0,0,0,0,0,0,0,49,2026-02-04 21:28:28.372282
RTM1C45,4.12,4.11,4.13,1000000.0,1000000.0,0,0,0,0,0,0,49,2026-02-04 21:28:28.372282
RTM1P45,0.02,0.01,0.03,1000000.0,1000000.0,0,0,0,0,0,0,49,2026-02-04 21:28:28.372282
RTM1C46,3.14,3.13,3.15,1000000.0,1000000.0,0,0,0,0,0,0,49,2026-02-04 21:28:28.372282
RTM1P46,0.02,0.01,0.03,1000000.0,1000000.0,0,0,0,0,0,0,49,2026-02-04 21:28:28.372282
RTM1C47,2.22,2.21,2.23,1000000.0,1000000.0,0,0,0,0,0,0,49,2026-02-04 21:28:28.372282
RTM1P47,0.1,0.09,0.11,1000000.0,1000000.0,0,0,0,0,0,0,49,2026-02-04 21:28:28.372282
RTM1C48,1.42,1.41,1.43,1000000.0,1000000.0,0,0,0,0,0,0,49,2026-02-04 21:28:28.372282
RTM1P48,0.3,0.29,0.31,1000000.0,1000000.0,0,0,0,0,0,0,49,2026-02-04 21:28:28.372282
RTM1C49,0.76,0.75,0.77,1000000.0,1000000.0,0,0,0,0,0,0,49,2026-02-04 21:28:28.372282
RTM1P49,0.64,0.63,0.65,1000000.0,1000000.0,0,0,0,0,0,0,49,2026-02-04 21:28:28.372282
RTM1C50,0.38,0.37,0.39,1000000.0,1000000.0,0,0,0,0,0,0,49,2026-02-04 21:28:28.372282
RTM1P50,1.26,1.25,1.27,1000000.0,1000000.0,0,0,0,0,0,0,49,2026-02-04 21:28:28.372282
RTM1C51,0.13,0.12,0.14,1000000.0,1000000.0,0,0,0,0,0,0,49,2026-02-04 21:28:28.372282
RTM1P51,2.01,2.0,2.02,1000000.0,1000000.0,0,0,0,0,0,0,49,2026-02-04 21:28:28.372282
RTM1C52,0.05,0.04,0.06,1000000.0,1000000.0,0,0,0,0,0,0,49,2026-02-04 21:28:28.372282
RTM1P52,2.93,2.92,2.94,1000000.0,1000000.0,0,0,0,0,0,0,49,2026-02-04 21:28:28.372282
RTM1C53,0.02,0.01,0.03,1000000.0,1000000.0,0,0,0,0,0,0,49,2026-02-04 21:28:28.372282
RTM1P53,3.89,3.88,3.9,1000000.0,1000000.0,0,0,0,0,0,0,49,2026-02-04 21:28:28.372282
RTM1C54,0.02,0.01,0.03,1000000.0,1000000.0,0,0,0,0,0,0,49,2026-02-04 21:28:28.372282
RTM1P54,4.89,4.88,4.9,1000000.0,1000000.0,0,0,0,0,0,0,49,2026-02-04 21:28:28.372282
RTM,49.06,49.05,49.07,100000000.0,100000000.0,0,0,0,0,0,0,50,2026-02-04 21:28:29.464793
RTM1C45,4.07,4.06,4.08,1000000.0,1000000.0,0,0,0,0,0,0,50,2026-02-04 21:28:29.464793
RTM1P45,0.02,0.01,0.03,1000000.0,1000000.0,0,0,0,0,0,0,50,2026-02-04 21:28:29.464793
RTM1C46,3.09,3.08,3.1,1000000.0,1000000.0,0,0,0,0,0,0,50,2026-02-04 21:28:29.464793
RTM1P46,0.03,0.02,0.04,1000000.0,1000000.0,0,0,0,0,0,0,50,2026-02-04 21:28:29.464793
RTM1C47,2.17,2.16,2.18,1000000.0,1000000.0,0,0,0,0,0,0,50,2026-02-04 21:28:29.464793
RTM1P47,0.11,0.1,0.12,1000000.0,1000000.0,0,0,0,0,0,0,50,2026-02-04 21:28:29.464793
RTM1C48,1.37,1.36,1.38,1000000.0,1000000.0,0,0,0,0,0,0,50,2026-02-04 21:28:29.464793
RTM1P48,0.31,0.3,0.32,1000000.0,1000000.0,0,0,0,0,0,0,50,2026-02-04 21:28:29.464793
RTM1C49,0.74,0.73,0.75,1000000.0,1000000.0,0,0,0,0,0,0,50,2026-02-04 21:28:29.464793
RTM1P49,0.68,0.67,0.69,1000000.0,1000000.0,0,0,0,0,0,0,50,2026-02-04 21:28:29.464793
RTM1C50,0.36,0.35,0.37,1000000.0,1000000.0,0,0,0,0,0,0,50,2026-02-04 21:28:29.464793
RTM1P50,1.3,1.29,1.31,1000000.0,1000000.0,0,0,0,0,0,0,50,2026-02-04 21:28:29.464793
RTM1C51,0.14,0.13,0.15,1000000.0,1000000.0,0,0,0,0,0,0,50,2026-02-04 21:28:29.464793
RTM1P51,2.08,2.07,2.09,1000000.0,1000000.0,0,0,0,0,0,0,50,2026-02-04 21:28:29.464793
RTM1C52,0.04,0.03,0.05,1000000.0,1000000.0,0,0,0,0,0,0,50,2026-02-04 21:28:29.464793
RTM1P52,2.98,2.97,2.99,1000000.0,1000000.0,0,0,0,0,0,0,50,2026-02-04 21:28:29.464793
RTM1C53,0.02,0.01,0.03,1000000.0,1000000.0,0,0,0,0,0,0,50,2026-02-04 21:28:29.464793
RTM1P53,3.95,3.94,3.96,1000000.0,1000000.0,0,0,0,0,0,0,50,2026-02-04 21:28:29.464793
RTM1C54,0.02,0.01,0.03,1000000.0,1000000.0,0,0,0,0,0,0,50,2026-02-04 21:28:29.464793
RTM1P54,4.94,4.93,4.95,1000000.0,1000000.0,0,0,0,0,0,0,50,2026-02-04 21:28:29.464793
RTM,49.07,49.06,49.08,100000000.0,100000000.0,0,0,0,0,0,0,51,2026-02-04 21:28:30.538639
RTM1C45,4.08,4.07,4.09,1000000.0,1000000.0,0,0,0,0,0,0,51,2026-02-04 21:28:30.538639
RTM1P45,0.02,0.01,0.03,1000000.0,1000000.0,0,0,0,0,0,0,51,2026-02-04 21:28:30.538639
RTM1C46,3.1,3.09,3.11,1000000.0,1000000.0,0,0,0,0,0,0,51,2026-02-04 21:28:30.538639
RTM1P46,0.03,0.02,0.04,1000000.0,1000000.0,0,0,0,0,0,0,51,2026-02-04 21:28:30.538639
RTM1C47,2.18,2.17,2.19,1000000.0,1000000.0,0,0,0,0,0,0,51,2026-02-04 21:28:30.538639
RTM1P47,0.11,0.1,0.12,1000000.0,1000000.0,0,0,0,0,0,0,51,2026-02-04 21:28:30.538639
RTM1C48,1.37,1.36,1.38,1000000.0,1000000.0,0,0,0,0,0,0,51,2026-02-04 21:28:30.538639
RTM1P48,0.3,0.29,0.31,1000000.0,1000000.0,0,0,0,0,0,0,51,2026-02-04 21:28:30.538639
RTM1C49,0.75,0.74,0.76,1000000.0,1000000.0,0,0,0,0,0,0,51,2026-02-04 21:28:30.538639
RTM1P49,0.67,0.66,0.68,1000000.0,1000000.0,0,0,0,0,0,0,51,2026-02-04 21:28:30.538639
RTM1C50,0.37,0.36,0.38,1000000.0,1000000.0,0,0,0,0,0,0,51,2026-02-04 21:28:30.538639
RTM1P50,1.29,1.28,1.3,1000000.0,1000000.0,0,0,0,0,0,0,51,2026-02-04 21:28:30.538639
RTM1C51,0.12,0.11,0.13,1000000.0,1000000.0,0,0,0,0,0,0,51,2026-02-04 21:28:30.538639
RTM1P51,2.05,2.04,2.06,1000000.0,1000000.0,0,0,0,0,0,0,51,2026-02-04 21:28:30.538639
RTM1C52,0.05,0.04,0.06,1000000.0,1000000.0,0,0,0,0,0,0,51,2026-02-04 21:28:30.538639
RTM1P52,2.97,2.96,2.98,1000000.0,1000000.0,0,0,0,0,0,0,51,2026-02-04 21:28:30.538639
RTM1C53,0.02,0.01,0.03,1000000.0,1000000.0,0,0,0,0,0,0,51,2026-02-04 21:28:30.538639
RTM1P53,3.94,3.93,3.95,1000000.0,1000000.0,0,0,0,0,0,0,51,2026-02-04 21:28:30.538639
RTM1C54,0.02,0.01,0.03,1000000.0,1000000.0,0,0,0,0,0,0,51,2026-02-04 21:28:30.538639
RTM1P54,4.93,4.92,4.94,1000000.0,1000000.0,0,0,0,0,0,0,51,2026-02-04 21:28:30.538639
RTM,49.08,49.07,49.09,100000000.0,100000000.0,0,0,0,0,0,0,52,2026-02-04 21:28:31.606044
RTM1C45,4.08,4.07,4.09,1000000.0,1000000.0,0,0,0,0,0,0,52,2026-02-04 21:28:31.606044
RTM1P45,0.02,0.01,0.03,1000000.0,1000000.0,0,0,0,0,0,0,52,2026-02-04 21:28:31.606044
RTM1C46,3.1,3.09,3.11,1000000.0,1000000.0,0,0,0,0,0,0,52,2026-02-04 21:28:31.606044
RTM1P46,0.03,0.02,0.04,1000000.0,1000000.0,0,0,0,0,0,0,52,2026-02-04 21:28:31.606044
RTM1C47,2.17,2.16,2.18,1000000.0,1000000.0,0,0,0,0,0,0,52,2026-02-04 21:28:31.606044
RTM1P47,0.09,0.08,0.1,1000000.0,1000000.0,0,0,0,0,0,0,52,2026-02-04 21:28:31.606044
RTM1C48,1.38,1.37,1.39,1000000.0,1000000.0,0,0,0,0,0,0,52,2026-02-04 21:28:31.606044
RTM1P48,0.3,0.29,0.31,1000000.0,1000000.0,0,0,0,0,0,0,52,2026-02-04 21:28:31.606044
RTM1C49,0.74,0.73,0.75,1000000.0,1000000.0,0,0,0,0,0,0,52,2026-02-04 21:28:31.606044
RTM1P49,0.66,0.65,0.67,1000000.0,1000000.0,0,0,0,0,0,0,52,2026-02-04 21:28:31.606044
RTM1C50,0.34,0.33,0.35,1000000.0,1000000.0,0,0,0,0,0,0,52,2026-02-04 21:28:31.606044
RTM1P50,1.27,1.26,1.28,1000000.0,1000000.0,0,0,0,0,0,0,52,2026-02-04 21:28:31.606044
RTM1C51,0.13,0.12,0.14,1000000.0,1000000.0,0,0,0,0,0,0,52,2026-02-04 21:28:31.606044
RTM1P51,2.05,2.04,2.06,1000000.0,1000000.0,0,0,0,0,0,0,52,2026-02-04 21:28:31.606044
RTM1C52,0.04,0.03,0.05,1000000.0,1000000.0,0,0,0,0,0,0,52,2026-02-04 21:28:31.606044
RTM1P52,2.97,2.96,2.98,1000000.0,1000000.0,0,0,0,0,0,0,52,2026-02-04 21:28:31.606044
RTM1C53,0.02,0.01,0.03,1000000.0,1000000.0,0,0,0,0,0,0,52,2026-02-04 21:28:31.606044
RTM1P53,3.93,3.92,3.94,1000000.0,1000000.0,0,0,0,0,0,0,52,2026-02-04 21:28:31.606044
RTM1C54,0.02,0.01,0.03,1000000.0,1000000.0,0,0,0,0,0,0,52,2026-02-04 21:28:31.606044
RTM1P54,4.92,4.91,4.93,1000000.0,1000000.0,0,0,0,0,0,0,52,2026-02-04 21:28:31.606044
RTM,49.28,49.27,49.29,100000000.0,100000000.0,0,0,0,0,0,0,53,2026-02-04 21:28:32.693609
RTM1C45,4.28,4.27,4.29,1000000.0,1000000.0,0,0,0,0,0,0,53,2026-02-04 21:28:32.693609
RTM1P45,0.02,0.01,0.03,1000000.0,1000000.0,0,0,0,0,0,0,53,2026-02-04 21:28:32.693609
RTM1C46,3.3,3.29,3.31,1000000.0,1000000.0,0,0,0,0,0,0,53,2026-02-04 21:28:32.693609
RTM1P46,0.02,0.01,0.03,1000000.0,1000000.0,0,0,0,0,0,0,53,2026-02-04 21:28:32.693609
RTM1C47,2.35,2.34,2.36,1000000.0,1000000.0,0,0,0,0,0,0,53,2026-02-04 21:28:32.693609
RTM1P47,0.07,0.06,0.08,1000000.0,1000000.0,0,0,0,0,0,0,53,2026-02-04 21:28:32.693609
RTM1C48,1.53,1.52,1.54,1000000.0,1000000.0,0,0,0,0,0,0,53,2026-02-04 21:28:32.693609
RTM1P48,0.25,0.24,0.26,1000000.0,1000000.0,0,0,0,0,0,0,53,2026-02-04 21:28:32.693609
RTM1C49,0.86,0.85,0.87,1000000.0,1000000.0,0,0,0,0,0,0,53,2026-02-04 21:28:32.693609
RTM1P49,0.58,0.57,0.59,1000000.0,1000000.0,0,0,0,0,0,0,53,2026-02-04 21:28:32.693609
RTM1C50,0.41,0.4,0.42,1000000.0,1000000.0,0,0,0,0,0,0,53,2026-02-04 21:28:32.693609
RTM1P50,1.13,1.12,1.14,1000000.0,1000000.0,0,0,0,0,0,0,53,2026-02-04 21:28:32.693609
RTM1C51,0.16,0.15,0.17,1000000.0,1000000.0,0,0,0,0,0,0,53,2026-02-04 21:28:32.693609
RTM1P51,1.88,1.87,1.89,1000000.0,1000000.0,0,0,0,0,0,0,53,2026-02-04 21:28:32.693609
RTM1C52,0.05,0.04,0.06,1000000.0,1000000.0,0,0,0,0,0,0,53,2026-02-04 21:28:32.693609
RTM1P52,2.77,2.76,2.78,1000000.0,1000000.0,0,0,0,0,0,0,53,2026-02-04 21:28:32.693609
RTM1C53,0.02,0.01,0.03,1000000.0,1000000.0,0,0,0,0,0,0,53,2026-02-04 21:28:32.693609
RTM1P53,3.74,3.73,3.75,1000000.0,1000000.0,0,0,0,0,0,0,53,2026-02-04 21:28:32.693609
RTM1C54,0.02,0.01,0.03,1000000.0,1000000.0,0,0,0,0,0,0,53,2026-02-04 21:28:32.693609
RTM1P54,4.73,4.72,4.74,1000000.0,1000000.0,0,0,0,0,0,0,53,2026-02-04 21:28:32.693609
RTM,49.44,49.43,49.45,100000000.0,100000000.0,0,0,0,0,0,0,54,2026-02-04 21:28:33.518981
RTM1C45,4.45,4.44,4.46,1000000.0,1000000.0,0,0,0,0,0,0,54,2026-02-04 21:28:33.518981
RTM1P45,0.02,0.01,0.03,1000000.0,1000000.0,0,0,0,0,0,0,54,2026-02-04 21:28:33.518981
RTM1C46,3.46,3.45,3.47,1000000.0,1000000.0,0,0,0,0,0,0,54,2026-02-04 21:28:33.518981
RTM1P46,0.02,0.01,0.03,1000000.0,1000000.0,0,0,0,0,0,0,54,2026-02-04 21:28:33.518981
RTM1C47,2.5,2.49,2.51,1000000.0,1000000.0,0,0,0,0,0,0,54,2026-02-04 21:28:33.518981
RTM1P47,0.06,0.05,0.07,1000000.0,1000000.0,0,0,0,0,0,0,54,2026-02-04 21:28:33.518981
RTM1C48,1.64,1.63,1.65,1000000.0,1000000.0,0,0,0,0,0,0,54,2026-02-04 21:28:33.518981
RTM1P48,0.2,0.19,0.21,1000000.0,1000000.0,0,0,0,0,0,0,54,2026-02-04 21:28:33.518981
RTM1C49,0.95,0.94,0.96,1000000.0,1000000.0,0,0,0,0,0,0,54,2026-02-04 21:28:33.518981
RTM1P49,0.51,0.5,0.52,1000000.0,1000000.0,0,0,0,0,0,0,54,2026-02-04 21:28:33.518981
RTM1C50,0.48,0.47,0.49,1000000.0,1000000.0,0,0,0,0,0,0,54,2026-02-04 21:28:33.518981
RTM1P50,1.04,1.03,1.05,1000000.0,1000000.0,0,0,0,0,0,0,54,2026-02-04 21:28:33.518981
RTM1C51,0.19,0.18,0.2,1000000.0,1000000.0,0,0,0,0,0,0,54,2026-02-04 21:28:33.518981
RTM1P51,1.75,1.74,1.76,1000000.0,1000000.0,0,0,0,0,0,0,54,2026-02-04 21:28:33.518981
RTM1C52,0.07,0.06,0.08,1000000.0,1000000.0,0,0,0,0,0,0,54,2026-02-04 21:28:33.518981
RTM1P52,2.62,2.61,2.63,1000000.0,1000000.0,0,0,0,0,0,0,54,2026-02-04 21:28:33.518981
RTM1C53,0.02,0.01,0.03,1000000.0,1000000.0,0,0,0,0,0,0,54,2026-02-04 21:28:33.518981
RTM1P53,3.57,3.56,3.58,1000000.0,1000000.0,0,0,0,0,0,0,54,2026-02-04 21:28:33.518981
RTM1C54,0.02,0.01,0.03,1000000.0,1000000.0,0,0,0,0,0,0,54,2026-02-04 21:28:33.518981
RTM1P54,4.56,4.55,4.57,1000000.0,1000000.0,0,0,0,0,0,0,54,2026-02-04 21:28:33.518981
RTM,49.35,49.34,49.36,100000000.0,100000000.0,0,0,0,0,0,0,55,2026-02-04 21:28:34.581107
RTM1C45,4.35,4.34,4.36,1000000.0,1000000.0,0,0,0,0,0,0,55,2026-02-04 21:28:34.581107
RTM1P45,0.02,0.01,0.03,1000000.0,1000000.0,0,0,0,0,0,0,55,2026-02-04 21:28:34.581107
RTM1C46,3.37,3.36,3.38,1000000.0,1000000.0,0,0,0,0,0,0,55,2026-02-04 21:28:34.581107
RTM1P46,0.02,0.01,0.03,1000000.0,1000000.0,0,0,0,0,0,0,55,2026-02-04 21:28:34.581107
RTM1C47,2.42,2.41,2.43,1000000.0,1000000.0,0,0,0,0,0,0,55,2026-02-04 21:28:34.581107
RTM1P47,0.07,0.06,0.08,1000000.0,1000000.0,0,0,0,0,0,0,55,2026-02-04 21:28:34.581107
RTM1C48,1.58,1.57,1.59,1000000.0,1000000.0,0,0,0,0,0,0,55,2026-02-04 21:28:34.581107
RTM1P48,0.23,0.22,0.24,1000000.0,1000000.0,0,0,0,0,0,0,55,2026-02-04 21:28:34.581107
RTM1C49,0.89,0.88,0.9,1000000.0,1000000.0,0,0,0,0,0,0,55,2026-02-04 21:28:34.581107
RTM1P49,0.54,0.53,0.55,1000000.0,1000000.0,0,0,0,0,0,0,55,2026-02-04 21:28:34.581107
RTM1C50,0.45,0.44,0.46,1000000.0,1000000.0,0,0,0,0,0,0,55,2026-02-04 21:28:34.581107
RTM1P50,1.1,1.09,1.11,1000000.0,1000000.0,0,0,0,0,0,0,55,2026-02-04 21:28:34.581107
RTM1C51,0.18,0.17,0.19,1000000.0,1000000.0,0,0,0,0,0,0,55,2026-02-04 21:28:34.581107
RTM1P51,1.83,1.82,1.84,1000000.0,1000000.0,0,0,0,0,0,0,55,2026-02-04 21:28:34.581107
RTM1C52,0.06,0.05,0.07,1000000.0,1000000.0,0,0,0,0,0,0,55,2026-02-04 21:28:34.581107
RTM1P52,2.71,2.7,2.72,1000000.0,1000000.0,0,0,0,0,0,0,55,2026-02-04 21:28:34.581107
RTM1C53,0.02,0.01,0.03,1000000.0,1000000.0,0,0,0,0,0,0,55,2026-02-04 21:28:34.581107
RTM1P53,3.66,3.65,3.67,1000000.0,1000000.0,0,0,0,0,0,0,55,2026-02-04 21:28:34.581107
RTM1C54,0.02,0.01,0.03,1000000.0,1000000.0,0,0,0,0,0,0,55,2026-02-04 21:28:34.581107
RTM1P54,4.65,4.64,4.66,1000000.0,1000000.0,0,0,0,0,0,0,55,2026-02-04 21:28:34.581107
RTM,49.31,49.3,49.32,100000000.0,100000000.0,0,0,0,0,0,0,56,2026-02-04 21:28:35.653446
RTM1C45,4.32,4.31,4.33,1000000.0,1000000.0,0,0,0,0,0,0,56,2026-02-04 21:28:35.653446
RTM1P45,0.02,0.01,0.03,1000000.0,1000000.0,0,0,0,0,0,0,56,2026-02-04 21:28:35.653446
RTM1C46,3.33,3.32,3.34,1000000.0,1000000.0,0,0,0,0,0,0,56,2026-02-04 21:28:35.653446
RTM1P46,0.02,0.01,0.03,1000000.0,1000000.0,0,0,0,0,0,0,56,2026-02-04 21:28:35.653446
RTM1C47,2.39,2.38,2.4,1000000.0,1000000.0,0,0,0,0,0,0,56,2026-02-04 21:28:35.653446
RTM1P47,0.08,0.07,0.09,1000000.0,1000000.0,0,0,0,0,0,0,56,2026-02-04 21:28:35.653446
RTM1C48,1.53,1.52,1.54,1000000.0,1000000.0,0,0,0,0,0,0,56,2026-02-04 21:28:35.653446
RTM1P48,0.22,0.21,0.23,1000000.0,1000000.0,0,0,0,0,0,0,56,2026-02-04 21:28:35.653446
RTM1C49,0.87,0.86,0.88,1000000.0,1000000.0,0,0,0,0,0,0,56,2026-02-04 21:28:35.653446
RTM1P49,0.56,0.55,0.57,1000000.0,1000000.0,0,0,0,0,0,0,56,2026-02-04 21:28:35.653446
RTM1C50,0.42,0.41,0.43,1000000.0,1000000.0,0,0,0,0,0,0,56,2026-02-04 21:28:35.653446
RTM1P50,1.1,1.09,1.11,1000000.0,1000000.0,0,0,0,0,0,0,56,2026-02-04 21:28:35.653446
