ticker,last_price,bid_price,ask_price,BUY_ANON,SELL_ANON,SELL_GIOT-1,BUY_UEBR-3,BUY_GIOT-1,BUY_UBCT-2,SELL_UBCT-2,SELL_UEBR-3,tick,timestamp,news_news_id,news_period,news_tick,news_ticker,news_headline,news_body
RTM,50.0,0.0,0.0,100000000.0,100000000.0,0,0,0,0,0,0,1,2026-02-04 16:26:17.777866,2.0,1.0,1.0,Week 1,Delta limit and penalty,The delta limit for this sub-heat is 11000 and the penalty percentage is 5%
RTM1C45,5.01,0.0,0.0,1000000.0,1000000.0,0,0,0,0,0,0,1,2026-02-04 16:26:17.777866,1.0,1.0,1.0,Week 1,Risk free rate and current annualized volatility of RTM,The current risk free rate is 0%. RTM is an ETF that mimics one of the major indices in the simulated world and its current annualized realized volatility is 14%. This simulation consists of 20 trading days that are each 15 ticks in length.
RTM1P45,0.02,0.0,0.0,1000000.0,1000000.0,0,0,0,0,0,0,1,2026-02-04 16:26:17.777866,,,,,,
RTM1C46,4.04,0.0,0.0,1000000.0,1000000.0,0,0,0,0,0,0,1,2026-02-04 16:26:17.777866,,,,,,
RTM1P46,0.04,0.0,0.0,1000000.0,1000000.0,0,0,0,0,0,0,1,2026-02-04 16:26:17.777866,,,,,,
RTM1C47,3.12,0.0,0.0,1000000.0,1000000.0,0,0,0,0,0,0,1,2026-02-04 16:26:17.777866,,,,,,
RTM1P47,0.12,0.0,0.0,1000000.0,1000000.0,0,0,0,0,0,0,1,2026-02-04 16:26:17.777866,,,,,,
RTM1C48,2.28,0.0,0.0,1000000.0,1000000.0,0,0,0,0,0,0,1,2026-02-04 16:26:17.777866,,,,,,
RTM1P48,0.28,0.0,0.0,1000000.0,1000000.0,0,0,0,0,0,0,1,2026-02-04 16:26:17.777866,,,,,,
RTM1C49,1.55,0.0,0.0,1000000.0,1000000.0,0,0,0,0,0,0,1,2026-02-04 16:26:17.777866,,,,,,
RTM1P49,0.55,0.0,0.0,1000000.0,1000000.0,0,0,0,0,0,0,1,2026-02-04 16:26:17.777866,,,,,,
RTM1C50,1.02,0.0,0.0,1000000.0,1000000.0,0,0,0,0,0,0,1,2026-02-04 16:26:17.777866,,,,,,
RTM1P50,1.02,0.0,0.0,1000000.0,1000000.0,0,0,0,0,0,0,1,2026-02-04 16:26:17.777866,,,,,,
RTM1C51,0.67,0.0,0.0,1000000.0,1000000.0,0,0,0,0,0,0,1,2026-02-04 16:26:17.777866,,,,,,
RTM1P51,1.67,0.0,0.0,1000000.0,1000000.0,0,0,0,0,0,0,1,2026-02-04 16:26:17.777866,,,,,,
RTM1C52,0.39,0.0,0.0,1000000.0,1000000.0,0,0,0,0,0,0,1,2026-02-04 16:26:17.777866,,,,,,
RTM1P52,2.39,0.0,0.0,1000000.0,1000000.0,0,0,0,0,0,0,1,2026-02-04 16:26:17.777866,,,,,,
RTM1C53,0.15,0.0,0.0,1000000.0,1000000.0,0,0,0,0,0,0,1,2026-02-04 16:26:17.777866,,,,,,
RTM1P53,3.15,0.0,0.0,1000000.0,1000000.0,0,0,0,0,0,0,1,2026-02-04 16:26:17.777866,,,,,,
RTM1C54,0.06,0.0,0.0,1000000.0,1000000.0,0,0,0,0,0,0,1,2026-02-04 16:26:17.777866,,,,,,
RTM1P54,4.06,0.0,0.0,1000000.0,1000000.0,0,0,0,0,0,0,1,2026-02-04 16:26:17.777866,,,,,,
RTM,49.91,49.9,49.92,100000000.0,100000000.0,0,0,0,0,0,0,2,2026-02-04 16:26:18.856488
RTM1C45,4.93,4.92,4.94,1000000.0,1000000.0,0,0,0,0,0,0,2,2026-02-04 16:26:18.856488
RTM1P45,0.02,0.01,0.03,1000000.0,1000000.0,0,0,0,0,0,0,2,2026-02-04 16:26:18.856488
RTM1C46,3.98,3.97,3.99,1000000.0,1000000.0,0,0,0,0,0,0,2,2026-02-04 16:26:18.856488
RTM1P46,0.07,0.06,0.08,1000000.0,1000000.0,0,0,0,0,0,0,2,2026-02-04 16:26:18.856488
RTM1C47,3.04,3.03,3.05,1000000.0,1000000.0,0,0,0,0,0,0,2,2026-02-04 16:26:18.856488
RTM1P47,0.12,0.11,0.13,1000000.0,1000000.0,0,0,0,0,0,0,2,2026-02-04 16:26:18.856488
RTM1C48,2.19,2.18,2.2,1000000.0,1000000.0,0,0,0,0,0,0,2,2026-02-04 16:26:18.856488
RTM1P48,0.28,0.27,0.29,1000000.0,1000000.0,0,0,0,0,0,0,2,2026-02-04 16:26:18.856488
RTM1C49,1.53,1.52,1.54,1000000.0,1000000.0,0,0,0,0,0,0,2,2026-02-04 16:26:18.856488
RTM1P49,0.62,0.61,0.63,1000000.0,1000000.0,0,0,0,0,0,0,2,2026-02-04 16:26:18.856488
RTM1C50,0.95,0.94,0.96,1000000.0,1000000.0,0,0,0,0,0,0,2,2026-02-04 16:26:18.856488
RTM1P50,1.03,1.02,1.04,1000000.0,1000000.0,0,0,0,0,0,0,2,2026-02-04 16:26:18.856488
RTM1C51,0.55,0.54,0.56,1000000.0,1000000.0,0,0,0,0,0,0,2,2026-02-04 16:26:18.856488
RTM1P51,1.64,1.63,1.65,1000000.0,1000000.0,0,0,0,0,0,0,2,2026-02-04 16:26:18.856488
RTM1C52,0.31,0.3,0.32,1000000.0,1000000.0,0,0,0,0,0,0,2,2026-02-04 16:26:18.856488
RTM1P52,2.4,2.39,2.41,1000000.0,1000000.0,0,0,0,0,0,0,2,2026-02-04 16:26:18.856488
RTM1C53,0.14,0.13,0.15,1000000.0,1000000.0,0,0,0,0,0,0,2,2026-02-04 16:26:18.856488
RTM1P53,3.23,3.22,3.24,1000000.0,1000000.0,0,0,0,0,0,0,2,2026-02-04 16:26:18.856488
RTM1C54,0.06,0.05,0.07,1000000.0,1000000.0,0,0,0,0,0,0,2,2026-02-04 16:26:18.856488
RTM1P54,4.15,4.14,4.16,1000000.0,1000000.0,0,0,0,0,0,0,2,2026-02-04 16:26:18.856488
RTM,49.93,49.91,49.93,100000000.0,100000000.0,0,0,0,0,0,0,3,2026-02-04 16:26:19.955246
RTM1C45,4.95,4.94,4.96,1000000.0,1000000.0,0,0,0,0,0,0,3,2026-02-04 16:26:19.955246
RTM1P45,0.03,0.02,0.04,1000000.0,1000000.0,0,0,0,0,0,0,3,2026-02-04 16:26:19.955246
RTM1C46,3.98,3.97,3.99,1000000.0,1000000.0,0,0,0,0,0,0,3,2026-02-04 16:26:19.955246
RTM1P46,0.06,0.05,0.07,1000000.0,1000000.0,0,0,0,0,0,0,3,2026-02-04 16:26:19.955246
RTM1C47,3.05,3.04,3.06,1000000.0,1000000.0,0,0,0,0,0,0,3,2026-02-04 16:26:19.955246
RTM1P47,0.13,0.12,0.14,1000000.0,1000000.0,0,0,0,0,0,0,3,2026-02-04 16:26:19.955246
RTM1C48,2.25,2.24,2.26,1000000.0,1000000.0,0,0,0,0,0,0,3,2026-02-04 16:26:19.955246
RTM1P48,0.34,0.33,0.35,1000000.0,1000000.0,0,0,0,0,0,0,3,2026-02-04 16:26:19.955246
RTM1C49,1.54,1.53,1.55,1000000.0,1000000.0,0,0,0,0,0,0,3,2026-02-04 16:26:19.955246
RTM1P49,0.62,0.61,0.63,1000000.0,1000000.0,0,0,0,0,0,0,3,2026-02-04 16:26:19.955246
RTM1C50,1.05,1.04,1.06,1000000.0,1000000.0,0,0,0,0,0,0,3,2026-02-04 16:26:19.955246
RTM1P50,1.13,1.12,1.14,1000000.0,1000000.0,0,0,0,0,0,0,3,2026-02-04 16:26:19.955246
RTM1C51,0.54,0.53,0.55,1000000.0,1000000.0,0,0,0,0,0,0,3,2026-02-04 16:26:19.955246
RTM1P51,1.62,1.61,1.63,1000000.0,1000000.0,0,0,0,0,0,0,3,2026-02-04 16:26:19.955246
RTM1C52,0.37,0.36,0.38,1000000.0,1000000.0,0,0,0,0,0,0,3,2026-02-04 16:26:19.955246
RTM1P52,2.46,2.45,2.47,1000000.0,1000000.0,0,0,0,0,0,0,3,2026-02-04 16:26:19.955246
RTM1C53,0.2,0.19,0.21,1000000.0,1000000.0,0,0,0,0,0,0,3,2026-02-04 16:26:19.955246
RTM1P53,3.28,3.27,3.29,1000000.0,1000000.0,0,0,0,0,0,0,3,2026-02-04 16:26:19.955246
RTM1C54,0.09,0.08,0.1,1000000.0,1000000.0,0,0,0,0,0,0,3,2026-02-04 16:26:19.955246
RTM1P54,4.17,4.16,4.18,1000000.0,1000000.0,0,0,0,0,0,0,3,2026-02-04 16:26:19.955246
RTM,50.04,50.03,50.05,100000000.0,100000000.0,,0,0,0,0,0,4,2026-02-04 16:26:21.008330
RTM1C45,5.05,5.04,5.06,1000000.0,1000000.0,,0,0,0,0,0,4,2026-02-04 16:26:21.008330
RTM1P45,0.02,0.01,0.03,1000000.0,1000000.0,,0,0,0,0,0,4,2026-02-04 16:26:21.008330
RTM1C46,4.09,4.08,4.1,1000000.0,1000000.0,,0,0,0,0,0,4,2026-02-04 16:26:21.008330
RTM1P46,0.05,0.04,0.06,1000000.0,1000000.0,,0,0,0,0,0,4,2026-02-04 16:26:21.008330
RTM1C47,3.19,3.18,3.2,1000000.0,1000000.0,,0,0,0,0,0,4,2026-02-04 16:26:21.008330
RTM1P47,0.15,0.14,0.16,1000000.0,1000000.0,,0,0,0,0,0,4,2026-02-04 16:26:21.008330
RTM1C48,2.33,2.32,2.34,1000000.0,1000000.0,10.0,0,0,0,0,0,4,2026-02-04 16:26:21.008330
RTM1P48,0.29,0.28,0.3,1000000.0,1000000.0,,0,0,0,0,0,4,2026-02-04 16:26:21.008330
RTM1C49,1.59,1.58,1.6,1000000.0,1000000.0,,0,0,0,0,0,4,2026-02-04 16:26:21.008330
RTM1P49,0.55,0.54,0.56,1000000.0,1000000.0,,0,0,0,0,0,4,2026-02-04 16:26:21.008330
RTM1C50,1.08,1.07,1.09,1000000.0,1000000.0,,0,0,0,0,0,4,2026-02-04 16:26:21.008330
RTM1P50,1.04,1.03,1.05,1000000.0,1000000.0,,0,0,0,0,0,4,2026-02-04 16:26:21.008330
RTM1C51,0.56,0.55,0.57,1000000.0,1000000.0,,0,0,0,0,0,4,2026-02-04 16:26:21.008330
RTM1P51,1.52,1.51,1.53,1000000.0,1000000.0,,0,0,0,0,0,4,2026-02-04 16:26:21.008330
RTM1C52,0.39,0.38,0.4,1000000.0,1000000.0,10.0,0,0,0,0,0,4,2026-02-04 16:26:21.008330
RTM1P52,2.35,2.34,2.36,1000000.0,1000000.0,,0,0,0,0,0,4,2026-02-04 16:26:21.008330
RTM1C53,0.19,0.18,0.2,1000000.0,1000000.0,,0,0,0,0,0,4,2026-02-04 16:26:21.008330
RTM1P53,3.15,3.14,3.16,1000000.0,1000000.0,,0,0,0,0,0,4,2026-02-04 16:26:21.008330
RTM1C54,0.09,0.08,0.1,1000000.0,1000000.0,,0,0,0,0,0,4,2026-02-04 16:26:21.008330
RTM1P54,4.05,4.04,4.06,1000000.0,1000000.0,,0,0,0,0,0,4,2026-02-04 16:26:21.008330
RTM,49.94,49.94,49.96,100000000.0,100000000.0,,0,0,0,0,0,5,2026-02-04 16:26:22.084796
RTM1C45,4.96,4.95,4.97,1000000.0,1000000.0,,0,0,0,0,0,5,2026-02-04 16:26:22.084796
RTM1P45,0.02,0.01,0.03,1000000.0,1000000.0,,0,0,0,0,0,5,2026-02-04 16:26:22.084796
RTM1C46,4.01,4.0,4.02,1000000.0,1000000.0,,0,0,0,0,0,5,2026-02-04 16:26:22.084796
RTM1P46,0.06,0.05,0.07,1000000.0,1000000.0,,0,0,0,0,0,5,2026-02-04 16:26:22.084796
RTM1C47,3.07,3.06,3.08,1000000.0,1000000.0,,0,0,0,0,0,5,2026-02-04 16:26:22.084796
RTM1P47,0.12,0.11,0.13,1000000.0,1000000.0,,0,0,0,0,0,5,2026-02-04 16:26:22.084796
RTM1C48,2.29,2.28,2.3,1000000.0,1000000.0,10.0,0,0,0,0,0,5,2026-02-04 16:26:22.084796
RTM1P48,0.34,0.33,0.35,1000000.0,1000000.0,,0,0,0,0,0,5,2026-02-04 16:26:22.084796
RTM1C49,1.57,1.56,1.58,1000000.0,1000000.0,10.0,0,0,0,0,0,5,2026-02-04 16:26:22.084796
RTM1P49,0.62,0.61,0.63,1000000.0,1000000.0,,0,0,0,0,0,5,2026-02-04 16:26:22.084796
RTM1C50,1.05,1.04,1.06,1000000.0,1000000.0,,0,0,0,0,0,5,2026-02-04 16:26:22.084796
RTM1P50,1.1,1.09,1.11,1000000.0,1000000.0,,0,0,0,0,0,5,2026-02-04 16:26:22.084796
RTM1C51,0.56,0.55,0.57,1000000.0,1000000.0,10.0,0,0,0,0,0,5,2026-02-04 16:26:22.084796
RTM1P51,1.61,1.6,1.62,1000000.0,1000000.0,,0,0,0,0,0,5,2026-02-04 16:26:22.084796
RTM1C52,0.26,0.26,0.28,1000000.0,1000000.0,,0,0,0,0,0,5,2026-02-04 16:26:22.084796
RTM1P52,2.33,2.31,2.33,1000000.0,1000000.0,,0,0,0,0,0,5,2026-02-04 16:26:22.084796
RTM1C53,0.18,0.17,0.19,1000000.0,1000000.0,,0,0,0,0,0,5,2026-02-04 16:26:22.084796
RTM1P53,3.23,3.22,3.24,1000000.0,1000000.0,,0,0,0,0,0,5,2026-02-04 16:26:22.084796
RTM1C54,0.07,0.06,0.08,1000000.0,1000000.0,,0,0,0,0,0,5,2026-02-04 16:26:22.084796
RTM1P54,4.12,4.11,4.13,1000000.0,1000000.0,,0,0,0,0,0,5,2026-02-04 16:26:22.084796
RTM,49.93,49.92,49.94,100000000.0,100000000.0,,0,0,0,0,0,6,2026-02-04 16:26:23.160667
RTM1C45,4.94,4.93,4.95,1000000.0,1000000.0,,0,0,0,0,0,6,2026-02-04 16:26:23.160667
RTM1P45,0.02,0.01,0.03,1000000.0,1000000.0,,0,0,0,0,0,6,2026-02-04 16:26:23.160667
RTM1C46,3.97,3.96,3.98,1000000.0,1000000.0,,0,0,0,0,0,6,2026-02-04 16:26:23.160667
RTM1P46,0.04,0.03,0.05,1000000.0,1000000.0,,0,0,0,0,0,6,2026-02-04 16:26:23.160667
RTM1C47,3.1,3.09,3.11,1000000.0,1000000.0,,0,0,0,0,0,6,2026-02-04 16:26:23.160667
RTM1P47,0.17,0.16,0.18,1000000.0,1000000.0,,0,0,0,0,0,6,2026-02-04 16:26:23.160667
RTM1C48,2.23,2.21,2.23,1000000.0,1000000.0,,0,0,0,0,0,6,2026-02-04 16:26:23.160667
RTM1P48,0.3,0.28,0.3,1000000.0,1000000.0,,0,0,0,0,0,6,2026-02-04 16:26:23.160667
RTM1C49,1.57,1.55,1.57,1000000.0,1000000.0,10.0,0,0,0,0,0,6,2026-02-04 16:26:23.160667
RTM1P49,0.63,0.63,0.64,1000000.0,1000000.0,10.0,0,0,0,0,0,6,2026-02-04 16:26:23.160667
RTM1C50,0.97,0.96,0.98,1000000.0,1000000.0,,0,0,0,0,0,6,2026-02-04 16:26:23.160667
RTM1P50,1.04,1.03,1.05,1000000.0,1000000.0,,0,0,0,0,0,6,2026-02-04 16:26:23.160667
RTM1C51,0.6,0.59,0.61,1000000.0,1000000.0,10.0,0,0,0,0,0,6,2026-02-04 16:26:23.160667
RTM1P51,1.67,1.66,1.68,1000000.0,1000000.0,,0,0,0,0,0,6,2026-02-04 16:26:23.160667
RTM1C52,0.36,0.35,0.37,1000000.0,1000000.0,,0,0,0,0,0,6,2026-02-04 16:26:23.160667
RTM1P52,2.43,2.42,2.44,1000000.0,1000000.0,,0,0,0,0,0,6,2026-02-04 16:26:23.160667
RTM1C53,0.15,0.14,0.16,1000000.0,1000000.0,,0,0,0,0,0,6,2026-02-04 16:26:23.160667
RTM1P53,3.23,3.22,3.24,1000000.0,1000000.0,,0,0,0,0,0,6,2026-02-04 16:26:23.160667
RTM1C54,0.09,0.08,0.1,1000000.0,1000000.0,,0,0,0,0,0,6,2026-02-04 16:26:23.160667
RTM1P54,4.16,4.15,4.17,1000000.0,1000000.0,,0,0,0,0,0,6,2026-02-04 16:26:23.160667
RTM,50.09,50.07,50.09,100000000.0,100000000.0,,0,0,0,0,0,7,2026-02-04 16:26:24.225345
RTM1C45,5.09,5.08,5.1,1000000.0,1000000.0,,0,0,0,0,0,7,2026-02-04 16:26:24.225345
RTM1P45,0.02,0.01,0.03,1000000.0,1000000.0,,0,0,0,0,0,7,2026-02-04 16:26:24.225345
RTM1C46,4.13,4.12,4.14,1000000.0,1000000.0,,0,0,0,0,0,7,2026-02-04 16:26:24.225345
RTM1P46,0.06,0.05,0.07,1000000.0,1000000.0,,0,0,0,0,0,7,2026-02-04 16:26:24.225345
RTM1C47,3.19,3.18,3.2,1000000.0,1000000.0,,0,0,0,0,0,7,2026-02-04 16:26:24.225345
RTM1P47,0.11,0.1,0.12,1000000.0,1000000.0,,0,0,0,0,0,7,2026-02-04 16:26:24.225345
RTM1C48,2.35,2.34,2.36,1000000.0,1000000.0,,0,0,0,0,0,7,2026-02-04 16:26:24.225345
RTM1P48,0.27,0.26,0.28,1000000.0,1000000.0,,0,0,0,0,0,7,2026-02-04 16:26:24.225345
RTM1C49,1.67,1.66,1.68,1000000.0,1000000.0,10.0,0,0,0,0,0,7,2026-02-04 16:26:24.225345
RTM1P49,0.59,0.58,0.6,1000000.0,1000000.0,,0,0,0,0,0,7,2026-02-04 16:26:24.225345
RTM1C50,1.08,1.07,1.09,1000000.0,1000000.0,,0,0,0,0,0,7,2026-02-04 16:26:24.225345
RTM1P50,1.01,1.0,1.02,1000000.0,1000000.0,,0,0,0,0,0,7,2026-02-04 16:26:24.225345
RTM1C51,0.64,0.63,0.65,1000000.0,1000000.0,20.0,0,0,0,0,0,7,2026-02-04 16:26:24.225345
RTM1P51,1.56,1.55,1.57,1000000.0,1000000.0,,0,0,0,0,0,7,2026-02-04 16:26:24.225345
RTM1C52,0.31,0.3,0.32,1000000.0,1000000.0,10.0,0,0,0,0,0,7,2026-02-04 16:26:24.225345
RTM1P52,2.22,2.22,2.24,1000000.0,1000000.0,,0,0,0,0,0,7,2026-02-04 16:26:24.225345
RTM1C53,0.15,0.14,0.16,1000000.0,1000000.0,,0,0,0,0,0,7,2026-02-04 16:26:24.225345
RTM1P53,3.07,3.06,3.08,1000000.0,1000000.0,,0,0,0,0,0,7,2026-02-04 16:26:24.225345
RTM1C54,0.09,0.08,0.1,1000000.0,1000000.0,,0,0,0,0,0,7,2026-02-04 16:26:24.225345
RTM1P54,4.01,4.0,4.02,1000000.0,1000000.0,,0,0,0,0,0,7,2026-02-04 16:26:24.225345
RTM,50.11,50.1,50.12,100000000.0,100000000.0,,0,0,0,0,0,8,2026-02-04 16:26:24.839702
RTM1C45,5.12,5.11,5.13,1000000.0,1000000.0,,0,0,0,0,0,8,2026-02-04 16:26:24.839702
RTM1P45,0.02,0.01,0.03,1000000.0,1000000.0,,0,0,0,0,0,8,2026-02-04 16:26:24.839702
RTM1C46,4.15,4.14,4.16,1000000.0,1000000.0,,0,0,0,0,0,8,2026-02-04 16:26:24.839702
RTM1P46,0.04,0.03,0.05,1000000.0,1000000.0,,0,0,0,0,0,8,2026-02-04 16:26:24.839702
RTM1C47,3.24,3.23,3.25,1000000.0,1000000.0,,0,0,0,0,0,8,2026-02-04 16:26:24.839702
RTM1P47,0.13,0.12,0.14,1000000.0,1000000.0,,0,0,0,0,0,8,2026-02-04 16:26:24.839702
RTM1C48,2.38,2.37,2.39,1000000.0,1000000.0,,0,0,0,0,0,8,2026-02-04 16:26:24.839702
RTM1P48,0.26,0.25,0.27,1000000.0,1000000.0,,0,0,0,0,0,8,2026-02-04 16:26:24.839702
RTM1C49,1.71,1.7,1.72,1000000.0,1000000.0,10.0,0,0,0,0,0,8,2026-02-04 16:26:24.839702
RTM1P49,0.6,0.59,0.61,1000000.0,1000000.0,,0,0,0,0,0,8,2026-02-04 16:26:24.839702
RTM1C50,1.13,1.12,1.14,1000000.0,1000000.0,10.0,0,0,0,0,0,8,2026-02-04 16:26:24.839702
RTM1P50,1.02,1.01,1.03,1000000.0,1000000.0,,0,0,0,0,0,8,2026-02-04 16:26:24.839702
RTM1C51,0.66,0.65,0.67,1000000.0,1000000.0,20.0,0,0,0,0,0,8,2026-02-04 16:26:24.839702
RTM1P51,1.55,1.54,1.56,1000000.0,1000000.0,,0,0,0,0,0,8,2026-02-04 16:26:24.839702
RTM1C52,0.36,0.35,0.37,1000000.0,1000000.0,10.0,0,0,0,0,0,8,2026-02-04 16:26:24.839702
RTM1P52,2.25,2.24,2.26,1000000.0,1000000.0,,0,0,0,0,0,8,2026-02-04 16:26:24.839702
RTM1C53,0.18,0.17,0.19,1000000.0,1000000.0,,0,0,0,0,0,8,2026-02-04 16:26:24.839702
RTM1P53,3.06,3.05,3.07,1000000.0,1000000.0,,0,0,0,0,0,8,2026-02-04 16:26:24.839702
RTM1C54,0.09,0.08,0.1,1000000.0,1000000.0,,0,0,0,0,0,8,2026-02-04 16:26:24.839702
RTM1P54,3.98,3.97,3.99,1000000.0,1000000.0,,0,0,0,0,0,8,2026-02-04 16:26:24.839702
RTM,50.2,50.19,50.21,100000000.0,100000000.0,,0,0,0,0,0,9,2026-02-04 16:26:25.921495
RTM1C45,5.21,5.2,5.22,1000000.0,1000000.0,,0,0,0,0,0,9,2026-02-04 16:26:25.921495
RTM1P45,0.02,0.01,0.03,1000000.0,1000000.0,,0,0,0,0,0,9,2026-02-04 16:26:25.921495
RTM1C46,4.25,4.24,4.26,1000000.0,1000000.0,,0,0,0,0,0,9,2026-02-04 16:26:25.921495
RTM1P46,0.05,0.04,0.06,1000000.0,1000000.0,,0,0,0,0,0,9,2026-02-04 16:26:25.921495
RTM1C47,3.29,3.28,3.3,1000000.0,1000000.0,,0,0,0,0,0,9,2026-02-04 16:26:25.921495
RTM1P47,0.09,0.08,0.1,1000000.0,1000000.0,,0,0,0,0,0,9,2026-02-04 16:26:25.921495
RTM1C48,2.44,2.43,2.45,1000000.0,1000000.0,,0,0,0,0,0,9,2026-02-04 16:26:25.921495
RTM1P48,0.24,0.23,0.25,1000000.0,1000000.0,,0,0,0,0,0,9,2026-02-04 16:26:25.921495
RTM1C49,1.67,1.66,1.68,1000000.0,1000000.0,10.0,0,0,0,0,0,9,2026-02-04 16:26:25.921495
RTM1P49,0.47,0.46,0.48,1000000.0,1000000.0,,0,0,0,0,0,9,2026-02-04 16:26:25.921495
RTM1C50,1.04,1.03,1.05,1000000.0,1000000.0,,0,0,0,0,0,9,2026-02-04 16:26:25.921495
RTM1P50,0.84,0.83,0.85,1000000.0,1000000.0,,0,0,0,0,0,9,2026-02-04 16:26:25.921495
RTM1C51,0.6,0.59,0.61,1000000.0,1000000.0,20.0,0,0,0,0,0,9,2026-02-04 16:26:25.921495
RTM1P51,1.4,1.39,1.41,1000000.0,1000000.0,,0,0,0,0,0,9,2026-02-04 16:26:25.921495
RTM1C52,0.36,0.34,0.36,1000000.0,1000000.0,20.0,0,0,0,0,0,9,2026-02-04 16:26:25.921495
RTM1P52,2.15,2.14,2.16,1000000.0,1000000.0,,0,0,0,0,0,9,2026-02-04 16:26:25.921495
RTM1C53,0.2,0.19,0.21,1000000.0,1000000.0,,0,0,0,0,0,9,2026-02-04 16:26:25.921495
RTM1P53,3.0,2.99,3.01,1000000.0,1000000.0,,0,0,0,0,0,9,2026-02-04 16:26:25.921495
RTM1C54,0.08,0.07,0.09,1000000.0,1000000.0,,0,0,0,0,0,9,2026-02-04 16:26:25.921495
RTM1P54,3.88,3.87,3.89,1000000.0,1000000.0,,0,0,0,0,0,9,2026-02-04 16:26:25.921495
RTM,50.22,50.21,50.23,100000000.0,100000000.0,,0,0,0,0,0,10,2026-02-04 16:26:26.989736
RTM1C45,5.23,5.22,5.24,1000000.0,1000000.0,,0,0,0,0,0,10,2026-02-04 16:26:26.989736
RTM1P45,0.02,0.01,0.03,1000000.0,1000000.0,,0,0,0,0,0,10,2026-02-04 16:26:26.989736
RTM1C46,4.25,4.24,4.26,1000000.0,1000000.0,,0,0,0,0,0,10,2026-02-04 16:26:26.989736
RTM1P46,0.03,0.02,0.04,1000000.0,1000000.0,,0,0,0,0,0,10,2026-02-04 16:26:26.989736
RTM1C47,3.31,3.3,3.32,1000000.0,1000000.0,,0,0,0,0,0,10,2026-02-04 16:26:26.989736
RTM1P47,0.09,0.08,0.1,1000000.0,1000000.0,,0,0,0,0,0,10,2026-02-04 16:26:26.989736
RTM1C48,2.42,2.41,2.43,1000000.0,1000000.0,10.0,0,0,0,0,0,10,2026-02-04 16:26:26.989736
RTM1P48,0.2,0.19,0.21,1000000.0,1000000.0,,0,0,0,0,0,10,2026-02-04 16:26:26.989736
RTM1C49,1.7,1.69,1.71,1000000.0,1000000.0,10.0,0,0,0,0,0,10,2026-02-04 16:26:26.989736
RTM1P49,0.48,0.47,0.49,1000000.0,1000000.0,,0,0,0,0,0,10,2026-02-04 16:26:26.989736
RTM1C50,1.12,1.11,1.13,1000000.0,1000000.0,,0,0,0,0,0,10,2026-02-04 16:26:26.989736
RTM1P50,0.9,0.89,0.91,1000000.0,1000000.0,,0,0,0,0,0,10,2026-02-04 16:26:26.989736
RTM1C51,0.69,0.68,0.7,1000000.0,1000000.0,20.0,0,0,0,0,0,10,2026-02-04 16:26:26.989736
RTM1P51,1.47,1.46,1.48,1000000.0,1000000.0,,0,0,0,0,0,10,2026-02-04 16:26:26.989736
RTM1C52,0.34,0.33,0.35,1000000.0,1000000.0,20.0,0,0,0,0,0,10,2026-02-04 16:26:26.989736
RTM1P52,2.12,2.11,2.13,1000000.0,1000000.0,,0,0,0,0,0,10,2026-02-04 16:26:26.989736
RTM1C53,0.15,0.14,0.16,1000000.0,1000000.0,,0,0,0,0,0,10,2026-02-04 16:26:26.989736
RTM1P53,2.93,2.92,2.94,1000000.0,1000000.0,,0,0,0,0,0,10,2026-02-04 16:26:26.989736
RTM1C54,0.09,0.08,0.1,1000000.0,1000000.0,,0,0,0,0,0,10,2026-02-04 16:26:26.989736
RTM1P54,3.87,3.86,3.88,1000000.0,1000000.0,,0,0,0,0,0,10,2026-02-04 16:26:26.989736
RTM,50.18,50.17,50.19,100000000.0,100000000.0,,0,0,0,0,0,11,2026-02-04 16:26:28.043151
RTM1C45,5.19,5.18,5.2,1000000.0,1000000.0,,0,0,0,0,0,11,2026-02-04 16:26:28.043151
RTM1P45,0.02,0.01,0.03,1000000.0,1000000.0,,0,0,0,0,0,11,2026-02-04 16:26:28.043151
RTM1C46,4.23,4.22,4.24,1000000.0,1000000.0,,0,0,0,0,0,11,2026-02-04 16:26:28.043151
RTM1P46,0.04,0.04,0.06,1000000.0,1000000.0,,0,0,0,0,0,11,2026-02-04 16:26:28.043151
RTM1C47,3.26,3.25,3.27,1000000.0,1000000.0,,0,0,0,0,0,11,2026-02-04 16:26:28.043151
RTM1P47,0.08,0.07,0.09,1000000.0,1000000.0,,0,0,0,0,0,11,2026-02-04 16:26:28.043151
RTM1C48,2.45,2.44,2.46,1000000.0,1000000.0,10.0,0,0,0,0,0,11,2026-02-04 16:26:28.043151
RTM1P48,0.27,0.26,0.28,1000000.0,1000000.0,,0,0,0,0,0,11,2026-02-04 16:26:28.043151
RTM1C49,1.7,1.69,1.71,1000000.0,1000000.0,10.0,0,0,0,0,0,11,2026-02-04 16:26:28.043151
RTM1P49,0.52,0.51,0.53,1000000.0,1000000.0,,0,0,0,0,0,11,2026-02-04 16:26:28.043151
RTM1C50,1.11,1.1,1.12,1000000.0,1000000.0,,0,0,0,0,0,11,2026-02-04 16:26:28.043151
RTM1P50,0.93,0.92,0.94,1000000.0,1000000.0,,0,0,0,0,0,11,2026-02-04 16:26:28.043151
RTM1C51,0.69,0.68,0.7,1000000.0,1000000.0,20.0,0,0,0,0,0,11,2026-02-04 16:26:28.043151
RTM1P51,1.51,1.5,1.52,1000000.0,1000000.0,,0,0,0,0,0,11,2026-02-04 16:26:28.043151
RTM1C52,0.34,0.33,0.35,1000000.0,1000000.0,20.0,0,0,0,0,0,11,2026-02-04 16:26:28.043151
RTM1P52,2.16,2.15,2.17,1000000.0,1000000.0,,0,0,0,0,0,11,2026-02-04 16:26:28.043151
RTM1C53,0.21,0.2,0.22,1000000.0,1000000.0,,0,0,0,0,0,11,2026-02-04 16:26:28.043151
RTM1P53,3.03,3.02,3.04,1000000.0,1000000.0,,0,0,0,0,0,11,2026-02-04 16:26:28.043151
RTM1C54,0.07,0.06,0.08,1000000.0,1000000.0,,0,0,0,0,0,11,2026-02-04 16:26:28.043151
RTM1P54,3.89,3.88,3.9,1000000.0,1000000.0,,0,0,0,0,0,11,2026-02-04 16:26:28.043151
RTM,50.35,50.34,50.36,100000000.0,100000000.0,,0,0,0,0,0,12,2026-02-04 16:26:29.115231
RTM1C45,5.36,5.35,5.37,1000000.0,1000000.0,,0,0,0,0,0,12,2026-02-04 16:26:29.115231
RTM1P45,0.02,0.01,0.03,1000000.0,1000000.0,,0,0,0,0,0,12,2026-02-04 16:26:29.115231
RTM1C46,4.38,4.37,4.39,1000000.0,1000000.0,,0,0,0,0,0,12,2026-02-04 16:26:29.115231
RTM1P46,0.03,0.02,0.04,1000000.0,1000000.0,,0,0,0,0,0,12,2026-02-04 16:26:29.115231
RTM1C47,3.43,3.42,3.44,1000000.0,1000000.0,,0,0,0,0,0,12,2026-02-04 16:26:29.115231
RTM1P47,0.08,0.07,0.09,1000000.0,1000000.0,,0,0,0,0,0,12,2026-02-04 16:26:29.115231
RTM1C48,2.56,2.55,2.57,1000000.0,1000000.0,20.0,0,0,0,0,0,12,2026-02-04 16:26:29.115231
RTM1P48,0.22,0.21,0.23,1000000.0,1000000.0,10.0,0,0,0,0,0,12,2026-02-04 16:26:29.115231
RTM1C49,1.74,1.73,1.75,1000000.0,1000000.0,10.0,0,0,0,0,0,12,2026-02-04 16:26:29.115231
RTM1P49,0.4,0.39,0.41,1000000.0,1000000.0,,0,0,0,0,0,12,2026-02-04 16:26:29.115231
RTM1C50,1.13,1.12,1.14,1000000.0,1000000.0,,0,0,0,0,0,12,2026-02-04 16:26:29.115231
RTM1P50,0.78,0.77,0.79,1000000.0,1000000.0,,0,0,0,0,0,12,2026-02-04 16:26:29.115231
RTM1C51,0.76,0.75,0.77,1000000.0,1000000.0,20.0,0,0,0,0,0,12,2026-02-04 16:26:29.115231
RTM1P51,1.41,1.4,1.42,1000000.0,1000000.0,,0,0,0,0,0,12,2026-02-04 16:26:29.115231
RTM1C52,0.37,0.36,0.38,1000000.0,1000000.0,20.0,0,0,0,0,0,12,2026-02-04 16:26:29.115231
RTM1P52,2.02,2.01,2.03,1000000.0,1000000.0,,0,0,0,0,0,12,2026-02-04 16:26:29.115231
RTM1C53,0.23,0.22,0.24,1000000.0,1000000.0,,0,0,0,0,0,12,2026-02-04 16:26:29.115231
RTM1P53,2.88,2.87,2.89,1000000.0,1000000.0,,0,0,0,0,0,12,2026-02-04 16:26:29.115231
RTM1C54,0.1,0.09,0.11,1000000.0,1000000.0,,0,0,0,0,0,12,2026-02-04 16:26:29.115231
RTM1P54,3.76,3.75,3.77,1000000.0,1000000.0,,0,0,0,0,0,12,2026-02-04 16:26:29.115231
RTM,50.23,50.21,50.23,100000000.0,100000000.0,,0,0,0,0,0,13,2026-02-04 16:26:30.202956
RTM1C45,5.22,5.21,5.23,1000000.0,1000000.0,,0,0,0,0,0,13,2026-02-04 16:26:30.202956
RTM1P45,0.01,0.01,0.03,1000000.0,1000000.0,,0,0,0,0,0,13,2026-02-04 16:26:30.202956
RTM1C46,4.26,4.25,4.27,1000000.0,1000000.0,,0,0,0,0,0,13,2026-02-04 16:26:30.202956
RTM1P46,0.04,0.04,0.06,1000000.0,1000000.0,,0,0,0,0,0,13,2026-02-04 16:26:30.202956
RTM1C47,3.34,3.33,3.35,1000000.0,1000000.0,,0,0,0,0,0,13,2026-02-04 16:26:30.202956
RTM1P47,0.12,0.11,0.13,1000000.0,1000000.0,,0,0,0,0,0,13,2026-02-04 16:26:30.202956
RTM1C48,2.47,2.46,2.48,1000000.0,1000000.0,20.0,0,0,0,0,0,13,2026-02-04 16:26:30.202956
RTM1P48,0.26,0.25,0.27,1000000.0,1000000.0,10.0,0,0,0,0,0,13,2026-02-04 16:26:30.202956
RTM1C49,1.73,1.72,1.74,1000000.0,1000000.0,10.0,0,0,0,0,0,13,2026-02-04 16:26:30.202956
RTM1P49,0.51,0.5,0.52,1000000.0,1000000.0,,0,0,0,0,0,13,2026-02-04 16:26:30.202956
RTM1C50,1.05,1.04,1.06,1000000.0,1000000.0,,0,0,0,0,0,13,2026-02-04 16:26:30.202956
RTM1P50,0.83,0.82,0.84,1000000.0,1000000.0,,0,0,0,0,0,13,2026-02-04 16:26:30.202956
RTM1C51,0.61,0.59,0.61,1000000.0,1000000.0,20.0,0,0,0,0,0,13,2026-02-04 16:26:30.202956
RTM1P51,1.39,1.37,1.39,1000000.0,1000000.0,,0,0,0,0,0,13,2026-02-04 16:26:30.202956
RTM1C52,0.37,0.35,0.37,1000000.0,1000000.0,20.0,0,0,0,0,0,13,2026-02-04 16:26:30.202956
RTM1P52,2.15,2.14,2.16,1000000.0,1000000.0,,0,0,0,0,0,13,2026-02-04 16:26:30.202956
RTM1C53,0.19,0.18,0.2,1000000.0,1000000.0,,0,0,0,0,0,13,2026-02-04 16:26:30.202956
RTM1P53,2.98,2.97,2.99,1000000.0,1000000.0,,0,0,0,0,0,13,2026-02-04 16:26:30.202956
RTM1C54,0.09,0.09,0.11,1000000.0,1000000.0,,0,0,0,0,0,13,2026-02-04 16:26:30.202956
RTM1P54,3.88,3.87,3.89,1000000.0,1000000.0,,0,0,0,0,0,13,2026-02-04 16:26:30.202956
RTM,50.33,50.31,50.33,100000000.0,100000000.0,,0,0,0,0,0,14,2026-02-04 16:26:31.268977
RTM1C45,5.33,5.32,5.34,1000000.0,1000000.0,,0,0,0,0,0,14,2026-02-04 16:26:31.268977
RTM1P45,0.02,0.01,0.03,1000000.0,1000000.0,,0,0,0,0,0,14,2026-02-04 16:26:31.268977
RTM1C46,4.35,4.34,4.36,1000000.0,1000000.0,,0,0,0,0,0,14,2026-02-04 16:26:31.268977
RTM1P46,0.03,0.02,0.04,1000000.0,1000000.0,,0,0,0,0,0,14,2026-02-04 16:26:31.268977
RTM1C47,3.4,3.39,3.41,1000000.0,1000000.0,,0,0,0,0,0,14,2026-02-04 16:26:31.268977
RTM1P47,0.08,0.07,0.09,1000000.0,1000000.0,,0,0,0,0,0,14,2026-02-04 16:26:31.268977
RTM1C48,2.54,2.53,2.55,1000000.0,1000000.0,20.0,0,0,0,0,0,14,2026-02-04 16:26:31.268977
RTM1P48,0.22,0.21,0.23,1000000.0,1000000.0,10.0,0,0,0,0,0,14,2026-02-04 16:26:31.268977
RTM1C49,1.79,1.79,1.81,1000000.0,1000000.0,10.0,0,0,0,0,0,14,2026-02-04 16:26:31.268977
RTM1P49,0.47,0.47,0.49,1000000.0,1000000.0,10.0,0,0,0,0,0,14,2026-02-04 16:26:31.268977
RTM1C50,1.09,1.08,1.1,1000000.0,1000000.0,,0,0,0,0,0,14,2026-02-04 16:26:31.268977
RTM1P50,0.77,0.76,0.78,1000000.0,1000000.0,,0,0,0,0,0,14,2026-02-04 16:26:31.268977
RTM1C51,0.68,0.66,0.68,1000000.0,1000000.0,20.0,0,0,0,0,0,14,2026-02-04 16:26:31.268977
RTM1P51,1.36,1.34,1.36,1000000.0,1000000.0,,0,0,0,0,0,14,2026-02-04 16:26:31.268977
RTM1C52,0.34,0.32,0.34,1000000.0,1000000.0,20.0,0,0,0,0,0,14,2026-02-04 16:26:31.268977
RTM1P52,2.02,2.0,2.02,1000000.0,1000000.0,,0,0,0,0,0,14,2026-02-04 16:26:31.268977
RTM1C53,0.17,0.16,0.18,1000000.0,1000000.0,,0,0,0,0,0,14,2026-02-04 16:26:31.268977
RTM1P53,2.85,2.84,2.86,1000000.0,1000000.0,,0,0,0,0,0,14,2026-02-04 16:26:31.268977
RTM1C54,0.08,0.07,0.09,1000000.0,1000000.0,,0,0,0,0,0,14,2026-02-04 16:26:31.268977
RTM1P54,3.76,3.75,3.77,1000000.0,1000000.0,,0,0,0,0,0,14,2026-02-04 16:26:31.268977
RTM,50.22,50.21,50.23,100000000.0,100000000.0,,0,0,0,0,0,15,2026-02-04 16:26:31.916940
RTM1C45,5.23,5.22,5.24,1000000.0,1000000.0,,0,0,0,0,0,15,2026-02-04 16:26:31.916940
RTM1P45,0.02,0.01,0.03,1000000.0,1000000.0,,0,0,0,0,0,15,2026-02-04 16:26:31.916940
RTM1C46,4.26,4.25,4.27,1000000.0,1000000.0,,0,0,0,0,0,15,2026-02-04 16:26:31.916940
RTM1P46,0.04,0.03,0.05,1000000.0,1000000.0,,0,0,0,0,0,15,2026-02-04 16:26:31.916940
RTM1C47,3.31,3.3,3.32,1000000.0,1000000.0,,0,0,0,0,0,15,2026-02-04 16:26:31.916940
RTM1P47,0.09,0.08,0.1,1000000.0,1000000.0,,0,0,0,0,0,15,2026-02-04 16:26:31.916940
RTM1C48,2.46,2.45,2.47,1000000.0,1000000.0,20.0,0,0,0,0,0,15,2026-02-04 16:26:31.916940
RTM1P48,0.25,0.24,0.26,1000000.0,1000000.0,10.0,0,0,0,0,0,15,2026-02-04 16:26:31.916940
RTM1C49,1.64,1.63,1.65,1000000.0,1000000.0,10.0,0,0,0,0,0,15,2026-02-04 16:26:31.916940
RTM1P49,0.43,0.42,0.44,1000000.0,1000000.0,10.0,0,0,0,0,0,15,2026-02-04 16:26:31.916940
RTM1C50,1.09,1.08,1.1,1000000.0,1000000.0,,0,0,0,0,0,15,2026-02-04 16:26:31.916940
RTM1P50,0.87,0.86,0.88,1000000.0,1000000.0,,0,0,0,0,0,15,2026-02-04 16:26:31.916940
RTM1C51,0.66,0.65,0.67,1000000.0,1000000.0,20.0,0,0,0,0,0,15,2026-02-04 16:26:31.916940
RTM1P51,1.44,1.43,1.45,1000000.0,1000000.0,,0,0,0,0,0,15,2026-02-04 16:26:31.916940
RTM1C52,0.31,0.3,0.32,1000000.0,1000000.0,10.0,0,0,0,0,0,15,2026-02-04 16:26:31.916940
RTM1P52,2.1,2.09,2.11,1000000.0,1000000.0,,0,0,0,0,0,15,2026-02-04 16:26:31.916940
RTM1C53,0.18,0.17,0.19,1000000.0,1000000.0,,0,0,0,0,0,15,2026-02-04 16:26:31.916940
RTM1P53,2.96,2.95,2.97,1000000.0,1000000.0,,0,0,0,0,0,15,2026-02-04 16:26:31.916940
RTM1C54,0.08,0.07,0.09,1000000.0,1000000.0,,0,0,0,0,0,15,2026-02-04 16:26:31.916940
RTM1P54,3.86,3.85,3.87,1000000.0,1000000.0,,0,0,0,0,0,15,2026-02-04 16:26:31.916940
RTM,50.26,50.25,50.27,100000000.0,100000000.0,,0,0,0,0,0,16,2026-02-04 16:26:33.008662
RTM1C45,5.27,5.26,5.28,1000000.0,1000000.0,,0,0,0,0,0,16,2026-02-04 16:26:33.008662
RTM1P45,0.02,0.01,0.03,1000000.0,1000000.0,,0,0,0,0,0,16,2026-02-04 16:26:33.008662
RTM1C46,4.3,4.29,4.31,1000000.0,1000000.0,,0,0,0,0,0,16,2026-02-04 16:26:33.008662
RTM1P46,0.04,0.03,0.05,1000000.0,1000000.0,,0,0,0,0,0,16,2026-02-04 16:26:33.008662
RTM1C47,3.37,3.36,3.38,1000000.0,1000000.0,,0,0,0,0,0,16,2026-02-04 16:26:33.008662
RTM1P47,0.11,0.1,0.12,1000000.0,1000000.0,,0,0,0,0,0,16,2026-02-04 16:26:33.008662
RTM1C48,2.45,2.44,2.46,1000000.0,1000000.0,20.0,0,0,0,0,0,16,2026-02-04 16:26:33.008662
RTM1P48,0.19,0.18,0.2,1000000.0,1000000.0,,0,0,0,0,0,16,2026-02-04 16:26:33.008662
RTM1C49,1.71,1.7,1.72,1000000.0,1000000.0,10.0,0,0,0,0,0,16,2026-02-04 16:26:33.008662
RTM1P49,0.45,0.44,0.46,1000000.0,1000000.0,10.0,0,0,0,0,0,16,2026-02-04 16:26:33.008662
RTM1C50,1.06,1.05,1.07,1000000.0,1000000.0,,0,0,0,0,0,16,2026-02-04 16:26:33.008662
RTM1P50,0.8,0.79,0.81,1000000.0,1000000.0,10.0,0,0,0,0,0,16,2026-02-04 16:26:33.008662
RTM1C51,0.67,0.66,0.68,1000000.0,1000000.0,20.0,0,0,0,0,0,16,2026-02-04 16:26:33.008662
RTM1P51,1.42,1.41,1.43,1000000.0,1000000.0,10.0,0,0,0,0,0,16,2026-02-04 16:26:33.008662
RTM1C52,0.33,0.32,0.34,1000000.0,1000000.0,10.0,0,0,0,0,0,16,2026-02-04 16:26:33.008662
RTM1P52,2.07,2.06,2.08,1000000.0,1000000.0,10.0,0,0,0,0,0,16,2026-02-04 16:26:33.008662
RTM1C53,0.2,0.19,0.21,1000000.0,1000000.0,,0,0,0,0,0,16,2026-02-04 16:26:33.008662
RTM1P53,2.94,2.93,2.95,1000000.0,1000000.0,,0,0,0,0,0,16,2026-02-04 16:26:33.008662
RTM1C54,0.06,0.05,0.07,1000000.0,1000000.0,,0,0,0,0,0,16,2026-02-04 16:26:33.008662
RTM1P54,3.8,3.79,3.81,1000000.0,1000000.0,,0,0,0,0,0,16,2026-02-04 16:26:33.008662
RTM,50.1,50.08,50.1,100000000.0,100000000.0,,0,0,0,0,0,17,2026-02-04 16:26:34.124510
RTM1C45,5.1,5.09,5.11,1000000.0,1000000.0,,0,0,0,0,0,17,2026-02-04 16:26:34.124510
RTM1P45,0.02,0.01,0.03,1000000.0,1000000.0,,0,0,0,0,0,17,2026-02-04 16:26:34.124510
RTM1C46,4.12,4.11,4.13,1000000.0,1000000.0,,0,0,0,0,0,17,2026-02-04 16:26:34.124510
RTM1P46,0.03,0.02,0.04,1000000.0,1000000.0,,0,0,0,0,0,17,2026-02-04 16:26:34.124510
RTM1C47,3.17,3.16,3.18,1000000.0,1000000.0,,0,0,0,0,0,17,2026-02-04 16:26:34.124510
RTM1P47,0.08,0.07,0.09,1000000.0,1000000.0,,0,0,0,0,0,17,2026-02-04 16:26:34.124510
RTM1C48,2.34,2.33,2.35,1000000.0,1000000.0,,0,0,0,0,0,17,2026-02-04 16:26:34.124510
RTM1P48,0.25,0.24,0.26,1000000.0,1000000.0,,0,0,0,0,0,17,2026-02-04 16:26:34.124510
RTM1C49,1.54,1.53,1.55,1000000.0,1000000.0,,0,0,0,0,0,17,2026-02-04 16:26:34.124510
RTM1P49,0.45,0.44,0.46,1000000.0,1000000.0,10.0,0,0,0,0,0,17,2026-02-04 16:26:34.124510
RTM1C50,0.98,0.97,0.99,1000000.0,1000000.0,,0,0,0,0,0,17,2026-02-04 16:26:34.124510
RTM1P50,0.89,0.88,0.9,1000000.0,1000000.0,10.0,0,0,0,0,0,17,2026-02-04 16:26:34.124510
RTM1C51,0.62,0.62,0.64,1000000.0,1000000.0,20.0,0,0,0,0,0,17,2026-02-04 16:26:34.124510
RTM1P51,1.52,1.52,1.54,1000000.0,1000000.0,10.0,0,0,0,0,0,17,2026-02-04 16:26:34.124510
RTM1C52,0.27,0.26,0.28,1000000.0,1000000.0,,0,0,0,0,0,17,2026-02-04 16:26:34.124510
RTM1P52,2.17,2.16,2.18,1000000.0,1000000.0,10.0,0,0,0,0,0,17,2026-02-04 16:26:34.124510
RTM1C53,0.18,0.17,0.19,1000000.0,1000000.0,,0,0,0,0,0,17,2026-02-04 16:26:34.124510
RTM1P53,3.08,3.07,3.09,1000000.0,1000000.0,,0,0,0,0,0,17,2026-02-04 16:26:34.124510
RTM1C54,0.06,0.05,0.07,1000000.0,1000000.0,,0,0,0,0,0,17,2026-02-04 16:26:34.124510
RTM1P54,3.96,3.95,3.97,1000000.0,1000000.0,,0,0,0,0,0,17,2026-02-04 16:26:34.124510
RTM,50.06,50.06,50.08,100000000.0,100000000.0,,0,0,0,0,0,18,2026-02-04 16:26:35.241749
RTM1C45,5.07,5.06,5.08,1000000.0,1000000.0,,0,0,0,0,0,18,2026-02-04 16:26:35.241749
RTM1P45,0.02,0.01,0.03,1000000.0,1000000.0,,0,0,0,0,0,18,2026-02-04 16:26:35.241749
RTM1C46,4.1,4.09,4.11,1000000.0,1000000.0,,0,0,0,0,0,18,2026-02-04 16:26:35.241749
RTM1P46,0.03,0.02,0.04,1000000.0,1000000.0,,0,0,0,0,0,18,2026-02-04 16:26:35.241749
RTM1C47,3.15,3.14,3.16,1000000.0,1000000.0,,0,0,0,0,0,18,2026-02-04 16:26:35.241749
RTM1P47,0.08,0.07,0.09,1000000.0,1000000.0,,0,0,0,0,0,18,2026-02-04 16:26:35.241749
RTM1C48,2.28,2.27,2.29,1000000.0,1000000.0,,0,0,0,0,0,18,2026-02-04 16:26:35.241749
RTM1P48,0.22,0.21,0.23,1000000.0,1000000.0,,0,0,0,0,0,18,2026-02-04 16:26:35.241749
RTM1C49,1.59,1.58,1.6,1000000.0,1000000.0,,0,0,0,0,0,18,2026-02-04 16:26:35.241749
RTM1P49,0.53,0.52,0.54,1000000.0,1000000.0,10.0,0,0,0,0,0,18,2026-02-04 16:26:35.241749
RTM1C50,0.93,0.92,0.94,1000000.0,1000000.0,,0,0,0,0,0,18,2026-02-04 16:26:35.241749
RTM1P50,0.88,0.86,0.88,1000000.0,1000000.0,10.0,0,0,0,0,0,18,2026-02-04 16:26:35.241749
RTM1C51,0.52,0.5,0.52,1000000.0,1000000.0,,0,0,0,0,0,18,2026-02-04 16:26:35.241749
RTM1P51,1.46,1.44,1.46,1000000.0,1000000.0,10.0,0,0,0,0,0,18,2026-02-04 16:26:35.241749
RTM1C52,0.3,0.29,0.31,1000000.0,1000000.0,,0,0,0,0,0,18,2026-02-04 16:26:35.241749
RTM1P52,2.24,2.23,2.25,1000000.0,1000000.0,10.0,0,0,0,0,0,18,2026-02-04 16:26:35.241749
RTM1C53,0.16,0.15,0.17,1000000.0,1000000.0,,0,0,0,0,0,18,2026-02-04 16:26:35.241749
RTM1P53,3.1,3.09,3.11,1000000.0,1000000.0,,0,0,0,0,0,18,2026-02-04 16:26:35.241749
RTM1C54,0.06,0.05,0.07,1000000.0,1000000.0,,0,0,0,0,0,18,2026-02-04 16:26:35.241749
RTM1P54,3.99,3.98,4.0,1000000.0,1000000.0,,0,0,0,0,0,18,2026-02-04 16:26:35.241749
RTM,49.98,49.98,50.0,100000000.0,100000000.0,,0,0,0,0,0,19,2026-02-04 16:26:36.306230
RTM1C45,5.0,4.99,5.01,1000000.0,1000000.0,,0,0,0,0,0,19,2026-02-04 16:26:36.306230
RTM1P45,0.02,0.01,0.03,1000000.0,1000000.0,,0,0,0,0,0,19,2026-02-04 16:26:36.306230
RTM1C46,4.03,4.02,4.04,1000000.0,1000000.0,,0,0,0,0,0,19,2026-02-04 16:26:36.306230
RTM1P46,0.04,0.03,0.05,1000000.0,1000000.0,,0,0,0,0,0,19,2026-02-04 16:26:36.306230
RTM1C47,3.1,3.09,3.11,1000000.0,1000000.0,,0,0,0,0,0,19,2026-02-04 16:26:36.306230
RTM1P47,0.11,0.1,0.12,1000000.0,1000000.0,,0,0,0,0,0,19,2026-02-04 16:26:36.306230
RTM1C48,2.24,2.23,2.25,1000000.0,1000000.0,,0,0,0,0,0,19,2026-02-04 16:26:36.306230
RTM1P48,0.25,0.24,0.26,1000000.0,1000000.0,,0,0,0,0,0,19,2026-02-04 16:26:36.306230
RTM1C49,1.53,1.52,1.54,1000000.0,1000000.0,,0,0,0,0,0,19,2026-02-04 16:26:36.306230
RTM1P49,0.54,0.53,0.55,1000000.0,1000000.0,10.0,0,0,0,0,0,19,2026-02-04 16:26:36.306230
RTM1C50,0.96,0.96,0.98,1000000.0,1000000.0,,0,0,0,0,0,19,2026-02-04 16:26:36.306230
RTM1P50,0.97,0.97,0.99,1000000.0,1000000.0,10.0,0,0,0,0,0,19,2026-02-04 16:26:36.306230
RTM1C51,0.57,0.57,0.59,1000000.0,1000000.0,,0,0,0,0,0,19,2026-02-04 16:26:36.306230
RTM1P51,1.59,1.58,1.6,1000000.0,1000000.0,10.0,0,0,0,0,0,19,2026-02-04 16:26:36.306230
RTM1C52,0.31,0.3,0.32,1000000.0,1000000.0,,0,0,0,0,0,19,2026-02-04 16:26:36.306230
RTM1P52,2.32,2.31,2.33,1000000.0,1000000.0,10.0,0,0,0,0,0,19,2026-02-04 16:26:36.306230
RTM1C53,0.14,0.13,0.15,1000000.0,1000000.0,,0,0,0,0,0,19,2026-02-04 16:26:36.306230
RTM1P53,3.15,3.14,3.16,1000000.0,1000000.0,,0,0,0,0,0,19,2026-02-04 16:26:36.306230
RTM1C54,0.04,0.03,0.05,1000000.0,1000000.0,,0,0,0,0,0,19,2026-02-04 16:26:36.306230
RTM1P54,4.05,4.04,4.06,1000000.0,1000000.0,,0,0,0,0,0,19,2026-02-04 16:26:36.306230
RTM,49.99,49.98,50.0,100000000.0,100000000.0,,0,0,0,0,0,20,2026-02-04 16:26:36.953858
RTM1C45,4.99,4.98,5.0,1000000.0,1000000.0,,0,0,0,0,0,20,2026-02-04 16:26:36.953858
RTM1P45,0.02,0.01,0.03,1000000.0,1000000.0,,0,0,0,0,0,20,2026-02-04 16:26:36.953858
RTM1C46,4.02,4.01,4.03,1000000.0,1000000.0,,0,0,0,0,0,20,2026-02-04 16:26:36.953858
RTM1P46,0.04,0.03,0.05,1000000.0,1000000.0,,0,0,0,0,0,20,2026-02-04 16:26:36.953858
RTM1C47,3.1,3.09,3.11,1000000.0,1000000.0,,0,0,0,0,0,20,2026-02-04 16:26:36.953858
RTM1P47,0.11,0.1,0.12,1000000.0,1000000.0,,0,0,0,0,0,20,2026-02-04 16:26:36.953858
RTM1C48,2.23,2.22,2.24,1000000.0,1000000.0,,0,0,0,0,0,20,2026-02-04 16:26:36.953858
RTM1P48,0.24,0.23,0.25,1000000.0,1000000.0,,0,0,0,0,0,20,2026-02-04 16:26:36.953858
RTM1C49,1.51,1.5,1.52,1000000.0,1000000.0,,0,0,0,0,0,20,2026-02-04 16:26:36.953858
RTM1P49,0.53,0.52,0.54,1000000.0,1000000.0,10.0,0,0,0,0,0,20,2026-02-04 16:26:36.953858
RTM1C50,0.96,0.95,0.97,1000000.0,1000000.0,,0,0,0,0,0,20,2026-02-04 16:26:36.953858
RTM1P50,0.97,0.96,0.98,1000000.0,1000000.0,10.0,0,0,0,0,0,20,2026-02-04 16:26:36.953858
RTM1C51,0.5,0.49,0.51,1000000.0,1000000.0,,0,0,0,0,0,20,2026-02-04 16:26:36.953858
RTM1P51,1.51,1.5,1.52,1000000.0,1000000.0,10.0,0,0,0,0,0,20,2026-02-04 16:26:36.953858
RTM1C52,0.3,0.29,0.31,1000000.0,1000000.0,,0,0,0,0,0,20,2026-02-04 16:26:36.953858
RTM1P52,2.32,2.31,2.33,1000000.0,1000000.0,10.0,0,0,0,0,0,20,2026-02-04 16:26:36.953858
RTM1C53,0.1,0.09,0.11,1000000.0,1000000.0,,0,0,0,0,0,20,2026-02-04 16:26:36.953858
RTM1P53,3.12,3.11,3.13,1000000.0,1000000.0,,0,0,0,0,0,20,2026-02-04 16:26:36.953858
RTM1C54,0.04,0.03,0.05,1000000.0,1000000.0,,0,0,0,0,0,20,2026-02-04 16:26:36.953858
RTM1P54,4.05,4.04,4.06,1000000.0,1000000.0,,0,0,0,0,0,20,2026-02-04 16:26:36.953858
RTM,49.86,49.85,49.87,100000000.0,100000000.0,,0,0,0,0,0,21,2026-02-04 16:26:38.048332
RTM1C45,4.87,4.86,4.88,1000000.0,1000000.0,,0,0,0,0,0,21,2026-02-04 16:26:38.048332
RTM1P45,0.02,0.01,0.03,1000000.0,1000000.0,,0,0,0,0,0,21,2026-02-04 16:26:38.048332
RTM1C46,3.89,3.88,3.9,1000000.0,1000000.0,,0,0,0,0,0,21,2026-02-04 16:26:38.048332
RTM1P46,0.03,0.02,0.04,1000000.0,1000000.0,,0,0,0,0,0,21,2026-02-04 16:26:38.048332
RTM1C47,2.97,2.96,2.98,1000000.0,1000000.0,,0,0,0,0,0,21,2026-02-04 16:26:38.048332
RTM1P47,0.11,0.1,0.12,1000000.0,1000000.0,,0,0,0,0,0,21,2026-02-04 16:26:38.048332
RTM1C48,2.12,2.11,2.13,1000000.0,1000000.0,,0,0,0,0,0,21,2026-02-04 16:26:38.048332
RTM1P48,0.25,0.24,0.26,1000000.0,1000000.0,,0,0,0,0,0,21,2026-02-04 16:26:38.048332
RTM1C49,1.45,1.44,1.46,1000000.0,1000000.0,,0,0,0,0,0,21,2026-02-04 16:26:38.048332
RTM1P49,0.59,0.58,0.6,1000000.0,1000000.0,10.0,0,0,0,0,0,21,2026-02-04 16:26:38.048332
RTM1C50,0.88,0.87,0.89,1000000.0,1000000.0,,0,0,0,0,0,21,2026-02-04 16:26:38.048332
RTM1P50,1.02,1.01,1.03,1000000.0,1000000.0,10.0,0,0,0,0,0,21,2026-02-04 16:26:38.048332
RTM1C51,0.49,0.48,0.5,1000000.0,1000000.0,,0,0,0,0,0,21,2026-02-04 16:26:38.048332
RTM1P51,1.63,1.62,1.64,1000000.0,1000000.0,10.0,0,0,0,0,0,21,2026-02-04 16:26:38.048332
RTM1C52,0.25,0.24,0.26,1000000.0,1000000.0,,0,0,0,0,0,21,2026-02-04 16:26:38.048332
RTM1P52,2.39,2.38,2.4,1000000.0,1000000.0,10.0,0,0,0,0,0,21,2026-02-04 16:26:38.048332
RTM1C53,0.11,0.1,0.12,1000000.0,1000000.0,,0,0,0,0,0,21,2026-02-04 16:26:38.048332
RTM1P53,3.25,3.24,3.26,1000000.0,1000000.0,,0,0,0,0,0,21,2026-02-04 16:26:38.048332
RTM1C54,0.05,0.04,0.06,1000000.0,1000000.0,,0,0,0,0,0,21,2026-02-04 16:26:38.048332
RTM1P54,4.19,4.18,4.2,1000000.0,1000000.0,,0,0,0,0,0,21,2026-02-04 16:26:38.048332
RTM,49.94,49.93,49.95,100000000.0,100000000.0,,0,0,0,0,0,22,2026-02-04 16:26:39.124454
RTM1C45,4.95,4.94,4.96,1000000.0,1000000.0,,0,0,0,0,0,22,2026-02-04 16:26:39.124454
RTM1P45,0.02,0.01,0.03,1000000.0,1000000.0,,0,0,0,0,0,22,2026-02-04 16:26:39.124454
RTM1C46,3.98,3.97,3.99,1000000.0,1000000.0,,0,0,0,0,0,22,2026-02-04 16:26:39.124454
RTM1P46,0.03,0.02,0.04,1000000.0,1000000.0,,0,0,0,0,0,22,2026-02-04 16:26:39.124454
RTM1C47,3.06,3.05,3.07,1000000.0,1000000.0,,0,0,0,0,0,22,2026-02-04 16:26:39.124454
RTM1P47,0.12,0.11,0.13,1000000.0,1000000.0,,0,0,0,0,0,22,2026-02-04 16:26:39.124454
RTM1C48,2.22,2.21,2.23,1000000.0,1000000.0,,0,0,0,0,0,22,2026-02-04 16:26:39.124454
RTM1P48,0.28,0.27,0.29,1000000.0,1000000.0,,0,0,0,0,0,22,2026-02-04 16:26:39.124454
RTM1C49,1.46,1.45,1.47,1000000.0,1000000.0,,0,0,0,0,0,22,2026-02-04 16:26:39.124454
RTM1P49,0.52,0.51,0.53,1000000.0,1000000.0,10.0,0,0,0,0,0,22,2026-02-04 16:26:39.124454
RTM1C50,0.9,0.89,0.91,1000000.0,1000000.0,,0,0,0,0,0,22,2026-02-04 16:26:39.124454
RTM1P50,0.96,0.95,0.97,1000000.0,1000000.0,10.0,0,0,0,0,0,22,2026-02-04 16:26:39.124454
RTM1C51,0.48,0.47,0.49,1000000.0,1000000.0,,0,0,0,0,0,22,2026-02-04 16:26:39.124454
RTM1P51,1.54,1.53,1.55,1000000.0,1000000.0,10.0,0,0,0,0,0,22,2026-02-04 16:26:39.124454
RTM1C52,0.3,0.29,0.31,1000000.0,1000000.0,,0,0,0,0,0,22,2026-02-04 16:26:39.124454
RTM1P52,2.36,2.35,2.37,1000000.0,1000000.0,10.0,0,0,0,0,0,22,2026-02-04 16:26:39.124454
RTM1C53,0.13,0.12,0.14,1000000.0,1000000.0,,0,0,0,0,0,22,2026-02-04 16:26:39.124454
RTM1P53,3.19,3.18,3.2,1000000.0,1000000.0,,0,0,0,0,0,22,2026-02-04 16:26:39.124454
RTM1C54,0.03,0.02,0.04,1000000.0,1000000.0,,0,0,0,0,0,22,2026-02-04 16:26:39.124454
RTM1P54,4.09,4.08,4.1,1000000.0,1000000.0,,0,0,0,0,0,22,2026-02-04 16:26:39.124454
RTM,49.86,49.85,49.87,100000000.0,100000000.0,,0,0,0,0,0,23,2026-02-04 16:26:40.199273
RTM1C45,4.88,4.87,4.89,1000000.0,1000000.0,,0,0,0,0,0,23,2026-02-04 16:26:40.199273
RTM1P45,0.02,0.01,0.03,1000000.0,1000000.0,,0,0,0,0,0,23,2026-02-04 16:26:40.199273
RTM1C46,3.91,3.9,3.92,1000000.0,1000000.0,,0,0,0,0,0,23,2026-02-04 16:26:40.199273
RTM1P46,0.05,0.04,0.06,1000000.0,1000000.0,,0,0,0,0,0,23,2026-02-04 16:26:40.199273
RTM1C47,2.96,2.95,2.97,1000000.0,1000000.0,,0,0,0,0,0,23,2026-02-04 16:26:40.199273
RTM1P47,0.1,0.09,0.11,1000000.0,1000000.0,,0,0,0,0,0,23,2026-02-04 16:26:40.199273
RTM1C48,2.16,2.15,2.17,1000000.0,1000000.0,,0,0,0,0,0,23,2026-02-04 16:26:40.199273
RTM1P48,0.29,0.28,0.3,1000000.0,1000000.0,,0,0,0,0,0,23,2026-02-04 16:26:40.199273
RTM1C49,1.44,1.43,1.45,1000000.0,1000000.0,,0,0,0,0,0,23,2026-02-04 16:26:40.199273
RTM1P49,0.58,0.57,0.59,1000000.0,1000000.0,10.0,0,0,0,0,0,23,2026-02-04 16:26:40.199273
RTM1C50,0.84,0.83,0.85,1000000.0,1000000.0,,0,0,0,0,0,23,2026-02-04 16:26:40.199273
RTM1P50,0.98,0.97,0.99,1000000.0,1000000.0,10.0,0,0,0,0,0,23,2026-02-04 16:26:40.199273
RTM1C51,0.45,0.44,0.46,1000000.0,1000000.0,,0,0,0,0,0,23,2026-02-04 16:26:40.199273
RTM1P51,1.58,1.57,1.59,1000000.0,1000000.0,10.0,0,0,0,0,0,23,2026-02-04 16:26:40.199273
RTM1C52,0.23,0.22,0.24,1000000.0,1000000.0,,0,0,0,0,0,23,2026-02-04 16:26:40.199273
RTM1P52,2.37,2.36,2.38,1000000.0,1000000.0,10.0,0,0,0,0,0,23,2026-02-04 16:26:40.199273
RTM1C53,0.11,0.1,0.12,1000000.0,1000000.0,,0,0,0,0,0,23,2026-02-04 16:26:40.199273
RTM1P53,3.25,3.24,3.26,1000000.0,1000000.0,,0,0,0,0,0,23,2026-02-04 16:26:40.199273
RTM1C54,0.03,0.02,0.04,1000000.0,1000000.0,,0,0,0,0,0,23,2026-02-04 16:26:40.199273
RTM1P54,4.17,4.16,4.18,1000000.0,1000000.0,,0,0,0,0,0,23,2026-02-04 16:26:40.199273
RTM,49.86,49.84,49.86,100000000.0,100000000.0,,0,0,0,0,0,24,2026-02-04 16:26:41.296286
RTM1C45,4.86,4.85,4.87,1000000.0,1000000.0,,0,0,0,0,0,24,2026-02-04 16:26:41.296286
RTM1P45,0.02,0.01,0.03,1000000.0,1000000.0,,0,0,0,0,0,24,2026-02-04 16:26:41.296286
RTM1C46,3.9,3.89,3.91,1000000.0,1000000.0,,0,0,0,0,0,24,2026-02-04 16:26:41.296286
RTM1P46,0.05,0.04,0.06,1000000.0,1000000.0,,0,0,0,0,0,24,2026-02-04 16:26:41.296286
RTM1C47,2.97,2.96,2.98,1000000.0,1000000.0,,0,0,0,0,0,24,2026-02-04 16:26:41.296286
RTM1P47,0.12,0.11,0.13,1000000.0,1000000.0,,0,0,0,0,0,24,2026-02-04 16:26:41.296286
RTM1C48,2.11,2.1,2.12,1000000.0,1000000.0,,0,0,0,0,0,24,2026-02-04 16:26:41.296286
RTM1P48,0.26,0.25,0.27,1000000.0,1000000.0,,0,0,0,0,0,24,2026-02-04 16:26:41.296286
RTM1C49,1.4,1.39,1.41,1000000.0,1000000.0,,0,0,0,0,0,24,2026-02-04 16:26:41.296286
RTM1P49,0.55,0.54,0.56,1000000.0,1000000.0,10.0,0,0,0,0,0,24,2026-02-04 16:26:41.296286
RTM1C50,0.88,0.88,0.9,1000000.0,1000000.0,,0,0,0,0,0,24,2026-02-04 16:26:41.296286
RTM1P50,1.03,1.03,1.05,1000000.0,1000000.0,10.0,0,0,0,0,0,24,2026-02-04 16:26:41.296286
RTM1C51,0.44,0.43,0.45,1000000.0,1000000.0,,0,0,0,0,0,24,2026-02-04 16:26:41.296286
RTM1P51,1.59,1.58,1.6,1000000.0,1000000.0,10.0,0,0,0,0,0,24,2026-02-04 16:26:41.296286
RTM1C52,0.26,0.25,0.27,1000000.0,1000000.0,,0,0,0,0,0,24,2026-02-04 16:26:41.296286
RTM1P52,2.41,2.4,2.42,1000000.0,1000000.0,10.0,0,0,0,0,0,24,2026-02-04 16:26:41.296286
RTM1C53,0.12,0.11,0.13,1000000.0,1000000.0,,0,0,0,0,0,24,2026-02-04 16:26:41.296286
RTM1P53,3.27,3.26,3.28,1000000.0,1000000.0,,0,0,0,0,0,24,2026-02-04 16:26:41.296286
RTM1C54,0.04,0.03,0.05,1000000.0,1000000.0,,0,0,0,0,0,24,2026-02-04 16:26:41.296286
RTM1P54,4.19,4.18,4.2,1000000.0,1000000.0,,0,0,0,0,0,24,2026-02-04 16:26:41.296286
RTM,49.84,49.83,49.85,100000000.0,100000000.0,,0,0,0,0,0,25,2026-02-04 16:26:41.892196
RTM1C45,4.85,4.84,4.86,1000000.0,1000000.0,,0,0,0,0,0,25,2026-02-04 16:26:41.892196
RTM1P45,0.02,0.01,0.03,1000000.0,1000000.0,,0,0,0,0,0,25,2026-02-04 16:26:41.892196
RTM1C46,3.88,3.87,3.89,1000000.0,1000000.0,,0,0,0,0,0,25,2026-02-04 16:26:41.892196
RTM1P46,0.04,0.03,0.05,1000000.0,1000000.0,,0,0,0,0,0,25,2026-02-04 16:26:41.892196
RTM1C47,2.92,2.91,2.93,1000000.0,1000000.0,,0,0,0,0,0,25,2026-02-04 16:26:41.892196
RTM1P47,0.09,0.08,0.1,1000000.0,1000000.0,,0,0,0,0,0,25,2026-02-04 16:26:41.892196
RTM1C48,2.07,2.06,2.08,1000000.0,1000000.0,,0,0,0,0,0,25,2026-02-04 16:26:41.892196
RTM1P48,0.24,0.23,0.25,1000000.0,1000000.0,,0,0,0,0,0,25,2026-02-04 16:26:41.892196
RTM1C49,1.39,1.38,1.4,1000000.0,1000000.0,,0,0,0,0,0,25,2026-02-04 16:26:41.892196
RTM1P49,0.55,0.54,0.56,1000000.0,1000000.0,10.0,0,0,0,0,0,25,2026-02-04 16:26:41.892196
RTM1C50,0.83,0.82,0.84,1000000.0,1000000.0,,0,0,0,0,0,25,2026-02-04 16:26:41.892196
RTM1P50,0.99,0.98,1.0,1000000.0,1000000.0,10.0,0,0,0,0,0,25,2026-02-04 16:26:41.892196
RTM1C51,0.47,0.46,0.48,1000000.0,1000000.0,,0,0,0,0,0,25,2026-02-04 16:26:41.892196
RTM1P51,1.63,1.62,1.64,1000000.0,1000000.0,10.0,0,0,0,0,0,25,2026-02-04 16:26:41.892196
RTM1C52,0.23,0.22,0.24,1000000.0,1000000.0,,0,0,0,0,0,25,2026-02-04 16:26:41.892196
RTM1P52,2.4,2.39,2.41,1000000.0,1000000.0,10.0,0,0,0,0,0,25,2026-02-04 16:26:41.892196
RTM1C53,0.12,0.11,0.13,1000000.0,1000000.0,,0,0,0,0,0,25,2026-02-04 16:26:41.892196
RTM1P53,3.29,3.28,3.3,1000000.0,1000000.0,,0,0,0,0,0,25,2026-02-04 16:26:41.892196
RTM1C54,0.04,0.03,0.05,1000000.0,1000000.0,,0,0,0,0,0,25,2026-02-04 16:26:41.892196
RTM1P54,4.2,4.19,4.21,1000000.0,1000000.0,,0,0,0,0,0,25,2026-02-04 16:26:41.892196
RTM,49.8,49.79,49.81,100000000.0,100000000.0,,0,0,0,0,0,26,2026-02-04 16:26:42.967281
RTM1C45,4.81,4.8,4.82,1000000.0,1000000.0,,0,0,0,0,0,26,2026-02-04 16:26:42.967281
RTM1P45,0.02,0.01,0.03,1000000.0,1000000.0,,0,0,0,0,0,26,2026-02-04 16:26:42.967281
RTM1C46,3.83,3.82,3.84,1000000.0,1000000.0,,0,0,0,0,0,26,2026-02-04 16:26:42.967281
RTM1P46,0.04,0.03,0.05,1000000.0,1000000.0,,0,0,0,0,0,26,2026-02-04 16:26:42.967281
RTM1C47,2.91,2.9,2.92,1000000.0,1000000.0,,0,0,0,0,0,26,2026-02-04 16:26:42.967281
RTM1P47,0.12,0.11,0.13,1000000.0,1000000.0,,0,0,0,0,0,26,2026-02-04 16:26:42.967281
RTM1C48,2.05,2.04,2.06,1000000.0,1000000.0,,0,0,0,0,0,26,2026-02-04 16:26:42.967281
RTM1P48,0.25,0.24,0.26,1000000.0,1000000.0,,0,0,0,0,0,26,2026-02-04 16:26:42.967281
RTM1C49,1.37,1.36,1.38,1000000.0,1000000.0,,0,0,0,0,0,26,2026-02-04 16:26:42.967281
RTM1P49,0.57,0.56,0.58,1000000.0,1000000.0,10.0,0,0,0,0,0,26,2026-02-04 16:26:42.967281
RTM1C50,0.77,0.76,0.78,1000000.0,1000000.0,,0,0,0,0,0,26,2026-02-04 16:26:42.967281
RTM1P50,0.97,0.96,0.98,1000000.0,1000000.0,10.0,0,0,0,0,0,26,2026-02-04 16:26:42.967281
RTM1C51,0.4,0.39,0.41,1000000.0,1000000.0,,0,0,0,0,0,26,2026-02-04 16:26:42.967281
RTM1P51,1.61,1.6,1.62,1000000.0,1000000.0,10.0,0,0,0,0,0,26,2026-02-04 16:26:42.967281
RTM1C52,0.18,0.17,0.19,1000000.0,1000000.0,,0,0,0,0,0,26,2026-02-04 16:26:42.967281
RTM1P52,2.39,2.38,2.4,1000000.0,1000000.0,10.0,0,0,0,0,0,26,2026-02-04 16:26:42.967281
RTM1C53,0.12,0.11,0.13,1000000.0,1000000.0,,0,0,0,0,0,26,2026-02-04 16:26:42.967281
RTM1P53,3.33,3.32,3.34,1000000.0,1000000.0,,0,0,0,0,0,26,2026-02-04 16:26:42.967281
RTM1C54,0.03,0.02,0.04,1000000.0,1000000.0,,0,0,0,0,0,26,2026-02-04 16:26:42.967281
RTM1P54,4.23,4.22,4.24,1000000.0,1000000.0,,0,0,0,0,0,26,2026-02-04 16:26:42.967281
RTM,49.89,49.88,49.9,100000000.0,100000000.0,,0,0,0,0,0,27,2026-02-04 16:26:44.038982
RTM1C45,4.91,4.9,4.92,1000000.0,1000000.0,,0,0,0,0,0,27,2026-02-04 16:26:44.038982
RTM1P45,0.02,0.01,0.03,1000000.0,1000000.0,,0,0,0,0,0,27,2026-02-04 16:26:44.038982
RTM1C46,3.93,3.92,3.94,1000000.0,1000000.0,,0,0,0,0,0,27,2026-02-04 16:26:44.038982
RTM1P46,0.03,0.02,0.04,1000000.0,1000000.0,,0,0,0,0,0,27,2026-02-04 16:26:44.038982
RTM1C47,2.97,2.96,2.98,1000000.0,1000000.0,,0,0,0,0,0,27,2026-02-04 16:26:44.038982
RTM1P47,0.08,0.07,0.09,1000000.0,1000000.0,,0,0,0,0,0,27,2026-02-04 16:26:44.038982
RTM1C48,2.11,2.1,2.12,1000000.0,1000000.0,,0,0,0,0,0,27,2026-02-04 16:26:44.038982
RTM1P48,0.22,0.21,0.23,1000000.0,1000000.0,,0,0,0,0,0,27,2026-02-04 16:26:44.038982
RTM1C49,1.38,1.37,1.39,1000000.0,1000000.0,,0,0,0,0,0,27,2026-02-04 16:26:44.038982
RTM1P49,0.49,0.48,0.5,1000000.0,1000000.0,10.0,0,0,0,0,0,27,2026-02-04 16:26:44.038982
RTM1C50,0.82,0.8,0.82,1000000.0,1000000.0,,0,0,0,0,0,27,2026-02-04 16:26:44.038982
RTM1P50,0.92,0.91,0.93,1000000.0,1000000.0,10.0,0,0,0,0,0,27,2026-02-04 16:26:44.038982
RTM1C51,0.49,0.48,0.5,1000000.0,1000000.0,,0,0,0,0,0,27,2026-02-04 16:26:44.038982
RTM1P51,1.6,1.59,1.61,1000000.0,1000000.0,10.0,0,0,0,0,0,27,2026-02-04 16:26:44.038982
RTM1C52,0.22,0.21,0.23,1000000.0,1000000.0,,0,0,0,0,0,27,2026-02-04 16:26:44.038982
RTM1P52,2.33,2.32,2.34,1000000.0,1000000.0,10.0,0,0,0,0,0,27,2026-02-04 16:26:44.038982
RTM1C53,0.13,0.12,0.14,1000000.0,1000000.0,,0,0,0,0,0,27,2026-02-04 16:26:44.038982
RTM1P53,3.24,3.23,3.25,1000000.0,1000000.0,,0,0,0,0,0,27,2026-02-04 16:26:44.038982
RTM1C54,0.03,0.02,0.04,1000000.0,1000000.0,,0,0,0,0,0,27,2026-02-04 16:26:44.038982
RTM1P54,4.14,4.13,4.15,1000000.0,1000000.0,,0,0,0,0,0,27,2026-02-04 16:26:44.038982
RTM,49.8,49.79,49.81,100000000.0,100000000.0,,0,0,0,0,0,28,2026-02-04 16:26:45.116607
RTM1C45,4.81,4.8,4.82,1000000.0,1000000.0,,0,0,0,0,0,28,2026-02-04 16:26:45.116607
RTM1P45,0.02,0.01,0.03,1000000.0,1000000.0,,0,0,0,0,0,28,2026-02-04 16:26:45.116607
RTM1C46,3.82,3.81,3.83,1000000.0,1000000.0,,0,0,0,0,0,28,2026-02-04 16:26:45.116607
RTM1P46,0.03,0.02,0.04,1000000.0,1000000.0,,0,0,0,0,0,28,2026-02-04 16:26:45.116607
RTM1C47,2.9,2.89,2.91,1000000.0,1000000.0,,0,0,0,0,0,28,2026-02-04 16:26:45.116607
RTM1P47,0.1,0.09,0.11,1000000.0,1000000.0,,0,0,0,0,0,28,2026-02-04 16:26:45.116607
RTM1C48,2.04,2.03,2.05,1000000.0,1000000.0,,0,0,0,0,0,28,2026-02-04 16:26:45.116607
RTM1P48,0.24,0.23,0.25,1000000.0,1000000.0,,0,0,0,0,0,28,2026-02-04 16:26:45.116607
RTM1C49,1.33,1.32,1.34,1000000.0,1000000.0,,0,0,0,0,0,28,2026-02-04 16:26:45.116607
RTM1P49,0.54,0.53,0.55,1000000.0,1000000.0,10.0,0,0,0,0,0,28,2026-02-04 16:26:45.116607
RTM1C50,0.79,0.78,0.8,1000000.0,1000000.0,,0,0,0,0,0,28,2026-02-04 16:26:45.116607
RTM1P50,0.99,0.98,1.0,1000000.0,1000000.0,10.0,0,0,0,0,0,28,2026-02-04 16:26:45.116607
RTM1C51,0.39,0.38,0.4,1000000.0,1000000.0,,0,0,0,0,0,28,2026-02-04 16:26:45.116607
RTM1P51,1.6,1.59,1.61,1000000.0,1000000.0,10.0,0,0,0,0,0,28,2026-02-04 16:26:45.116607
RTM1C52,0.21,0.2,0.22,1000000.0,1000000.0,,0,0,0,0,0,28,2026-02-04 16:26:45.116607
RTM1P52,2.41,2.4,2.42,1000000.0,1000000.0,10.0,0,0,0,0,0,28,2026-02-04 16:26:45.116607
RTM1C53,0.1,0.09,0.11,1000000.0,1000000.0,,0,0,0,0,0,28,2026-02-04 16:26:45.116607
RTM1P53,3.3,3.29,3.31,1000000.0,1000000.0,,0,0,0,0,0,28,2026-02-04 16:26:45.116607
RTM1C54,0.03,0.02,0.04,1000000.0,1000000.0,,0,0,0,0,0,28,2026-02-04 16:26:45.116607
RTM1P54,4.24,4.23,4.25,1000000.0,1000000.0,,0,0,0,0,0,28,2026-02-04 16:26:45.116607
RTM,49.88,49.87,49.89,100000000.0,100000000.0,,0,0,0,0,0,29,2026-02-04 16:26:46.180520
RTM1C45,4.89,4.88,4.9,1000000.0,1000000.0,,0,0,0,0,0,29,2026-02-04 16:26:46.180520
RTM1P45,0.02,0.01,0.03,1000000.0,1000000.0,,0,0,0,0,0,29,2026-02-04 16:26:46.180520
RTM1C46,3.91,3.9,3.92,1000000.0,1000000.0,,0,0,0,0,0,29,2026-02-04 16:26:46.180520
RTM1P46,0.03,0.02,0.04,1000000.0,1000000.0,,0,0,0,0,0,29,2026-02-04 16:26:46.180520
RTM1C47,2.97,2.96,2.98,1000000.0,1000000.0,,0,0,0,0,0,29,2026-02-04 16:26:46.180520
RTM1P47,0.1,0.09,0.11,1000000.0,1000000.0,,0,0,0,0,0,29,2026-02-04 16:26:46.180520
RTM1C48,2.11,2.1,2.12,1000000.0,1000000.0,,0,0,0,0,0,29,2026-02-04 16:26:46.180520
RTM1P48,0.23,0.22,0.24,1000000.0,1000000.0,,0,0,0,0,0,29,2026-02-04 16:26:46.180520
RTM1C49,1.38,1.37,1.39,1000000.0,1000000.0,,0,0,0,0,0,29,2026-02-04 16:26:46.180520
RTM1P49,0.51,0.5,0.52,1000000.0,1000000.0,10.0,0,0,0,0,0,29,2026-02-04 16:26:46.180520
RTM1C50,0.83,0.82,0.84,1000000.0,1000000.0,,0,0,0,0,0,29,2026-02-04 16:26:46.180520
RTM1P50,0.95,0.94,0.96,1000000.0,1000000.0,10.0,0,0,0,0,0,29,2026-02-04 16:26:46.180520
RTM1C51,0.47,0.46,0.48,1000000.0,1000000.0,,0,0,0,0,0,29,2026-02-04 16:26:46.180520
RTM1P51,1.59,1.58,1.6,1000000.0,1000000.0,10.0,0,0,0,0,0,29,2026-02-04 16:26:46.180520
RTM1C52,0.2,0.19,0.21,1000000.0,1000000.0,,0,0,0,0,0,29,2026-02-04 16:26:46.180520
RTM1P52,2.32,2.31,2.33,1000000.0,1000000.0,10.0,0,0,0,0,0,29,2026-02-04 16:26:46.180520
RTM1C53,0.09,0.08,0.1,1000000.0,1000000.0,,0,0,0,0,0,29,2026-02-04 16:26:46.180520
RTM1P53,3.21,3.2,3.22,1000000.0,1000000.0,,0,0,0,0,0,29,2026-02-04 16:26:46.180520
RTM1C54,0.03,0.02,0.04,1000000.0,1000000.0,,0,0,0,0,0,29,2026-02-04 16:26:46.180520
RTM1P54,4.15,4.14,4.16,1000000.0,1000000.0,,0,0,0,0,0,29,2026-02-04 16:26:46.180520
RTM,49.9,49.89,49.91,100000000.0,100000000.0,,0,0,0,0,0,30,2026-02-04 16:26:47.261733
RTM1C45,4.91,4.9,4.92,1000000.0,1000000.0,,0,0,0,0,0,30,2026-02-04 16:26:47.261733
RTM1P45,0.02,0.01,0.03,1000000.0,1000000.0,,0,0,0,0,0,30,2026-02-04 16:26:47.261733
RTM1C46,3.93,3.92,3.94,1000000.0,1000000.0,,0,0,0,0,0,30,2026-02-04 16:26:47.261733
RTM1P46,0.03,0.02,0.04,1000000.0,1000000.0,,0,0,0,0,0,30,2026-02-04 16:26:47.261733
RTM1C47,3.0,2.99,3.01,1000000.0,1000000.0,,0,0,0,0,0,30,2026-02-04 16:26:47.261733
RTM1P47,0.1,0.09,0.11,1000000.0,1000000.0,,0,0,0,0,0,30,2026-02-04 16:26:47.261733
RTM1C48,2.14,2.13,2.15,1000000.0,1000000.0,,0,0,0,0,0,30,2026-02-04 16:26:47.261733
RTM1P48,0.24,0.23,0.25,1000000.0,1000000.0,,0,0,0,0,0,30,2026-02-04 16:26:47.261733
RTM1C49,1.41,1.4,1.42,1000000.0,1000000.0,,0,0,0,0,0,30,2026-02-04 16:26:47.261733
RTM1P49,0.5,0.49,0.51,1000000.0,1000000.0,10.0,0,0,0,0,0,30,2026-02-04 16:26:47.261733
RTM1C50,0.87,0.86,0.88,1000000.0,1000000.0,,0,0,0,0,0,30,2026-02-04 16:26:47.261733
RTM1P50,0.97,0.96,0.98,1000000.0,1000000.0,10.0,0,0,0,0,0,30,2026-02-04 16:26:47.261733
RTM1C51,0.47,0.46,0.48,1000000.0,1000000.0,,0,0,0,0,0,30,2026-02-04 16:26:47.261733
RTM1P51,1.57,1.56,1.58,1000000.0,1000000.0,10.0,0,0,0,0,0,30,2026-02-04 16:26:47.261733
RTM1C52,0.2,0.19,0.21,1000000.0,1000000.0,,0,0,0,0,0,30,2026-02-04 16:26:47.261733
RTM1P52,2.3,2.29,2.31,1000000.0,1000000.0,10.0,0,0,0,0,0,30,2026-02-04 16:26:47.261733
RTM1C53,0.08,0.07,0.09,1000000.0,1000000.0,,0,0,0,0,0,30,2026-02-04 16:26:47.261733
RTM1P53,3.18,3.17,3.19,1000000.0,1000000.0,,0,0,0,0,0,30,2026-02-04 16:26:47.261733
RTM1C54,0.03,0.02,0.04,1000000.0,1000000.0,,0,0,0,0,0,30,2026-02-04 16:26:47.261733
RTM1P54,4.13,4.12,4.14,1000000.0,1000000.0,,0,0,0,0,0,30,2026-02-04 16:26:47.261733
RTM,49.89,49.89,49.91,100000000.0,100000000.0,,0,0,0,0,0,31,2026-02-04 16:26:48.333498
RTM1C45,4.91,4.9,4.92,1000000.0,1000000.0,,0,0,0,0,0,31,2026-02-04 16:26:48.333498
RTM1P45,0.02,0.01,0.03,1000000.0,1000000.0,,0,0,0,0,0,31,2026-02-04 16:26:48.333498
RTM1C46,3.92,3.91,3.93,1000000.0,1000000.0,,0,0,0,0,0,31,2026-02-04 16:26:48.333498
RTM1P46,0.02,0.01,0.03,1000000.0,1000000.0,,0,0,0,0,0,31,2026-02-04 16:26:48.333498
RTM1C47,2.98,2.97,2.99,1000000.0,1000000.0,,0,0,0,0,0,31,2026-02-04 16:26:48.333498
RTM1P47,0.08,0.07,0.09,1000000.0,1000000.0,,0,0,0,0,0,31,2026-02-04 16:26:48.333498
RTM1C48,2.11,2.1,2.12,1000000.0,1000000.0,,0,0,0,0,0,31,2026-02-04 16:26:48.333498
RTM1P48,0.21,0.2,0.22,1000000.0,1000000.0,,0,0,0,0,0,31,2026-02-04 16:26:48.333498
RTM1C49,1.38,1.36,1.38,1000000.0,1000000.0,,0,0,0,0,0,31,2026-02-04 16:26:48.333498
RTM1P49,0.47,0.46,0.48,1000000.0,1000000.0,10.0,0,0,0,0,0,31,2026-02-04 16:26:48.333498
RTM1C50,0.82,0.81,0.83,1000000.0,1000000.0,,0,0,0,0,0,31,2026-02-04 16:26:48.333498
RTM1P50,0.92,0.91,0.93,1000000.0,1000000.0,10.0,0,0,0,0,0,31,2026-02-04 16:26:48.333498
RTM1C51,0.46,0.45,0.47,1000000.0,1000000.0,,0,0,0,0,0,31,2026-02-04 16:26:48.333498
RTM1P51,1.56,1.55,1.57,1000000.0,1000000.0,10.0,0,0,0,0,0,31,2026-02-04 16:26:48.333498
RTM1C52,0.21,0.2,0.22,1000000.0,1000000.0,,0,0,0,0,0,31,2026-02-04 16:26:48.333498
RTM1P52,2.31,2.3,2.32,1000000.0,1000000.0,10.0,0,0,0,0,0,31,2026-02-04 16:26:48.333498
RTM1C53,0.08,0.07,0.09,1000000.0,1000000.0,,0,0,0,0,0,31,2026-02-04 16:26:48.333498
RTM1P53,3.18,3.17,3.19,1000000.0,1000000.0,,0,0,0,0,0,31,2026-02-04 16:26:48.333498
RTM1C54,0.03,0.02,0.04,1000000.0,1000000.0,,0,0,0,0,0,31,2026-02-04 16:26:48.333498
RTM1P54,4.14,4.13,4.15,1000000.0,1000000.0,,0,0,0,0,0,31,2026-02-04 16:26:48.333498
RTM,49.76,49.75,49.77,100000000.0,100000000.0,,0,0,0,0,0,32,2026-02-04 16:26:48.934554
RTM1C45,4.77,4.76,4.78,1000000.0,1000000.0,,0,0,0,0,0,32,2026-02-04 16:26:48.934554
RTM1P45,0.02,0.01,0.03,1000000.0,1000000.0,,0,0,0,0,0,32,2026-02-04 16:26:48.934554
RTM1C46,3.79,3.78,3.8,1000000.0,1000000.0,,0,0,0,0,0,32,2026-02-04 16:26:48.934554
RTM1P46,0.03,0.02,0.04,1000000.0,1000000.0,,0,0,0,0,0,32,2026-02-04 16:26:48.934554
RTM1C47,2.85,2.84,2.86,1000000.0,1000000.0,,0,0,0,0,0,32,2026-02-04 16:26:48.934554
RTM1P47,0.09,0.08,0.1,1000000.0,1000000.0,,0,0,0,0,0,32,2026-02-04 16:26:48.934554
RTM1C48,2.02,2.01,2.03,1000000.0,1000000.0,,0,0,0,0,0,32,2026-02-04 16:26:48.934554
RTM1P48,0.26,0.25,0.27,1000000.0,1000000.0,,0,0,0,0,0,32,2026-02-04 16:26:48.934554
RTM1C49,1.32,1.31,1.33,1000000.0,1000000.0,,0,0,0,0,0,32,2026-02-04 16:26:48.934554
RTM1P49,0.56,0.55,0.57,1000000.0,1000000.0,10.0,0,0,0,0,0,32,2026-02-04 16:26:48.934554
RTM1C50,0.74,0.73,0.75,1000000.0,1000000.0,,0,0,0,0,0,32,2026-02-04 16:26:48.934554
RTM1P50,0.98,0.97,0.99,1000000.0,1000000.0,10.0,0,0,0,0,0,32,2026-02-04 16:26:48.934554
RTM1C51,0.41,0.4,0.42,1000000.0,1000000.0,,0,0,0,0,0,32,2026-02-04 16:26:48.934554
RTM1P51,1.65,1.64,1.66,1000000.0,1000000.0,10.0,0,0,0,0,0,32,2026-02-04 16:26:48.934554
RTM1C52,0.17,0.16,0.18,1000000.0,1000000.0,,0,0,0,0,0,32,2026-02-04 16:26:48.934554
RTM1P52,2.41,2.4,2.42,1000000.0,1000000.0,10.0,0,0,0,0,0,32,2026-02-04 16:26:48.934554
RTM1C53,0.07,0.06,0.08,1000000.0,1000000.0,,0,0,0,0,0,32,2026-02-04 16:26:48.934554
RTM1P53,3.31,3.3,3.32,1000000.0,1000000.0,,0,0,0,0,0,32,2026-02-04 16:26:48.934554
RTM1C54,0.03,0.02,0.04,1000000.0,1000000.0,,0,0,0,0,0,32,2026-02-04 16:26:48.934554
RTM1P54,4.27,4.26,4.28,1000000.0,1000000.0,,0,0,0,0,0,32,2026-02-04 16:26:48.934554
RTM,49.75,49.74,49.76,100000000.0,100000000.0,,0,0,0,0,0,33,2026-02-04 16:26:50.001752
RTM1C45,4.76,4.75,4.77,1000000.0,1000000.0,,0,0,0,0,0,33,2026-02-04 16:26:50.001752
RTM1P45,0.02,0.01,0.03,1000000.0,1000000.0,,0,0,0,0,0,33,2026-02-04 16:26:50.001752
RTM1C46,3.78,3.77,3.79,1000000.0,1000000.0,,0,0,0,0,0,33,2026-02-04 16:26:50.001752
RTM1P46,0.04,0.03,0.05,1000000.0,1000000.0,,0,0,0,0,0,33,2026-02-04 16:26:50.001752
RTM1C47,2.83,2.82,2.84,1000000.0,1000000.0,,0,0,0,0,0,33,2026-02-04 16:26:50.001752
RTM1P47,0.09,0.08,0.1,1000000.0,1000000.0,,0,0,0,0,0,33,2026-02-04 16:26:50.001752
RTM1C48,2.0,1.99,2.01,1000000.0,1000000.0,,0,0,0,0,0,33,2026-02-04 16:26:50.001752
RTM1P48,0.25,0.24,0.26,1000000.0,1000000.0,,0,0,0,0,0,33,2026-02-04 16:26:50.001752
RTM1C49,1.31,1.3,1.32,1000000.0,1000000.0,,0,0,0,0,0,33,2026-02-04 16:26:50.001752
RTM1P49,0.56,0.55,0.57,1000000.0,1000000.0,10.0,0,0,0,0,0,33,2026-02-04 16:26:50.001752
RTM1C50,0.71,0.7,0.72,1000000.0,1000000.0,,0,0,0,0,0,33,2026-02-04 16:26:50.001752
RTM1P50,0.96,0.95,0.97,1000000.0,1000000.0,10.0,0,0,0,0,0,33,2026-02-04 16:26:50.001752
RTM1C51,0.4,0.39,0.41,1000000.0,1000000.0,,0,0,0,0,0,33,2026-02-04 16:26:50.001752
RTM1P51,1.65,1.64,1.66,1000000.0,1000000.0,10.0,0,0,0,0,0,33,2026-02-04 16:26:50.001752
RTM1C52,0.2,0.19,0.21,1000000.0,1000000.0,,0,0,0,0,0,33,2026-02-04 16:26:50.001752
RTM1P52,2.45,2.44,2.46,1000000.0,1000000.0,10.0,0,0,0,0,0,33,2026-02-04 16:26:50.001752
RTM1C53,0.07,0.06,0.08,1000000.0,1000000.0,,0,0,0,0,0,33,2026-02-04 16:26:50.001752
RTM1P53,3.32,3.31,3.33,1000000.0,1000000.0,,0,0,0,0,0,33,2026-02-04 16:26:50.001752
RTM1C54,0.03,0.02,0.04,1000000.0,1000000.0,,0,0,0,0,0,33,2026-02-04 16:26:50.001752
RTM1P54,4.28,4.27,4.29,1000000.0,1000000.0,,0,0,0,0,0,33,2026-02-04 16:26:50.001752
RTM,49.6,49.59,49.61,100000000.0,100000000.0,,0,0,0,0,0,34,2026-02-04 16:26:51.073204
RTM1C45,4.61,4.6,4.62,1000000.0,1000000.0,,0,0,0,0,0,34,2026-02-04 16:26:51.073204
RTM1P45,0.02,0.01,0.03,1000000.0,1000000.0,,0,0,0,0,0,34,2026-02-04 16:26:51.073204
RTM1C46,3.63,3.62,3.64,1000000.0,1000000.0,,0,0,0,0,0,34,2026-02-04 16:26:51.073204
RTM1P46,0.03,0.02,0.04,1000000.0,1000000.0,,0,0,0,0,0,34,2026-02-04 16:26:51.073204
RTM1C47,2.7,2.69,2.71,1000000.0,1000000.0,,0,0,0,0,0,34,2026-02-04 16:26:51.073204
RTM1P47,0.1,0.09,0.11,1000000.0,1000000.0,,0,0,0,0,0,34,2026-02-04 16:26:51.073204
RTM1C48,1.89,1.88,1.9,1000000.0,1000000.0,,0,0,0,0,0,34,2026-02-04 16:26:51.073204
RTM1P48,0.29,0.28,0.3,1000000.0,1000000.0,,0,0,0,0,0,34,2026-02-04 16:26:51.073204
RTM1C49,1.21,1.2,1.22,1000000.0,1000000.0,,0,0,0,0,0,34,2026-02-04 16:26:51.073204
RTM1P49,0.61,0.6,0.62,1000000.0,1000000.0,10.0,0,0,0,0,0,34,2026-02-04 16:26:51.073204
RTM1C50,0.65,0.64,0.66,1000000.0,1000000.0,,0,0,0,0,0,34,2026-02-04 16:26:51.073204
RTM1P50,1.05,1.04,1.06,1000000.0,1000000.0,10.0,0,0,0,0,0,34,2026-02-04 16:26:51.073204
RTM1C51,0.32,0.31,0.33,1000000.0,1000000.0,,0,0,0,0,0,34,2026-02-04 16:26:51.073204
RTM1P51,1.72,1.71,1.73,1000000.0,1000000.0,10.0,0,0,0,0,0,34,2026-02-04 16:26:51.073204
RTM1C52,0.15,0.14,0.16,1000000.0,1000000.0,,0,0,0,0,0,34,2026-02-04 16:26:51.073204
RTM1P52,2.55,2.54,2.56,1000000.0,1000000.0,10.0,0,0,0,0,0,34,2026-02-04 16:26:51.073204
RTM1C53,0.05,0.04,0.06,1000000.0,1000000.0,,0,0,0,0,0,34,2026-02-04 16:26:51.073204
RTM1P53,3.45,3.44,3.46,1000000.0,1000000.0,,0,0,0,0,0,34,2026-02-04 16:26:51.073204
RTM1C54,0.02,0.01,0.03,1000000.0,1000000.0,,0,0,0,0,0,34,2026-02-04 16:26:51.073204
RTM1P54,4.42,4.41,4.43,1000000.0,1000000.0,,0,0,0,0,0,34,2026-02-04 16:26:51.073204
RTM,49.44,49.43,49.45,100000000.0,100000000.0,,0,0,0,0,0,35,2026-02-04 16:26:52.187355
RTM1C45,4.46,4.45,4.47,1000000.0,1000000.0,,0,0,0,0,0,35,2026-02-04 16:26:52.187355
RTM1P45,0.02,0.01,0.03,1000000.0,1000000.0,,0,0,0,0,0,35,2026-02-04 16:26:52.187355
RTM1C46,3.48,3.47,3.49,1000000.0,1000000.0,,0,0,0,0,0,35,2026-02-04 16:26:52.187355
RTM1P46,0.04,0.03,0.05,1000000.0,1000000.0,,0,0,0,0,0,35,2026-02-04 16:26:52.187355
RTM1C47,2.56,2.55,2.57,1000000.0,1000000.0,,0,0,0,0,0,35,2026-02-04 16:26:52.187355
RTM1P47,0.11,0.1,0.12,1000000.0,1000000.0,,0,0,0,0,0,35,2026-02-04 16:26:52.187355
RTM1C48,1.75,1.74,1.76,1000000.0,1000000.0,,0,0,0,0,0,35,2026-02-04 16:26:52.187355
RTM1P48,0.31,0.3,0.32,1000000.0,1000000.0,,0,0,0,0,0,35,2026-02-04 16:26:52.187355
RTM1C49,1.08,1.07,1.09,1000000.0,1000000.0,,0,0,0,0,0,35,2026-02-04 16:26:52.187355
RTM1P49,0.63,0.62,0.64,1000000.0,1000000.0,10.0,0,0,0,0,0,35,2026-02-04 16:26:52.187355
RTM1C50,0.62,0.61,0.63,1000000.0,1000000.0,,0,0,0,0,0,35,2026-02-04 16:26:52.187355
RTM1P50,1.18,1.17,1.19,1000000.0,1000000.0,10.0,0,0,0,0,0,35,2026-02-04 16:26:52.187355
RTM1C51,0.31,0.3,0.32,1000000.0,1000000.0,,0,0,0,0,0,35,2026-02-04 16:26:52.187355
RTM1P51,1.86,1.85,1.87,1000000.0,1000000.0,10.0,0,0,0,0,0,35,2026-02-04 16:26:52.187355
RTM1C52,0.12,0.11,0.13,1000000.0,1000000.0,,0,0,0,0,0,35,2026-02-04 16:26:52.187355
RTM1P52,2.68,2.67,2.69,1000000.0,1000000.0,10.0,0,0,0,0,0,35,2026-02-04 16:26:52.187355
RTM1C53,0.04,0.03,0.05,1000000.0,1000000.0,,0,0,0,0,0,35,2026-02-04 16:26:52.187355
RTM1P53,3.6,3.59,3.61,1000000.0,1000000.0,,0,0,0,0,0,35,2026-02-04 16:26:52.187355
RTM1C54,0.02,0.01,0.03,1000000.0,1000000.0,,0,0,0,0,0,35,2026-02-04 16:26:52.187355
RTM1P54,4.57,4.56,4.58,1000000.0,1000000.0,,0,0,0,0,0,35,2026-02-04 16:26:52.187355
RTM,49.39,49.38,49.4,100000000.0,100000000.0,,0,0,0,0,0,36,2026-02-04 16:26:53.272984,3.0,1.0,35.0,,News 1,The analysts have informed you that the realized volatility of RTM next week will be between 29% and 34%
RTM1C45,4.4,4.39,4.41,1000000.0,1000000.0,,0,0,0,0,0,36,2026-02-04 16:26:53.272984,,,,,,
RTM1P45,0.02,0.01,0.03,1000000.0,1000000.0,,0,0,0,0,0,36,2026-02-04 16:26:53.272984,,,,,,
RTM1C46,3.43,3.42,3.44,1000000.0,1000000.0,,0,0,0,0,0,36,2026-02-04 16:26:53.272984,,,,,,
RTM1P46,0.03,0.02,0.04,1000000.0,1000000.0,,0,0,0,0,0,36,2026-02-04 16:26:53.272984,,,,,,
RTM1C47,2.53,2.52,2.54,1000000.0,1000000.0,,0,0,0,0,0,36,2026-02-04 16:26:53.272984,,,,,,
RTM1P47,0.14,0.13,0.15,1000000.0,1000000.0,,0,0,0,0,0,36,2026-02-04 16:26:53.272984,,,,,,
RTM1C48,1.69,1.68,1.7,1000000.0,1000000.0,,0,0,0,0,0,36,2026-02-04 16:26:53.272984,,,,,,
RTM1P48,0.3,0.29,0.31,1000000.0,1000000.0,,0,0,0,0,0,36,2026-02-04 16:26:53.272984,,,,,,
RTM1C49,1.04,1.03,1.05,1000000.0,1000000.0,,0,0,0,0,0,36,2026-02-04 16:26:53.272984,,,,,,
RTM1P49,0.64,0.63,0.65,1000000.0,1000000.0,10.0,0,0,0,0,0,36,2026-02-04 16:26:53.272984,,,,,,
RTM1C50,0.58,0.57,0.59,1000000.0,1000000.0,,0,0,0,0,0,36,2026-02-04 16:26:53.272984,,,,,,
RTM1P50,1.18,1.17,1.19,1000000.0,1000000.0,10.0,0,0,0,0,0,36,2026-02-04 16:26:53.272984,,,,,,
RTM1C51,0.3,0.29,0.31,1000000.0,1000000.0,,0,0,0,0,0,36,2026-02-04 16:26:53.272984,,,,,,
RTM1P51,1.91,1.9,1.92,1000000.0,1000000.0,10.0,0,0,0,0,0,36,2026-02-04 16:26:53.272984,,,,,,
RTM1C52,0.12,0.11,0.13,1000000.0,1000000.0,,0,0,0,0,0,36,2026-02-04 16:26:53.272984,,,,,,
RTM1P52,2.73,2.72,2.74,1000000.0,1000000.0,10.0,0,0,0,0,0,36,2026-02-04 16:26:53.272984,,,,,,
RTM1C53,0.05,0.04,0.06,1000000.0,1000000.0,,0,0,0,0,0,36,2026-02-04 16:26:53.272984,,,,,,
RTM1P53,3.66,3.65,3.67,1000000.0,1000000.0,,0,0,0,0,0,36,2026-02-04 16:26:53.272984,,,,,,
RTM1C54,0.02,0.01,0.03,1000000.0,1000000.0,,0,0,0,0,0,36,2026-02-04 16:26:53.272984,,,,,,
RTM1P54,4.62,4.61,4.63,1000000.0,1000000.0,,0,0,0,0,0,36,2026-02-04 16:26:53.272984,,,,,,
RTM,49.38,49.38,49.4,100000000.0,100000000.0,,0,0,0,0,0,37,2026-02-04 16:26:54.377522
RTM1C45,4.4,4.39,4.41,1000000.0,1000000.0,,0,0,0,0,0,37,2026-02-04 16:26:54.377522
RTM1P45,0.02,0.01,0.03,1000000.0,1000000.0,,0,0,0,0,0,37,2026-02-04 16:26:54.377522
RTM1C46,3.44,3.43,3.45,1000000.0,1000000.0,,0,0,0,0,0,37,2026-02-04 16:26:54.377522
RTM1P46,0.05,0.04,0.06,1000000.0,1000000.0,,0,0,0,0,0,37,2026-02-04 16:26:54.377522
RTM1C47,2.51,2.5,2.52,1000000.0,1000000.0,,0,0,0,0,0,37,2026-02-04 16:26:54.377522
RTM1P47,0.12,0.11,0.13,1000000.0,1000000.0,,0,0,0,0,0,37,2026-02-04 16:26:54.377522
RTM1C48,1.72,1.71,1.73,1000000.0,1000000.0,,0,0,0,0,0,37,2026-02-04 16:26:54.377522
RTM1P48,0.33,0.32,0.34,1000000.0,1000000.0,,0,0,0,0,0,37,2026-02-04 16:26:54.377522
RTM1C49,1.06,1.05,1.07,1000000.0,1000000.0,,0,0,0,0,0,37,2026-02-04 16:26:54.377522
RTM1P49,0.67,0.66,0.68,1000000.0,1000000.0,10.0,0,0,0,0,0,37,2026-02-04 16:26:54.377522
RTM1C50,0.59,0.57,0.59,1000000.0,1000000.0,,0,0,0,0,0,37,2026-02-04 16:26:54.377522
RTM1P50,1.19,1.17,1.19,1000000.0,1000000.0,10.0,0,0,0,0,0,37,2026-02-04 16:26:54.377522
RTM1C51,0.28,0.26,0.28,1000000.0,1000000.0,,0,0,0,0,0,37,2026-02-04 16:26:54.377522
RTM1P51,1.87,1.86,1.88,1000000.0,1000000.0,10.0,0,0,0,0,0,37,2026-02-04 16:26:54.377522
RTM1C52,0.13,0.12,0.14,1000000.0,1000000.0,,0,0,0,0,0,37,2026-02-04 16:26:54.377522
RTM1P52,2.73,2.72,2.74,1000000.0,1000000.0,10.0,0,0,0,0,0,37,2026-02-04 16:26:54.377522
RTM1C53,0.04,0.03,0.05,1000000.0,1000000.0,,0,0,0,0,0,37,2026-02-04 16:26:54.377522
RTM1P53,3.65,3.64,3.66,1000000.0,1000000.0,,0,0,0,0,0,37,2026-02-04 16:26:54.377522
RTM1C54,0.02,0.01,0.03,1000000.0,1000000.0,,0,0,0,0,0,37,2026-02-04 16:26:54.377522
RTM1P54,4.62,4.61,4.63,1000000.0,1000000.0,,0,0,0,0,0,37,2026-02-04 16:26:54.377522
RTM,49.51,49.51,49.53,100000000.0,100000000.0,,0,0,0,0,0,38,2026-02-04 16:26:55.446728
RTM1C45,4.53,4.52,4.54,1000000.0,1000000.0,,0,0,0,0,0,38,2026-02-04 16:26:55.446728
RTM1P45,0.02,0.01,0.03,1000000.0,1000000.0,,0,0,0,0,0,38,2026-02-04 16:26:55.446728
RTM1C46,3.55,3.54,3.56,1000000.0,1000000.0,,0,0,0,0,0,38,2026-02-04 16:26:55.446728
RTM1P46,0.03,0.02,0.04,1000000.0,1000000.0,,0,0,0,0,0,38,2026-02-04 16:26:55.446728
RTM1C47,2.62,2.61,2.63,1000000.0,1000000.0,,0,0,0,0,0,38,2026-02-04 16:26:55.446728
RTM1P47,0.1,0.09,0.11,1000000.0,1000000.0,,0,0,0,0,0,38,2026-02-04 16:26:55.446728
RTM1C48,1.8,1.79,1.81,1000000.0,1000000.0,,0,0,0,0,0,38,2026-02-04 16:26:55.446728
RTM1P48,0.28,0.27,0.29,1000000.0,1000000.0,,0,0,0,0,0,38,2026-02-04 16:26:55.446728
RTM1C49,1.14,1.13,1.15,1000000.0,1000000.0,,0,0,0,0,0,38,2026-02-04 16:26:55.446728
RTM1P49,0.62,0.61,0.63,1000000.0,1000000.0,10.0,0,0,0,0,0,38,2026-02-04 16:26:55.446728
RTM1C50,0.64,0.63,0.65,1000000.0,1000000.0,,0,0,0,0,0,38,2026-02-04 16:26:55.446728
RTM1P50,1.12,1.11,1.13,1000000.0,1000000.0,10.0,0,0,0,0,0,38,2026-02-04 16:26:55.446728
RTM1C51,0.29,0.28,0.3,1000000.0,1000000.0,,0,0,0,0,0,38,2026-02-04 16:26:55.446728
RTM1P51,1.77,1.76,1.78,1000000.0,1000000.0,10.0,0,0,0,0,0,38,2026-02-04 16:26:55.446728
RTM1C52,0.13,0.12,0.14,1000000.0,1000000.0,,0,0,0,0,0,38,2026-02-04 16:26:55.446728
RTM1P52,2.61,2.6,2.62,1000000.0,1000000.0,10.0,0,0,0,0,0,38,2026-02-04 16:26:55.446728
RTM1C53,0.06,0.05,0.07,1000000.0,1000000.0,,0,0,0,0,0,38,2026-02-04 16:26:55.446728
RTM1P53,3.54,3.53,3.55,1000000.0,1000000.0,,0,0,0,0,0,38,2026-02-04 16:26:55.446728
RTM1C54,0.02,0.01,0.03,1000000.0,1000000.0,,0,0,0,0,0,38,2026-02-04 16:26:55.446728
RTM1P54,4.49,4.48,4.5,1000000.0,1000000.0,,0,0,0,0,0,38,2026-02-04 16:26:55.446728
RTM,49.52,49.51,49.53,100000000.0,100000000.0,,0,0,0,0,0,39,2026-02-04 16:26:56.074709
RTM1C45,4.53,4.52,4.54,1000000.0,1000000.0,,0,0,0,0,0,39,2026-02-04 16:26:56.074709
RTM1P45,0.02,0.01,0.03,1000000.0,1000000.0,,0,0,0,0,0,39,2026-02-04 16:26:56.074709
RTM1C46,3.55,3.54,3.56,1000000.0,1000000.0,,0,0,0,0,0,39,2026-02-04 16:26:56.074709
RTM1P46,0.03,0.02,0.04,1000000.0,1000000.0,,0,0,0,0,0,39,2026-02-04 16:26:56.074709
RTM1C47,2.63,2.62,2.64,1000000.0,1000000.0,,0,0,0,0,0,39,2026-02-04 16:26:56.074709
RTM1P47,0.11,0.1,0.12,1000000.0,1000000.0,,0,0,0,0,0,39,2026-02-04 16:26:56.074709
RTM1C48,1.79,1.78,1.8,1000000.0,1000000.0,,0,0,0,0,0,39,2026-02-04 16:26:56.074709
RTM1P48,0.27,0.26,0.28,1000000.0,1000000.0,,0,0,0,0,0,39,2026-02-04 16:26:56.074709
RTM1C49,1.11,1.1,1.12,1000000.0,1000000.0,,0,0,0,0,0,39,2026-02-04 16:26:56.074709
RTM1P49,0.59,0.58,0.6,1000000.0,1000000.0,10.0,0,0,0,0,0,39,2026-02-04 16:26:56.074709
RTM1C50,0.62,0.61,0.63,1000000.0,1000000.0,,0,0,0,0,0,39,2026-02-04 16:26:56.074709
RTM1P50,1.1,1.09,1.11,1000000.0,1000000.0,10.0,0,0,0,0,0,39,2026-02-04 16:26:56.074709
RTM1C51,0.31,0.3,0.32,1000000.0,1000000.0,,0,0,0,0,0,39,2026-02-04 16:26:56.074709
RTM1P51,1.79,1.78,1.8,1000000.0,1000000.0,10.0,0,0,0,0,0,39,2026-02-04 16:26:56.074709
RTM1C52,0.12,0.11,0.13,1000000.0,1000000.0,,0,0,0,0,0,39,2026-02-04 16:26:56.074709
RTM1P52,2.6,2.59,2.61,1000000.0,1000000.0,10.0,0,0,0,0,0,39,2026-02-04 16:26:56.074709
RTM1C53,0.04,0.03,0.05,1000000.0,1000000.0,,0,0,0,0,0,39,2026-02-04 16:26:56.074709
RTM1P53,3.52,3.51,3.53,1000000.0,1000000.0,,0,0,0,0,0,39,2026-02-04 16:26:56.074709
RTM1C54,0.02,0.01,0.03,1000000.0,1000000.0,,0,0,0,0,0,39,2026-02-04 16:26:56.074709
RTM1P54,4.49,4.48,4.5,1000000.0,1000000.0,,0,0,0,0,0,39,2026-02-04 16:26:56.074709
RTM,49.68,49.67,49.69,100000000.0,100000000.0,,0,0,0,0,0,40,2026-02-04 16:26:57.161643
RTM1C45,4.69,4.68,4.7,1000000.0,1000000.0,,0,0,0,0,0,40,2026-02-04 16:26:57.161643
RTM1P45,0.02,0.01,0.03,1000000.0,1000000.0,,0,0,0,0,0,40,2026-02-04 16:26:57.161643
RTM1C46,3.71,3.7,3.72,1000000.0,1000000.0,,0,0,0,0,0,40,2026-02-04 16:26:57.161643
RTM1P46,0.03,0.02,0.04,1000000.0,1000000.0,,0,0,0,0,0,40,2026-02-04 16:26:57.161643
RTM1C47,2.77,2.76,2.78,1000000.0,1000000.0,,0,0,0,0,0,40,2026-02-04 16:26:57.161643
RTM1P47,0.09,0.08,0.1,1000000.0,1000000.0,,0,0,0,0,0,40,2026-02-04 16:26:57.161643
RTM1C48,1.91,1.9,1.92,1000000.0,1000000.0,,0,0,0,0,0,40,2026-02-04 16:26:57.161643
RTM1P48,0.23,0.22,0.24,1000000.0,1000000.0,,0,0,0,0,0,40,2026-02-04 16:26:57.161643
RTM1C49,1.21,1.2,1.22,1000000.0,1000000.0,,0,0,0,0,0,40,2026-02-04 16:26:57.161643
RTM1P49,0.53,0.52,0.54,1000000.0,1000000.0,10.0,0,0,0,0,0,40,2026-02-04 16:26:57.161643
RTM1C50,0.67,0.66,0.68,1000000.0,1000000.0,,0,0,0,0,0,40,2026-02-04 16:26:57.161643
RTM1P50,0.99,0.98,1.0,1000000.0,1000000.0,10.0,0,0,0,0,0,40,2026-02-04 16:26:57.161643
RTM1C51,0.34,0.33,0.35,1000000.0,1000000.0,,0,0,0,0,0,40,2026-02-04 16:26:57.161643
RTM1P51,1.66,1.65,1.67,1000000.0,1000000.0,10.0,0,0,0,0,0,40,2026-02-04 16:26:57.161643
RTM1C52,0.14,0.13,0.15,1000000.0,1000000.0,,0,0,0,0,0,40,2026-02-04 16:26:57.161643
RTM1P52,2.46,2.45,2.47,1000000.0,1000000.0,10.0,0,0,0,0,0,40,2026-02-04 16:26:57.161643
RTM1C53,0.06,0.05,0.07,1000000.0,1000000.0,,0,0,0,0,0,40,2026-02-04 16:26:57.161643
RTM1P53,3.38,3.37,3.39,1000000.0,1000000.0,,0,0,0,0,0,40,2026-02-04 16:26:57.161643
RTM1C54,0.02,0.01,0.03,1000000.0,1000000.0,,0,0,0,0,0,40,2026-02-04 16:26:57.161643
RTM1P54,4.33,4.32,4.34,1000000.0,1000000.0,,0,0,0,0,0,40,2026-02-04 16:26:57.161643
RTM,49.81,49.8,49.82,100000000.0,100000000.0,,0,0,0,0,0,41,2026-02-04 16:26:58.217260
RTM1C45,4.82,4.81,4.83,1000000.0,1000000.0,,0,0,0,0,0,41,2026-02-04 16:26:58.217260
RTM1P45,0.02,0.01,0.03,1000000.0,1000000.0,,0,0,0,0,0,41,2026-02-04 16:26:58.217260
RTM1C46,3.83,3.82,3.84,1000000.0,1000000.0,,0,0,0,0,0,41,2026-02-04 16:26:58.217260
RTM1P46,0.02,0.01,0.03,1000000.0,1000000.0,,0,0,0,0,0,41,2026-02-04 16:26:58.217260
RTM1C47,2.89,2.88,2.9,1000000.0,1000000.0,,0,0,0,0,0,41,2026-02-04 16:26:58.217260
RTM1P47,0.07,0.06,0.08,1000000.0,1000000.0,,0,0,0,0,0,41,2026-02-04 16:26:58.217260
RTM1C48,2.03,2.02,2.04,1000000.0,1000000.0,,0,0,0,0,0,41,2026-02-04 16:26:58.217260
RTM1P48,0.22,0.21,0.23,1000000.0,1000000.0,,0,0,0,0,0,41,2026-02-04 16:26:58.217260
RTM1C49,1.3,1.29,1.31,1000000.0,1000000.0,,0,0,0,0,0,41,2026-02-04 16:26:58.217260
RTM1P49,0.48,0.47,0.49,1000000.0,1000000.0,10.0,0,0,0,0,0,41,2026-02-04 16:26:58.217260
RTM1C50,0.75,0.74,0.76,1000000.0,1000000.0,,0,0,0,0,0,41,2026-02-04 16:26:58.217260
RTM1P50,0.94,0.93,0.95,1000000.0,1000000.0,10.0,0,0,0,0,0,41,2026-02-04 16:26:58.217260
RTM1C51,0.38,0.37,0.39,1000000.0,1000000.0,,0,0,0,0,0,41,2026-02-04 16:26:58.217260
RTM1P51,1.56,1.55,1.57,1000000.0,1000000.0,10.0,0,0,0,0,0,41,2026-02-04 16:26:58.217260
RTM1C52,0.16,0.15,0.17,1000000.0,1000000.0,,0,0,0,0,0,41,2026-02-04 16:26:58.217260
RTM1P52,2.35,2.34,2.36,1000000.0,1000000.0,10.0,0,0,0,0,0,41,2026-02-04 16:26:58.217260
RTM1C53,0.06,0.05,0.07,1000000.0,1000000.0,,0,0,0,0,0,41,2026-02-04 16:26:58.217260
RTM1P53,3.25,3.24,3.26,1000000.0,1000000.0,,0,0,0,0,0,41,2026-02-04 16:26:58.217260
RTM1C54,0.02,0.01,0.03,1000000.0,1000000.0,,0,0,0,0,0,41,2026-02-04 16:26:58.217260
RTM1P54,4.21,4.2,4.22,1000000.0,1000000.0,,0,0,0,0,0,41,2026-02-04 16:26:58.217260
RTM,49.72,49.72,49.74,100000000.0,100000000.0,,0,0,0,0,0,42,2026-02-04 16:26:59.321221
RTM1C45,4.73,4.72,4.74,1000000.0,1000000.0,,0,0,0,0,0,42,2026-02-04 16:26:59.321221
RTM1P45,0.02,0.01,0.03,1000000.0,1000000.0,,0,0,0,0,0,42,2026-02-04 16:26:59.321221
RTM1C46,3.75,3.74,3.76,1000000.0,1000000.0,,0,0,0,0,0,42,2026-02-04 16:26:59.321221
RTM1P46,0.02,0.01,0.03,1000000.0,1000000.0,,0,0,0,0,0,42,2026-02-04 16:26:59.321221
RTM1C47,2.8,2.79,2.81,1000000.0,1000000.0,,0,0,0,0,0,42,2026-02-04 16:26:59.321221
RTM1P47,0.07,0.06,0.08,1000000.0,1000000.0,,0,0,0,0,0,42,2026-02-04 16:26:59.321221
RTM1C48,1.96,1.95,1.97,1000000.0,1000000.0,,0,0,0,0,0,42,2026-02-04 16:26:59.321221
RTM1P48,0.23,0.22,0.24,1000000.0,1000000.0,,0,0,0,0,0,42,2026-02-04 16:26:59.321221
RTM1C49,1.24,1.22,1.24,1000000.0,1000000.0,,0,0,0,0,0,42,2026-02-04 16:26:59.321221
RTM1P49,0.51,0.49,0.51,1000000.0,1000000.0,10.0,0,0,0,0,0,42,2026-02-04 16:26:59.321221
RTM1C50,0.72,0.71,0.73,1000000.0,1000000.0,,0,0,0,0,0,42,2026-02-04 16:26:59.321221
RTM1P50,0.99,0.98,1.0,1000000.0,1000000.0,10.0,0,0,0,0,0,42,2026-02-04 16:26:59.321221
RTM1C51,0.35,0.33,0.35,1000000.0,1000000.0,,0,0,0,0,0,42,2026-02-04 16:26:59.321221
RTM1P51,1.62,1.61,1.63,1000000.0,1000000.0,10.0,0,0,0,0,0,42,2026-02-04 16:26:59.321221
RTM1C52,0.14,0.13,0.15,1000000.0,1000000.0,,0,0,0,0,0,42,2026-02-04 16:26:59.321221
RTM1P52,2.41,2.4,2.42,1000000.0,1000000.0,10.0,0,0,0,0,0,42,2026-02-04 16:26:59.321221
RTM1C53,0.06,0.05,0.07,1000000.0,1000000.0,,0,0,0,0,0,42,2026-02-04 16:26:59.321221
RTM1P53,3.33,3.32,3.34,1000000.0,1000000.0,,0,0,0,0,0,42,2026-02-04 16:26:59.321221
RTM1C54,0.02,0.01,0.03,1000000.0,1000000.0,,0,0,0,0,0,42,2026-02-04 16:26:59.321221
RTM1P54,4.29,4.28,4.3,1000000.0,1000000.0,,0,0,0,0,0,42,2026-02-04 16:26:59.321221
RTM,49.7,49.7,49.72,100000000.0,100000000.0,,0,0,0,0,0,43,2026-02-04 16:27:00.395934
RTM1C45,4.72,4.71,4.73,1000000.0,1000000.0,,0,0,0,0,0,43,2026-02-04 16:27:00.395934
RTM1P45,0.02,0.01,0.03,1000000.0,1000000.0,,0,0,0,0,0,43,2026-02-04 16:27:00.395934
RTM1C46,3.74,3.73,3.75,1000000.0,1000000.0,,0,0,0,0,0,43,2026-02-04 16:27:00.395934
RTM1P46,0.02,0.01,0.03,1000000.0,1000000.0,,0,0,0,0,0,43,2026-02-04 16:27:00.395934
RTM1C47,2.79,2.78,2.8,1000000.0,1000000.0,,0,0,0,0,0,43,2026-02-04 16:27:00.395934
RTM1P47,0.08,0.07,0.09,1000000.0,1000000.0,,0,0,0,0,0,43,2026-02-04 16:27:00.395934
RTM1C48,1.94,1.93,1.95,1000000.0,1000000.0,,0,0,0,0,0,43,2026-02-04 16:27:00.395934
RTM1P48,0.23,0.22,0.24,1000000.0,1000000.0,,0,0,0,0,0,43,2026-02-04 16:27:00.395934
RTM1C49,1.21,1.2,1.22,1000000.0,1000000.0,,0,0,0,0,0,43,2026-02-04 16:27:00.395934
RTM1P49,0.5,0.49,0.51,1000000.0,1000000.0,10.0,0,0,0,0,0,43,2026-02-04 16:27:00.395934
RTM1C50,0.69,0.67,0.69,1000000.0,1000000.0,,0,0,0,0,0,43,2026-02-04 16:27:00.395934
RTM1P50,0.98,0.96,0.98,1000000.0,1000000.0,10.0,0,0,0,0,0,43,2026-02-04 16:27:00.395934
RTM1C51,0.35,0.34,0.36,1000000.0,1000000.0,,0,0,0,0,0,43,2026-02-04 16:27:00.395934
RTM1P51,1.64,1.63,1.65,1000000.0,1000000.0,10.0,0,0,0,0,0,43,2026-02-04 16:27:00.395934
RTM1C52,0.15,0.14,0.16,1000000.0,1000000.0,,0,0,0,0,0,43,2026-02-04 16:27:00.395934
RTM1P52,2.44,2.43,2.45,1000000.0,1000000.0,10.0,0,0,0,0,0,43,2026-02-04 16:27:00.395934
RTM1C53,0.06,0.05,0.07,1000000.0,1000000.0,,0,0,0,0,0,43,2026-02-04 16:27:00.395934
RTM1P53,3.35,3.34,3.36,1000000.0,1000000.0,,0,0,0,0,0,43,2026-02-04 16:27:00.395934
RTM1C54,0.02,0.01,0.03,1000000.0,1000000.0,,0,0,0,0,0,43,2026-02-04 16:27:00.395934
RTM1P54,4.31,4.3,4.32,1000000.0,1000000.0,,0,0,0,0,0,43,2026-02-04 16:27:00.395934
RTM,49.83,49.82,49.84,100000000.0,100000000.0,,0,0,0,0,0,44,2026-02-04 16:27:00.974470
RTM1C45,4.84,4.83,4.85,1000000.0,1000000.0,,0,0,0,0,0,44,2026-02-04 16:27:00.974470
RTM1P45,0.02,0.01,0.03,1000000.0,1000000.0,,0,0,0,0,0,44,2026-02-04 16:27:00.974470
RTM1C46,3.85,3.84,3.86,1000000.0,1000000.0,,0,0,0,0,0,44,2026-02-04 16:27:00.974470
RTM1P46,0.02,0.01,0.03,1000000.0,1000000.0,,0,0,0,0,0,44,2026-02-04 16:27:00.974470
RTM1C47,2.91,2.9,2.92,1000000.0,1000000.0,,0,0,0,0,0,44,2026-02-04 16:27:00.974470
RTM1P47,0.07,0.06,0.08,1000000.0,1000000.0,,0,0,0,0,0,44,2026-02-04 16:27:00.974470
RTM1C48,2.03,2.02,2.04,1000000.0,1000000.0,,0,0,0,0,0,44,2026-02-04 16:27:00.974470
RTM1P48,0.2,0.19,0.21,1000000.0,1000000.0,,0,0,0,0,0,44,2026-02-04 16:27:00.974470
RTM1C49,1.3,1.29,1.31,1000000.0,1000000.0,,0,0,0,0,0,44,2026-02-04 16:27:00.974470
RTM1P49,0.47,0.46,0.48,1000000.0,1000000.0,10.0,0,0,0,0,0,44,2026-02-04 16:27:00.974470
RTM1C50,0.74,0.73,0.75,1000000.0,1000000.0,,0,0,0,0,0,44,2026-02-04 16:27:00.974470
RTM1P50,0.91,0.9,0.92,1000000.0,1000000.0,10.0,0,0,0,0,0,44,2026-02-04 16:27:00.974470
RTM1C51,0.36,0.35,0.37,1000000.0,1000000.0,,0,0,0,0,0,44,2026-02-04 16:27:00.974470
RTM1P51,1.53,1.52,1.54,1000000.0,1000000.0,10.0,0,0,0,0,0,44,2026-02-04 16:27:00.974470
RTM1C52,0.16,0.15,0.17,1000000.0,1000000.0,,0,0,0,0,0,44,2026-02-04 16:27:00.974470
RTM1P52,2.33,2.32,2.34,1000000.0,1000000.0,10.0,0,0,0,0,0,44,2026-02-04 16:27:00.974470
RTM1C53,0.06,0.05,0.07,1000000.0,1000000.0,,0,0,0,0,0,44,2026-02-04 16:27:00.974470
RTM1P53,3.23,3.22,3.24,1000000.0,1000000.0,,0,0,0,0,0,44,2026-02-04 16:27:00.974470
RTM1C54,0.02,0.01,0.03,1000000.0,1000000.0,,0,0,0,0,0,44,2026-02-04 16:27:00.974470
RTM1P54,4.19,4.18,4.2,1000000.0,1000000.0,,0,0,0,0,0,44,2026-02-04 16:27:00.974470
RTM,49.69,49.68,49.7,100000000.0,100000000.0,,0,0,0,0,0,45,2026-02-04 16:27:02.047816
RTM1C45,4.69,4.68,4.7,1000000.0,1000000.0,,0,0,0,0,0,45,2026-02-04 16:27:02.047816
RTM1P45,0.02,0.01,0.03,1000000.0,1000000.0,,0,0,0,0,0,45,2026-02-04 16:27:02.047816
RTM1C46,3.71,3.7,3.72,1000000.0,1000000.0,,0,0,0,0,0,45,2026-02-04 16:27:02.047816
RTM1P46,0.02,0.01,0.03,1000000.0,1000000.0,,0,0,0,0,0,45,2026-02-04 16:27:02.047816
RTM1C47,2.77,2.76,2.78,1000000.0,1000000.0,,0,0,0,0,0,45,2026-02-04 16:27:02.047816
RTM1P47,0.08,0.07,0.09,1000000.0,1000000.0,,0,0,0,0,0,45,2026-02-04 16:27:02.047816
RTM1C48,1.91,1.9,1.92,1000000.0,1000000.0,,0,0,0,0,0,45,2026-02-04 16:27:02.047816
RTM1P48,0.22,0.21,0.23,1000000.0,1000000.0,,0,0,0,0,0,45,2026-02-04 16:27:02.047816
RTM1C49,1.19,1.18,1.2,1000000.0,1000000.0,,0,0,0,0,0,45,2026-02-04 16:27:02.047816
RTM1P49,0.51,0.5,0.52,1000000.0,1000000.0,10.0,0,0,0,0,0,45,2026-02-04 16:27:02.047816
RTM1C50,0.67,0.66,0.68,1000000.0,1000000.0,,0,0,0,0,0,45,2026-02-04 16:27:02.047816
RTM1P50,0.99,0.98,1.0,1000000.0,1000000.0,10.0,0,0,0,0,0,45,2026-02-04 16:27:02.047816
RTM1C51,0.33,0.32,0.34,1000000.0,1000000.0,,0,0,0,0,0,45,2026-02-04 16:27:02.047816
RTM1P51,1.65,1.64,1.66,1000000.0,1000000.0,10.0,0,0,0,0,0,45,2026-02-04 16:27:02.047816
RTM1C52,0.13,0.12,0.14,1000000.0,1000000.0,,0,0,0,0,0,45,2026-02-04 16:27:02.047816
RTM1P52,2.45,2.44,2.46,1000000.0,1000000.0,10.0,0,0,0,0,0,45,2026-02-04 16:27:02.047816
RTM1C53,0.05,0.04,0.06,1000000.0,1000000.0,,0,0,0,0,0,45,2026-02-04 16:27:02.047816
RTM1P53,3.36,3.35,3.37,1000000.0,1000000.0,,0,0,0,0,0,45,2026-02-04 16:27:02.047816
RTM1C54,0.02,0.01,0.03,1000000.0,1000000.0,,0,0,0,0,0,45,2026-02-04 16:27:02.047816
RTM1P54,4.33,4.32,4.34,1000000.0,1000000.0,,0,0,0,0,0,45,2026-02-04 16:27:02.047816
RTM,49.6,49.59,49.61,100000000.0,100000000.0,,0,0,0,0,0,46,2026-02-04 16:27:03.131657
RTM1C45,4.6,4.59,4.61,1000000.0,1000000.0,,0,0,0,0,0,46,2026-02-04 16:27:03.131657
RTM1P45,0.02,0.01,0.03,1000000.0,1000000.0,,0,0,0,0,0,46,2026-02-04 16:27:03.131657
RTM1C46,3.62,3.61,3.63,1000000.0,1000000.0,,0,0,0,0,0,46,2026-02-04 16:27:03.131657
RTM1P46,0.02,0.01,0.03,1000000.0,1000000.0,,0,0,0,0,0,46,2026-02-04 16:27:03.131657
RTM1C47,2.68,2.67,2.69,1000000.0,1000000.0,,0,0,0,0,0,46,2026-02-04 16:27:03.131657
RTM1P47,0.08,0.07,0.09,1000000.0,1000000.0,,0,0,0,0,0,46,2026-02-04 16:27:03.131657
RTM1C48,1.83,1.82,1.84,1000000.0,1000000.0,,0,0,0,0,0,46,2026-02-04 16:27:03.131657
RTM1P48,0.24,0.23,0.25,1000000.0,1000000.0,,0,0,0,0,0,46,2026-02-04 16:27:03.131657
RTM1C49,1.17,1.15,1.17,1000000.0,1000000.0,,0,0,0,0,0,46,2026-02-04 16:27:03.131657
RTM1P49,0.57,0.56,0.58,1000000.0,1000000.0,20.0,0,0,0,0,0,46,2026-02-04 16:27:03.131657
RTM1C50,0.63,0.62,0.64,1000000.0,1000000.0,,0,0,0,0,0,46,2026-02-04 16:27:03.131657
RTM1P50,1.03,1.02,1.04,1000000.0,1000000.0,10.0,0,0,0,0,0,46,2026-02-04 16:27:03.131657
RTM1C51,0.29,0.28,0.3,1000000.0,1000000.0,,0,0,0,0,0,46,2026-02-04 16:27:03.131657
RTM1P51,1.69,1.68,1.7,1000000.0,1000000.0,10.0,0,0,0,0,0,46,2026-02-04 16:27:03.131657
RTM1C52,0.12,0.11,0.13,1000000.0,1000000.0,,0,0,0,0,0,46,2026-02-04 16:27:03.131657
RTM1P52,2.52,2.51,2.53,1000000.0,1000000.0,10.0,0,0,0,0,0,46,2026-02-04 16:27:03.131657
RTM1C53,0.04,0.03,0.05,1000000.0,1000000.0,,0,0,0,0,0,46,2026-02-04 16:27:03.131657
RTM1P53,3.44,3.43,3.45,1000000.0,1000000.0,,0,0,0,0,0,46,2026-02-04 16:27:03.131657
RTM1C54,0.02,0.01,0.03,1000000.0,1000000.0,,0,0,0,0,0,46,2026-02-04 16:27:03.131657
RTM1P54,4.41,4.4,4.42,1000000.0,1000000.0,,0,0,0,0,0,46,2026-02-04 16:27:03.131657
RTM,49.82,49.81,49.83,100000000.0,100000000.0,,0,0,0,0,0,47,2026-02-04 16:27:04.220946
RTM1C45,4.82,4.81,4.83,1000000.0,1000000.0,,0,0,0,0,0,47,2026-02-04 16:27:04.220946
RTM1P45,0.02,0.01,0.03,1000000.0,1000000.0,,0,0,0,0,0,47,2026-02-04 16:27:04.220946
RTM1C46,3.83,3.82,3.84,1000000.0,1000000.0,,0,0,0,0,0,47,2026-02-04 16:27:04.220946
RTM1P46,0.02,0.01,0.03,1000000.0,1000000.0,,0,0,0,0,0,47,2026-02-04 16:27:04.220946
RTM1C47,2.88,2.87,2.89,1000000.0,1000000.0,,0,0,0,0,0,47,2026-02-04 16:27:04.220946
RTM1P47,0.06,0.05,0.07,1000000.0,1000000.0,,0,0,0,0,0,47,2026-02-04 16:27:04.220946
RTM1C48,2.01,2.0,2.02,1000000.0,1000000.0,,0,0,0,0,0,47,2026-02-04 16:27:04.220946
RTM1P48,0.2,0.19,0.21,1000000.0,1000000.0,,0,0,0,0,0,47,2026-02-04 16:27:04.220946
RTM1C49,1.29,1.28,1.3,1000000.0,1000000.0,,0,0,0,0,0,47,2026-02-04 16:27:04.220946
RTM1P49,0.47,0.46,0.48,1000000.0,1000000.0,10.0,0,0,0,0,0,47,2026-02-04 16:27:04.220946
RTM1C50,0.71,0.7,0.72,1000000.0,1000000.0,,0,0,0,0,0,47,2026-02-04 16:27:04.220946
RTM1P50,0.91,0.89,0.91,1000000.0,1000000.0,10.0,0,0,0,0,0,47,2026-02-04 16:27:04.220946
RTM1C51,0.34,0.33,0.35,1000000.0,1000000.0,,0,0,0,0,0,47,2026-02-04 16:27:04.220946
RTM1P51,1.52,1.51,1.53,1000000.0,1000000.0,10.0,0,0,0,0,0,47,2026-02-04 16:27:04.220946
RTM1C52,0.14,0.13,0.15,1000000.0,1000000.0,,0,0,0,0,0,47,2026-02-04 16:27:04.220946
RTM1P52,2.32,2.31,2.33,1000000.0,1000000.0,10.0,0,0,0,0,0,47,2026-02-04 16:27:04.220946
RTM1C53,0.05,0.04,0.06,1000000.0,1000000.0,,0,0,0,0,0,47,2026-02-04 16:27:04.220946
RTM1P53,3.24,3.23,3.25,1000000.0,1000000.0,,0,0,0,0,0,47,2026-02-04 16:27:04.220946
RTM1C54,0.02,0.01,0.03,1000000.0,1000000.0,,0,0,0,0,0,47,2026-02-04 16:27:04.220946
RTM1P54,4.2,4.19,4.21,1000000.0,1000000.0,,0,0,0,0,0,47,2026-02-04 16:27:04.220946
RTM,49.83,49.82,49.84,100000000.0,100000000.0,,0,0,0,0,0,48,2026-02-04 16:27:05.298923
RTM1C45,4.83,4.82,4.84,1000000.0,1000000.0,,0,0,0,0,0,48,2026-02-04 16:27:05.298923
RTM1P45,0.02,0.01,0.03,1000000.0,1000000.0,,0,0,0,0,0,48,2026-02-04 16:27:05.298923
RTM1C46,3.84,3.83,3.85,1000000.0,1000000.0,,0,0,0,0,0,48,2026-02-04 16:27:05.298923
RTM1P46,0.02,0.01,0.03,1000000.0,1000000.0,,0,0,0,0,0,48,2026-02-04 16:27:05.298923
RTM1C47,2.89,2.88,2.9,1000000.0,1000000.0,,0,0,0,0,0,48,2026-02-04 16:27:05.298923
RTM1P47,0.06,0.05,0.07,1000000.0,1000000.0,,0,0,0,0,0,48,2026-02-04 16:27:05.298923
RTM1C48,2.0,1.99,2.01,1000000.0,1000000.0,,0,0,0,0,0,48,2026-02-04 16:27:05.298923
RTM1P48,0.17,0.16,0.18,1000000.0,1000000.0,,0,0,0,0,0,48,2026-02-04 16:27:05.298923
RTM1C49,1.29,1.27,1.29,1000000.0,1000000.0,,0,0,0,0,0,48,2026-02-04 16:27:05.298923
RTM1P49,0.45,0.44,0.46,1000000.0,1000000.0,10.0,0,0,0,0,0,48,2026-02-04 16:27:05.298923
RTM1C50,0.71,0.7,0.72,1000000.0,1000000.0,,0,0,0,0,0,48,2026-02-04 16:27:05.298923
RTM1P50,0.89,0.87,0.89,1000000.0,1000000.0,10.0,0,0,0,0,0,48,2026-02-04 16:27:05.298923
RTM1C51,0.35,0.33,0.35,1000000.0,1000000.0,,0,0,0,0,0,48,2026-02-04 16:27:05.298923
RTM1P51,1.51,1.5,1.52,1000000.0,1000000.0,10.0,0,0,0,0,0,48,2026-02-04 16:27:05.298923
RTM1C52,0.15,0.14,0.16,1000000.0,1000000.0,,0,0,0,0,0,48,2026-02-04 16:27:05.298923
RTM1P52,2.32,2.31,2.33,1000000.0,1000000.0,10.0,0,0,0,0,0,48,2026-02-04 16:27:05.298923
RTM1C53,0.05,0.04,0.06,1000000.0,1000000.0,,0,0,0,0,0,48,2026-02-04 16:27:05.298923
RTM1P53,3.22,3.21,3.23,1000000.0,1000000.0,,0,0,0,0,0,48,2026-02-04 16:27:05.298923
RTM1C54,0.02,0.01,0.03,1000000.0,1000000.0,,0,0,0,0,0,48,2026-02-04 16:27:05.298923
RTM1P54,4.19,4.18,4.2,1000000.0,1000000.0,,0,0,0,0,0,48,2026-02-04 16:27:05.298923
RTM,49.75,49.73,49.75,100000000.0,100000000.0,,,0,0,0,0,49,2026-02-04 16:27:06.434511
RTM1C45,4.74,4.73,4.75,1000000.0,1000000.0,,,0,0,0,0,49,2026-02-04 16:27:06.434511
RTM1P45,0.01,0.01,0.03,1000000.0,1000000.0,,,0,0,0,0,49,2026-02-04 16:27:06.434511
RTM1C46,3.76,3.75,3.77,1000000.0,1000000.0,,,0,0,0,0,49,2026-02-04 16:27:06.434511
RTM1P46,0.02,0.01,0.03,1000000.0,1000000.0,,,0,0,0,0,49,2026-02-04 16:27:06.434511
RTM1C47,2.8,2.79,2.81,1000000.0,1000000.0,,,0,0,0,0,49,2026-02-04 16:27:06.434511
RTM1P47,0.06,0.05,0.07,1000000.0,1000000.0,,,0,0,0,0,49,2026-02-04 16:27:06.434511
RTM1C48,1.95,1.93,1.95,1000000.0,1000000.0,,,0,0,0,0,49,2026-02-04 16:27:06.434511
RTM1P48,0.2,0.19,0.21,1000000.0,1000000.0,,,0,0,0,0,49,2026-02-04 16:27:06.434511
RTM1C49,1.22,1.21,1.23,1000000.0,1000000.0,,,0,0,0,0,49,2026-02-04 16:27:06.434511
RTM1P49,0.47,0.46,0.48,1000000.0,1000000.0,10.0,,0,0,0,0,49,2026-02-04 16:27:06.434511
RTM1C50,0.68,0.68,0.7,1000000.0,1000000.0,,,0,0,0,0,49,2026-02-04 16:27:06.434511
RTM1P50,0.93,0.93,0.95,1000000.0,1000000.0,10.0,,0,0,0,0,49,2026-02-04 16:27:06.434511
RTM1C51,0.32,0.31,0.33,1000000.0,1000000.0,,,0,0,0,0,49,2026-02-04 16:27:06.434511
RTM1P51,1.58,1.57,1.59,1000000.0,1000000.0,10.0,,0,0,0,0,49,2026-02-04 16:27:06.434511
RTM1C52,0.13,0.12,0.14,1000000.0,1000000.0,,10.0,0,0,0,0,49,2026-02-04 16:27:06.434511
RTM1P52,2.39,2.38,2.4,1000000.0,1000000.0,10.0,,0,0,0,0,49,2026-02-04 16:27:06.434511
RTM1C53,0.05,0.04,0.06,1000000.0,1000000.0,,,0,0,0,0,49,2026-02-04 16:27:06.434511
RTM1P53,3.31,3.3,3.32,1000000.0,1000000.0,,,0,0,0,0,49,2026-02-04 16:27:06.434511
RTM1C54,0.02,0.01,0.03,1000000.0,1000000.0,,,0,0,0,0,49,2026-02-04 16:27:06.434511
RTM1P54,4.27,4.26,4.28,1000000.0,1000000.0,,,0,0,0,0,49,2026-02-04 16:27:06.434511
RTM,49.72,49.71,49.73,100000000.0,100000000.0,,,0,0,0,0,50,2026-02-04 16:27:07.033132
RTM1C45,4.72,4.71,4.73,1000000.0,1000000.0,,,0,0,0,0,50,2026-02-04 16:27:07.033132
RTM1P45,0.02,0.01,0.03,1000000.0,1000000.0,,,0,0,0,0,50,2026-02-04 16:27:07.033132
RTM1C46,3.73,3.72,3.74,1000000.0,1000000.0,,,0,0,0,0,50,2026-02-04 16:27:07.033132
RTM1P46,0.02,0.01,0.03,1000000.0,1000000.0,,,0,0,0,0,50,2026-02-04 16:27:07.033132
RTM1C47,2.78,2.77,2.79,1000000.0,1000000.0,,,0,0,0,0,50,2026-02-04 16:27:07.033132
RTM1P47,0.06,0.05,0.07,1000000.0,1000000.0,,,0,0,0,0,50,2026-02-04 16:27:07.033132
RTM1C48,1.91,1.9,1.92,1000000.0,1000000.0,,,0,0,0,0,50,2026-02-04 16:27:07.033132
RTM1P48,0.19,0.18,0.2,1000000.0,1000000.0,10.0,,0,0,0,0,50,2026-02-04 16:27:07.033132
RTM1C49,1.2,1.19,1.21,1000000.0,1000000.0,,,0,0,0,0,50,2026-02-04 16:27:07.033132
RTM1P49,0.49,0.48,0.5,1000000.0,1000000.0,20.0,,0,0,0,0,50,2026-02-04 16:27:07.033132
RTM1C50,0.67,0.66,0.68,1000000.0,1000000.0,,,0,0,0,0,50,2026-02-04 16:27:07.033132
RTM1P50,0.96,0.95,0.97,1000000.0,1000000.0,20.0,,0,0,0,0,50,2026-02-04 16:27:07.033132
RTM1C51,0.31,0.3,0.32,1000000.0,1000000.0,,,0,0,0,0,50,2026-02-04 16:27:07.033132
RTM1P51,1.59,1.58,1.6,1000000.0,1000000.0,10.0,,0,0,0,0,50,2026-02-04 16:27:07.033132
RTM1C52,0.13,0.12,0.14,1000000.0,1000000.0,,10.0,0,0,0,0,50,2026-02-04 16:27:07.033132
RTM1P52,2.41,2.4,2.42,1000000.0,1000000.0,10.0,,0,0,0,0,50,2026-02-04 16:27:07.033132
RTM1C53,0.05,0.04,0.06,1000000.0,1000000.0,,,0,0,0,0,50,2026-02-04 16:27:07.033132
RTM1P53,3.33,3.32,3.34,1000000.0,1000000.0,,,0,0,0,0,50,2026-02-04 16:27:07.033132
RTM1C54,0.02,0.01,0.03,1000000.0,1000000.0,,,0,0,0,0,50,2026-02-04 16:27:07.033132
RTM1P54,4.3,4.29,4.31,1000000.0,1000000.0,,,0,0,0,0,50,2026-02-04 16:27:07.033132
RTM,49.72,49.71,49.73,100000000.0,100000000.0,,,0,0,0,0,51,2026-02-04 16:27:08.137328
RTM1C45,4.73,4.72,4.74,1000000.0,1000000.0,,,0,0,0,0,51,2026-02-04 16:27:08.137328
RTM1P45,0.02,0.01,0.03,1000000.0,1000000.0,,,0,0,0,0,51,2026-02-04 16:27:08.137328
RTM1C46,3.74,3.73,3.75,1000000.0,1000000.0,,,0,0,0,0,51,2026-02-04 16:27:08.137328
RTM1P46,0.02,0.01,0.03,1000000.0,1000000.0,,,0,0,0,0,51,2026-02-04 16:27:08.137328
RTM1C47,2.79,2.78,2.8,1000000.0,1000000.0,,,0,0,0,0,51,2026-02-04 16:27:08.137328
RTM1P47,0.07,0.06,0.08,1000000.0,1000000.0,,,0,0,0,0,51,2026-02-04 16:27:08.137328
RTM1C48,1.91,1.9,1.92,1000000.0,1000000.0,,,0,0,0,0,51,2026-02-04 16:27:08.137328
RTM1P48,0.18,0.18,0.19,1000000.0,1000000.0,10.0,,0,0,0,0,51,2026-02-04 16:27:08.137328
RTM1C49,1.19,1.18,1.2,1000000.0,1000000.0,,,0,0,0,0,51,2026-02-04 16:27:08.137328
RTM1P49,0.47,0.46,0.48,1000000.0,1000000.0,20.0,,0,0,0,0,51,2026-02-04 16:27:08.137328
RTM1C50,0.67,0.66,0.68,1000000.0,1000000.0,,,0,0,0,0,51,2026-02-04 16:27:08.137328
RTM1P50,0.94,0.93,0.95,1000000.0,1000000.0,20.0,,0,0,0,0,51,2026-02-04 16:27:08.137328
RTM1C51,0.3,0.29,0.31,1000000.0,1000000.0,,,0,0,0,0,51,2026-02-04 16:27:08.137328
RTM1P51,1.58,1.57,1.59,1000000.0,1000000.0,20.0,,0,0,0,0,51,2026-02-04 16:27:08.137328
RTM1C52,0.12,0.11,0.13,1000000.0,1000000.0,,10.0,0,0,0,0,51,2026-02-04 16:27:08.137328
RTM1P52,2.4,2.39,2.41,1000000.0,1000000.0,20.0,,0,0,0,0,51,2026-02-04 16:27:08.137328
RTM1C53,0.04,0.03,0.05,1000000.0,1000000.0,,,0,0,0,0,51,2026-02-04 16:27:08.137328
RTM1P53,3.32,3.31,3.33,1000000.0,1000000.0,,,0,0,0,0,51,2026-02-04 16:27:08.137328
RTM1C54,0.02,0.01,0.03,1000000.0,1000000.0,,,0,0,0,0,51,2026-02-04 16:27:08.137328
RTM1P54,4.29,4.28,4.3,1000000.0,1000000.0,,,0,0,0,0,51,2026-02-04 16:27:08.137328
RTM,49.81,49.79,49.81,100000000.0,100000000.0,,,0,0,0,0,52,2026-02-04 16:27:09.237333
RTM1C45,4.8,4.79,4.81,1000000.0,1000000.0,,,0,0,0,0,52,2026-02-04 16:27:09.237333
RTM1P45,0.02,0.01,0.03,1000000.0,1000000.0,,,0,0,0,0,52,2026-02-04 16:27:09.237333
RTM1C46,3.81,3.8,3.82,1000000.0,1000000.0,,,0,0,0,0,52,2026-02-04 16:27:09.237333
RTM1P46,0.02,0.01,0.03,1000000.0,1000000.0,,,0,0,0,0,52,2026-02-04 16:27:09.237333
RTM1C47,2.85,2.84,2.86,1000000.0,1000000.0,,,0,0,0,0,52,2026-02-04 16:27:09.237333
RTM1P47,0.05,0.04,0.06,1000000.0,1000000.0,,,0,0,0,0,52,2026-02-04 16:27:09.237333
RTM1C48,1.98,1.97,1.99,1000000.0,1000000.0,,,0,0,0,0,52,2026-02-04 16:27:09.237333
RTM1P48,0.17,0.16,0.18,1000000.0,1000000.0,,,0,0,0,0,52,2026-02-04 16:27:09.237333
RTM1C49,1.23,1.22,1.24,1000000.0,1000000.0,,,0,0,0,0,52,2026-02-04 16:27:09.237333
RTM1P49,0.43,0.42,0.44,1000000.0,1000000.0,10.0,,0,0,0,0,52,2026-02-04 16:27:09.237333
RTM1C50,0.7,0.69,0.71,1000000.0,1000000.0,,,0,0,0,0,52,2026-02-04 16:27:09.237333
RTM1P50,0.9,0.89,0.91,1000000.0,1000000.0,20.0,,0,0,0,0,52,2026-02-04 16:27:09.237333
RTM1C51,0.33,0.32,0.34,1000000.0,1000000.0,,,0,0,0,0,52,2026-02-04 16:27:09.237333
RTM1P51,1.53,1.52,1.54,1000000.0,1000000.0,20.0,,0,0,0,0,52,2026-02-04 16:27:09.237333
RTM1C52,0.13,0.12,0.14,1000000.0,1000000.0,,10.0,0,0,0,0,52,2026-02-04 16:27:09.237333
RTM1P52,2.34,2.33,2.34,1000000.0,1000000.0,20.0,,0,0,0,0,52,2026-02-04 16:27:09.237333
RTM1C53,0.05,0.04,0.06,1000000.0,1000000.0,,,0,0,0,0,52,2026-02-04 16:27:09.237333
RTM1P53,3.24,3.23,3.25,1000000.0,1000000.0,,,0,0,0,0,52,2026-02-04 16:27:09.237333
RTM1C54,0.02,0.01,0.03,1000000.0,1000000.0,,,0,0,0,0,52,2026-02-04 16:27:09.237333
RTM1P54,4.21,4.2,4.22,1000000.0,1000000.0,,,0,0,0,0,52,2026-02-04 16:27:09.237333
RTM,49.88,49.86,49.88,100000000.0,100000000.0,,,0,0,0,0,53,2026-02-04 16:27:10.339959
RTM1C45,4.87,4.86,4.88,1000000.0,1000000.0,,,0,0,0,0,53,2026-02-04 16:27:10.339959
RTM1P45,0.02,0.01,0.03,1000000.0,1000000.0,,,0,0,0,0,53,2026-02-04 16:27:10.339959
RTM1C46,3.88,3.87,3.89,1000000.0,1000000.0,,,0,0,0,0,53,2026-02-04 16:27:10.339959
RTM1P46,0.02,0.01,0.03,1000000.0,1000000.0,,,0,0,0,0,53,2026-02-04 16:27:10.339959
RTM1C47,2.92,2.91,2.93,1000000.0,1000000.0,,,0,0,0,0,53,2026-02-04 16:27:10.339959
RTM1P47,0.05,0.04,0.06,1000000.0,1000000.0,,,0,0,0,0,53,2026-02-04 16:27:10.339959
RTM1C48,2.02,2.01,2.03,1000000.0,1000000.0,,,0,0,0,0,53,2026-02-04 16:27:10.339959
RTM1P48,0.15,0.14,0.16,1000000.0,1000000.0,,,0,0,0,0,53,2026-02-04 16:27:10.339959
RTM1C49,1.28,1.27,1.29,1000000.0,1000000.0,10.0,,0,0,0,0,53,2026-02-04 16:27:10.339959
RTM1P49,0.41,0.39,0.41,1000000.0,1000000.0,,,0,0,0,0,53,2026-02-04 16:27:10.339959
RTM1C50,0.72,0.71,0.73,1000000.0,1000000.0,,,0,0,0,0,53,2026-02-04 16:27:10.339959
RTM1P50,0.86,0.84,0.86,1000000.0,1000000.0,10.0,,0,0,0,0,53,2026-02-04 16:27:10.339959
RTM1C51,0.34,0.33,0.35,1000000.0,1000000.0,,,0,0,0,0,53,2026-02-04 16:27:10.339959
RTM1P51,1.47,1.46,1.48,1000000.0,1000000.0,10.0,,0,0,0,0,53,2026-02-04 16:27:10.339959
RTM1C52,0.14,0.13,0.15,1000000.0,1000000.0,,10.0,0,0,0,0,53,2026-02-04 16:27:10.339959
RTM1P52,2.27,2.26,2.28,1000000.0,1000000.0,10.0,,0,0,0,0,53,2026-02-04 16:27:10.339959
RTM1C53,0.05,0.04,0.06,1000000.0,1000000.0,,,0,0,0,0,53,2026-02-04 16:27:10.339959
RTM1P53,3.17,3.16,3.18,1000000.0,1000000.0,,,0,0,0,0,53,2026-02-04 16:27:10.339959
RTM1C54,0.02,0.01,0.03,1000000.0,1000000.0,,,0,0,0,0,53,2026-02-04 16:27:10.339959
RTM1P54,4.14,4.13,4.15,1000000.0,1000000.0,,,0,0,0,0,53,2026-02-04 16:27:10.339959
RTM,49.81,49.79,49.81,100000000.0,100000000.0,,,0,0,0,0,54,2026-02-04 16:27:11.421569
RTM1C45,4.8,4.79,4.81,1000000.0,1000000.0,,,0,0,0,0,54,2026-02-04 16:27:11.421569
RTM1P45,0.02,0.01,0.03,1000000.0,1000000.0,,,0,0,0,0,54,2026-02-04 16:27:11.421569
RTM1C46,3.81,3.8,3.82,1000000.0,1000000.0,,,0,0,0,0,54,2026-02-04 16:27:11.421569
RTM1P46,0.02,0.01,0.03,1000000.0,1000000.0,,,0,0,0,0,54,2026-02-04 16:27:11.421569
RTM1C47,2.85,2.84,2.86,1000000.0,1000000.0,,,0,0,0,0,54,2026-02-04 16:27:11.421569
RTM1P47,0.05,0.04,0.06,1000000.0,1000000.0,,,0,0,0,0,54,2026-02-04 16:27:11.421569
RTM1C48,1.96,1.95,1.97,1000000.0,1000000.0,,,0,0,0,0,54,2026-02-04 16:27:11.421569
RTM1P48,0.17,0.16,0.18,1000000.0,1000000.0,,,0,0,0,0,54,2026-02-04 16:27:11.421569
RTM1C49,1.22,1.21,1.23,1000000.0,1000000.0,,,0,0,0,0,54,2026-02-04 16:27:11.421569
RTM1P49,0.43,0.42,0.44,1000000.0,1000000.0,,,0,0,0,0,54,2026-02-04 16:27:11.421569
RTM1C50,0.67,0.66,0.68,1000000.0,1000000.0,,,0,0,0,0,54,2026-02-04 16:27:11.421569
RTM1P50,0.88,0.87,0.89,1000000.0,1000000.0,10.0,,0,0,0,0,54,2026-02-04 16:27:11.421569
RTM1C51,0.3,0.29,0.31,1000000.0,1000000.0,,,0,0,0,0,54,2026-02-04 16:27:11.421569
RTM1P51,1.51,1.5,1.52,1000000.0,1000000.0,10.0,,0,0,0,0,54,2026-02-04 16:27:11.421569
RTM1C52,0.14,0.12,0.14,1000000.0,1000000.0,,10.0,0,0,0,0,54,2026-02-04 16:27:11.421569
RTM1P52,2.34,2.32,2.34,1000000.0,1000000.0,10.0,,0,0,0,0,54,2026-02-04 16:27:11.421569
RTM1C53,0.04,0.03,0.05,1000000.0,1000000.0,,,0,0,0,0,54,2026-02-04 16:27:11.421569
RTM1P53,3.25,3.24,3.26,1000000.0,1000000.0,,,0,0,0,0,54,2026-02-04 16:27:11.421569
RTM1C54,0.02,0.01,0.03,1000000.0,1000000.0,,,0,0,0,0,54,2026-02-04 16:27:11.421569
RTM1P54,4.22,4.21,4.23,1000000.0,1000000.0,,,0,0,0,0,54,2026-02-04 16:27:11.421569
RTM,50.1,50.09,50.11,100000000.0,100000000.0,,0,0,0,0,0,55,2026-02-04 16:27:12.493321
RTM1C45,5.1,5.09,5.11,1000000.0,1000000.0,,0,0,0,0,0,55,2026-02-04 16:27:12.493321
RTM1P45,0.02,0.01,0.03,1000000.0,1000000.0,,0,0,0,0,0,55,2026-02-04 16:27:12.493321
RTM1C46,4.11,4.1,4.12,1000000.0,1000000.0,,0,0,0,0,0,55,2026-02-04 16:27:12.493321
RTM1P46,0.02,0.01,0.03,1000000.0,1000000.0,,0,0,0,0,0,55,2026-02-04 16:27:12.493321
RTM1C47,3.14,3.13,3.15,1000000.0,1000000.0,,0,0,0,0,0,55,2026-02-04 16:27:12.493321
RTM1P47,0.04,0.03,0.05,1000000.0,1000000.0,,0,0,0,0,0,55,2026-02-04 16:27:12.493321
RTM1C48,2.22,2.21,2.23,1000000.0,1000000.0,,0,0,0,0,0,55,2026-02-04 16:27:12.493321
RTM1P48,0.13,0.11,0.13,1000000.0,1000000.0,,0,0,0,0,0,55,2026-02-04 16:27:12.493321
RTM1C49,1.42,1.41,1.43,1000000.0,1000000.0,10.0,0,0,0,0,0,55,2026-02-04 16:27:12.493321
RTM1P49,0.33,0.31,0.33,1000000.0,1000000.0,,0,0,0,0,0,55,2026-02-04 16:27:12.493321
RTM1C50,0.81,0.8,0.82,1000000.0,1000000.0,,0,0,0,0,0,55,2026-02-04 16:27:12.493321
RTM1P50,0.71,0.7,0.72,1000000.0,1000000.0,,0,0,0,0,0,55,2026-02-04 16:27:12.493321
RTM1C51,0.4,0.39,0.41,1000000.0,1000000.0,,0,0,0,0,0,55,2026-02-04 16:27:12.493321
RTM1P51,1.3,1.29,1.31,1000000.0,1000000.0,,0,0,0,0,0,55,2026-02-04 16:27:12.493321
RTM1C52,0.16,0.15,0.17,1000000.0,1000000.0,,0,0,0,0,0,55,2026-02-04 16:27:12.493321
RTM1P52,2.06,2.05,2.07,1000000.0,1000000.0,10.0,0,0,0,0,0,55,2026-02-04 16:27:12.493321
RTM1C53,0.06,0.05,0.07,1000000.0,1000000.0,,0,0,0,0,0,55,2026-02-04 16:27:12.493321
RTM1P53,2.96,2.95,2.97,1000000.0,1000000.0,,0,0,0,0,0,55,2026-02-04 16:27:12.493321
RTM1C54,0.02,0.01,0.03,1000000.0,1000000.0,,0,0,0,0,0,55,2026-02-04 16:27:12.493321
RTM1P54,3.92,3.91,3.93,1000000.0,1000000.0,,0,0,0,0,0,55,2026-02-04 16:27:12.493321
RTM,50.12,50.11,50.13,100000000.0,100000000.0,,0,0,0,0,0,56,2026-02-04 16:27:13.097276
RTM1C45,5.12,5.11,5.13,1000000.0,1000000.0,,0,0,0,0,0,56,2026-02-04 16:27:13.097276
RTM1P45,0.02,0.01,0.03,1000000.0,1000000.0,,0,0,0,0,0,56,2026-02-04 16:27:13.097276
RTM1C46,4.13,4.12,4.14,1000000.0,1000000.0,,0,0,0,0,0,56,2026-02-04 16:27:13.097276
RTM1P46,0.02,0.01,0.03,1000000.0,1000000.0,,0,0,0,0,0,56,2026-02-04 16:27:13.097276
RTM1C47,3.15,3.14,3.16,1000000.0,1000000.0,,0,0,0,0,0,56,2026-02-04 16:27:13.097276
RTM1P47,0.03,0.02,0.04,1000000.0,1000000.0,,0,0,0,0,0,56,2026-02-04 16:27:13.097276
RTM1C48,2.24,2.23,2.25,1000000.0,1000000.0,,0,0,0,0,0,56,2026-02-04 16:27:13.097276
RTM1P48,0.12,0.11,0.13,1000000.0,1000000.0,,0,0,0,0,0,56,2026-02-04 16:27:13.097276
RTM1C49,1.43,1.42,1.44,1000000.0,1000000.0,10.0,0,0,0,0,0,56,2026-02-04 16:27:13.097276
RTM1P49,0.31,0.3,0.32,1000000.0,1000000.0,,0,0,0,0,0,56,2026-02-04 16:27:13.097276
RTM1C50,0.82,0.81,0.83,1000000.0,1000000.0,10.0,0,0,0,0,0,56,2026-02-04 16:27:13.097276
RTM1P50,0.7,0.69,0.71,1000000.0,1000000.0,,0,0,0,0,0,56,2026-02-04 16:27:13.097276
RTM1C51,0.4,0.39,0.41,1000000.0,1000000.0,10.0,0,0,0,0,0,56,2026-02-04 16:27:13.097276
RTM1P51,1.28,1.27,1.29,1000000.0,1000000.0,,0,0,0,0,0,56,2026-02-04 16:27:13.097276
RTM1C52,0.17,0.16,0.18,1000000.0,1000000.0,10.0,0,0,0,0,0,56,2026-02-04 16:27:13.097276
RTM1P52,2.06,2.05,2.07,1000000.0,1000000.0,10.0,0,0,0,0,0,56,2026-02-04 16:27:13.097276
RTM1C53,0.06,0.05,0.07,1000000.0,1000000.0,,0,0,0,0,0,56,2026-02-04 16:27:13.097276
