ticker,last_price,bid_price,ask_price,BUY_ANON,SELL_ANON,SELL_COLB-2,BUY_COLB-2,tick,timestamp,news_news_id,news_period,news_tick,news_ticker,news_headline,news_body
RTM,50.0,49.99,50.01,100000000.0,100000000.0,0,0,1,2026-02-03 00:59:03.350888,2.0,1.0,1.0,Week 1,Delta limit and penalty,The delta limit for this sub-heat is 10000 and the penalty percentage is 2%
RTM1C45,5.05,5.04,5.06,1000000.0,1000000.0,0,0,1,2026-02-03 00:59:03.350888,1.0,1.0,1.0,Week 1,Risk free rate and current annualized volatility of RTM,The current risk free rate is 0%. RTM is an ETF that mimics one of the major indices in the simulated world and its current annualized realized volatility is 27%. This simulation consists of 20 trading days that are each 15 ticks in length.
RTM1P45,0.05,0.04,0.06,1000000.0,1000000.0,0,0,1,2026-02-03 00:59:03.350888,,,,,,
RTM1C46,4.11,4.1,4.12,1000000.0,1000000.0,0,0,1,2026-02-03 00:59:03.350888,,,,,,
RTM1P46,0.11,0.1,0.12,1000000.0,1000000.0,0,0,1,2026-02-03 00:59:03.350888,,,,,,
RTM1C47,3.24,3.23,3.25,1000000.0,1000000.0,0,0,1,2026-02-03 00:59:03.350888,,,,,,
RTM1P47,0.24,0.23,0.25,1000000.0,1000000.0,0,0,1,2026-02-03 00:59:03.350888,,,,,,
RTM1C48,2.45,2.44,2.46,1000000.0,1000000.0,0,0,1,2026-02-03 00:59:03.350888,,,,,,
RTM1P48,0.45,0.44,0.46,1000000.0,1000000.0,0,0,1,2026-02-03 00:59:03.350888,,,,,,
RTM1C49,1.54,1.53,1.55,1000000.0,1000000.0,0,0,1,2026-02-03 00:59:03.350888,,,,,,
RTM1P49,0.54,0.53,0.55,1000000.0,1000000.0,0,0,1,2026-02-03 00:59:03.350888,,,,,,
RTM1C50,0.99,0.98,1.0,1000000.0,1000000.0,0,0,1,2026-02-03 00:59:03.350888,,,,,,
RTM1P50,0.99,0.98,1.0,1000000.0,1000000.0,0,0,1,2026-02-03 00:59:03.350888,,,,,,
RTM1C51,0.72,0.71,0.73,1000000.0,1000000.0,0,0,1,2026-02-03 00:59:03.350888,,,,,,
RTM1P51,1.72,1.71,1.73,1000000.0,1000000.0,0,0,1,2026-02-03 00:59:03.350888,,,,,,
RTM1C52,0.37,0.36,0.38,1000000.0,1000000.0,0,0,1,2026-02-03 00:59:03.350888,,,,,,
RTM1P52,2.37,2.36,2.38,1000000.0,1000000.0,0,0,1,2026-02-03 00:59:03.350888,,,,,,
RTM1C53,0.28,0.27,0.29,1000000.0,1000000.0,0,0,1,2026-02-03 00:59:03.350888,,,,,,
RTM1P53,3.28,3.27,3.29,1000000.0,1000000.0,0,0,1,2026-02-03 00:59:03.350888,,,,,,
RTM1C54,0.16,0.15,0.17,1000000.0,1000000.0,0,0,1,2026-02-03 00:59:03.350888,,,,,,
RTM1P54,4.16,4.15,4.17,1000000.0,1000000.0,0,0,1,2026-02-03 00:59:03.350888,,,,,,
RTM,50.24,50.23,50.25,100000000.0,100000000.0,0,0,2,2026-02-03 00:59:03.909945
RTM1C45,5.28,5.27,5.29,1000000.0,1000000.0,0,0,2,2026-02-03 00:59:03.909945
RTM1P45,0.04,0.03,0.05,1000000.0,1000000.0,0,0,2,2026-02-03 00:59:03.909945
RTM1C46,4.31,4.3,4.32,1000000.0,1000000.0,0,0,2,2026-02-03 00:59:03.909945
RTM1P46,0.07,0.06,0.08,1000000.0,1000000.0,0,0,2,2026-02-03 00:59:03.909945
RTM1C47,3.41,3.4,3.42,1000000.0,1000000.0,0,0,2,2026-02-03 00:59:03.909945
RTM1P47,0.17,0.16,0.18,1000000.0,1000000.0,0,0,2,2026-02-03 00:59:03.909945
RTM1C48,2.46,2.45,2.47,1000000.0,1000000.0,0,0,2,2026-02-03 00:59:03.909945
RTM1P48,0.22,0.21,0.23,1000000.0,1000000.0,0,0,2,2026-02-03 00:59:03.909945
RTM1C49,1.89,1.88,1.9,1000000.0,1000000.0,0,0,2,2026-02-03 00:59:03.909945
RTM1P49,0.65,0.64,0.66,1000000.0,1000000.0,0,0,2,2026-02-03 00:59:03.909945
RTM1C50,1.11,1.1,1.12,1000000.0,1000000.0,0,0,2,2026-02-03 00:59:03.909945
RTM1P50,0.87,0.86,0.88,1000000.0,1000000.0,0,0,2,2026-02-03 00:59:03.909945
RTM1C51,0.91,0.9,0.92,1000000.0,1000000.0,0,0,2,2026-02-03 00:59:03.909945
RTM1P51,1.67,1.66,1.68,1000000.0,1000000.0,0,0,2,2026-02-03 00:59:03.909945
RTM1C52,0.44,0.43,0.45,1000000.0,1000000.0,0,0,2,2026-02-03 00:59:03.909945
RTM1P52,2.2,2.19,2.21,1000000.0,1000000.0,0,0,2,2026-02-03 00:59:03.909945
RTM1C53,0.22,0.21,0.23,1000000.0,1000000.0,0,0,2,2026-02-03 00:59:03.909945
RTM1P53,2.98,2.97,2.99,1000000.0,1000000.0,0,0,2,2026-02-03 00:59:03.909945
RTM1C54,0.16,0.15,0.17,1000000.0,1000000.0,0,0,2,2026-02-03 00:59:03.909945
RTM1P54,3.92,3.91,3.93,1000000.0,1000000.0,0,0,2,2026-02-03 00:59:03.909945
RTM,50.1,50.09,50.11,100000000.0,100000000.0,0,0,3,2026-02-03 00:59:04.493839
RTM1C45,5.11,5.1,5.12,1000000.0,1000000.0,0,0,3,2026-02-03 00:59:04.493839
RTM1P45,0.02,0.01,0.03,1000000.0,1000000.0,0,0,3,2026-02-03 00:59:04.493839
RTM1C46,4.19,4.18,4.2,1000000.0,1000000.0,0,0,3,2026-02-03 00:59:04.493839
RTM1P46,0.09,0.08,0.1,1000000.0,1000000.0,0,0,3,2026-02-03 00:59:04.493839
RTM1C47,3.22,3.21,3.23,1000000.0,1000000.0,0,0,3,2026-02-03 00:59:04.493839
RTM1P47,0.12,0.11,0.13,1000000.0,1000000.0,0,0,3,2026-02-03 00:59:04.493839
RTM1C48,2.34,2.33,2.35,1000000.0,1000000.0,0,0,3,2026-02-03 00:59:04.493839
RTM1P48,0.24,0.23,0.25,1000000.0,1000000.0,0,0,3,2026-02-03 00:59:04.493839
RTM1C49,1.77,1.76,1.78,1000000.0,1000000.0,0,0,3,2026-02-03 00:59:04.493839
RTM1P49,0.67,0.66,0.68,1000000.0,1000000.0,0,0,3,2026-02-03 00:59:04.493839
RTM1C50,1.26,1.25,1.27,1000000.0,1000000.0,0,0,3,2026-02-03 00:59:04.493839
RTM1P50,1.16,1.15,1.17,1000000.0,1000000.0,0,0,3,2026-02-03 00:59:04.493839
RTM1C51,0.75,0.74,0.76,1000000.0,1000000.0,0,0,3,2026-02-03 00:59:04.493839
RTM1P51,1.66,1.65,1.67,1000000.0,1000000.0,0,0,3,2026-02-03 00:59:04.493839
RTM1C52,0.44,0.43,0.45,1000000.0,1000000.0,0,0,3,2026-02-03 00:59:04.493839
RTM1P52,2.34,2.33,2.35,1000000.0,1000000.0,0,0,3,2026-02-03 00:59:04.493839
RTM1C53,0.19,0.18,0.2,1000000.0,1000000.0,0,0,3,2026-02-03 00:59:04.493839
RTM1P53,3.09,3.08,3.1,1000000.0,1000000.0,0,0,3,2026-02-03 00:59:04.493839
RTM1C54,0.09,0.08,0.1,1000000.0,1000000.0,0,0,3,2026-02-03 00:59:04.493839
RTM1P54,4.0,3.99,4.01,1000000.0,1000000.0,0,0,3,2026-02-03 00:59:04.493839
RTM,50.32,50.31,50.33,100000000.0,100000000.0,0,0,4,2026-02-03 00:59:05.549889
RTM1C45,5.33,5.32,5.34,1000000.0,1000000.0,0,0,4,2026-02-03 00:59:05.549889
RTM1P45,0.02,0.01,0.03,1000000.0,1000000.0,0,0,4,2026-02-03 00:59:05.549889
RTM1C46,4.38,4.37,4.39,1000000.0,1000000.0,0,0,4,2026-02-03 00:59:05.549889
RTM1P46,0.06,0.05,0.07,1000000.0,1000000.0,0,0,4,2026-02-03 00:59:05.549889
RTM1C47,3.46,3.45,3.47,1000000.0,1000000.0,0,0,4,2026-02-03 00:59:05.549889
RTM1P47,0.14,0.13,0.15,1000000.0,1000000.0,0,0,4,2026-02-03 00:59:05.549889
RTM1C48,2.55,2.54,2.56,1000000.0,1000000.0,0,0,4,2026-02-03 00:59:05.549889
RTM1P48,0.23,0.22,0.24,1000000.0,1000000.0,0,0,4,2026-02-03 00:59:05.549889
RTM1C49,1.82,1.81,1.83,1000000.0,1000000.0,0,0,4,2026-02-03 00:59:05.549889
RTM1P49,0.5,0.49,0.51,1000000.0,1000000.0,0,0,4,2026-02-03 00:59:05.549889
RTM1C50,1.2,1.19,1.21,1000000.0,1000000.0,0,0,4,2026-02-03 00:59:05.549889
RTM1P50,0.88,0.87,0.89,1000000.0,1000000.0,0,0,4,2026-02-03 00:59:05.549889
RTM1C51,0.68,0.67,0.69,1000000.0,1000000.0,0,0,4,2026-02-03 00:59:05.549889
RTM1P51,1.36,1.35,1.37,1000000.0,1000000.0,0,0,4,2026-02-03 00:59:05.549889
RTM1C52,0.55,0.54,0.56,1000000.0,1000000.0,0,0,4,2026-02-03 00:59:05.549889
RTM1P52,2.23,2.22,2.24,1000000.0,1000000.0,0,0,4,2026-02-03 00:59:05.549889
RTM1C53,0.19,0.18,0.2,1000000.0,1000000.0,0,0,4,2026-02-03 00:59:05.549889
RTM1P53,2.87,2.86,2.88,1000000.0,1000000.0,0,0,4,2026-02-03 00:59:05.549889
RTM1C54,0.16,0.15,0.17,1000000.0,1000000.0,0,0,4,2026-02-03 00:59:05.549889
RTM1P54,3.84,3.83,3.85,1000000.0,1000000.0,0,0,4,2026-02-03 00:59:05.549889
RTM,50.45,50.44,50.46,100000000.0,100000000.0,0,0,5,2026-02-03 00:59:06.609071
RTM1C45,5.47,5.46,5.48,1000000.0,1000000.0,0,0,5,2026-02-03 00:59:06.609071
RTM1P45,0.02,0.01,0.03,1000000.0,1000000.0,0,0,5,2026-02-03 00:59:06.609071
RTM1C46,4.54,4.53,4.55,1000000.0,1000000.0,0,0,5,2026-02-03 00:59:06.609071
RTM1P46,0.09,0.08,0.1,1000000.0,1000000.0,0,0,5,2026-02-03 00:59:06.609071
RTM1C47,3.58,3.57,3.59,1000000.0,1000000.0,0,0,5,2026-02-03 00:59:06.609071
RTM1P47,0.13,0.12,0.14,1000000.0,1000000.0,0,0,5,2026-02-03 00:59:06.609071
RTM1C48,2.73,2.72,2.74,1000000.0,1000000.0,0,0,5,2026-02-03 00:59:06.609071
RTM1P48,0.28,0.27,0.29,1000000.0,1000000.0,0,0,5,2026-02-03 00:59:06.609071
RTM1C49,1.97,1.96,1.98,1000000.0,1000000.0,0,0,5,2026-02-03 00:59:06.609071
RTM1P49,0.52,0.51,0.53,1000000.0,1000000.0,0,0,5,2026-02-03 00:59:06.609071
RTM1C50,1.34,1.33,1.35,1000000.0,1000000.0,0,0,5,2026-02-03 00:59:06.609071
RTM1P50,0.88,0.87,0.89,1000000.0,1000000.0,0,0,5,2026-02-03 00:59:06.609071
RTM1C51,0.98,0.97,0.99,1000000.0,1000000.0,0,0,5,2026-02-03 00:59:06.609071
RTM1P51,1.53,1.52,1.54,1000000.0,1000000.0,0,0,5,2026-02-03 00:59:06.609071
RTM1C52,0.61,0.6,0.62,1000000.0,1000000.0,0,0,5,2026-02-03 00:59:06.609071
RTM1P52,2.16,2.15,2.17,1000000.0,1000000.0,0,0,5,2026-02-03 00:59:06.609071
RTM1C53,0.25,0.24,0.26,1000000.0,1000000.0,0,0,5,2026-02-03 00:59:06.609071
RTM1P53,2.8,2.79,2.81,1000000.0,1000000.0,0,0,5,2026-02-03 00:59:06.609071
RTM1C54,0.17,0.16,0.18,1000000.0,1000000.0,0,0,5,2026-02-03 00:59:06.609071
RTM1P54,3.72,3.71,3.73,1000000.0,1000000.0,0,0,5,2026-02-03 00:59:06.609071
RTM,50.25,50.24,50.26,100000000.0,100000000.0,0,0,6,2026-02-03 00:59:07.677638
RTM1C45,5.29,5.28,5.3,1000000.0,1000000.0,0,0,6,2026-02-03 00:59:07.677638
RTM1P45,0.03,0.02,0.04,1000000.0,1000000.0,0,0,6,2026-02-03 00:59:07.677638
RTM1C46,4.33,4.32,4.34,1000000.0,1000000.0,0,0,6,2026-02-03 00:59:07.677638
RTM1P46,0.08,0.07,0.09,1000000.0,1000000.0,0,0,6,2026-02-03 00:59:07.677638
RTM1C47,3.41,3.4,3.42,1000000.0,1000000.0,0,0,6,2026-02-03 00:59:07.677638
RTM1P47,0.16,0.15,0.17,1000000.0,1000000.0,0,0,6,2026-02-03 00:59:07.677638
RTM1C48,2.51,2.5,2.52,1000000.0,1000000.0,0,0,6,2026-02-03 00:59:07.677638
RTM1P48,0.26,0.25,0.27,1000000.0,1000000.0,0,0,6,2026-02-03 00:59:07.677638
RTM1C49,1.94,1.93,1.95,1000000.0,1000000.0,0,0,6,2026-02-03 00:59:07.677638
RTM1P49,0.69,0.68,0.7,1000000.0,1000000.0,0,0,6,2026-02-03 00:59:07.677638
RTM1C50,1.37,1.36,1.38,1000000.0,1000000.0,0,0,6,2026-02-03 00:59:07.677638
RTM1P50,1.11,1.1,1.12,1000000.0,1000000.0,0,0,6,2026-02-03 00:59:07.677638
RTM1C51,0.68,0.67,0.69,1000000.0,1000000.0,0,0,6,2026-02-03 00:59:07.677638
RTM1P51,1.43,1.42,1.44,1000000.0,1000000.0,0,0,6,2026-02-03 00:59:07.677638
RTM1C52,0.43,0.42,0.44,1000000.0,1000000.0,0,0,6,2026-02-03 00:59:07.677638
RTM1P52,2.18,2.17,2.19,1000000.0,1000000.0,0,0,6,2026-02-03 00:59:07.677638
RTM1C53,0.21,0.2,0.22,1000000.0,1000000.0,0,0,6,2026-02-03 00:59:07.677638
RTM1P53,2.95,2.94,2.96,1000000.0,1000000.0,0,0,6,2026-02-03 00:59:07.677638
RTM1C54,0.12,0.11,0.13,1000000.0,1000000.0,0,0,6,2026-02-03 00:59:07.677638
RTM1P54,3.86,3.85,3.87,1000000.0,1000000.0,0,0,6,2026-02-03 00:59:07.677638
RTM,50.28,50.27,50.29,100000000.0,100000000.0,0,0,7,2026-02-03 00:59:08.745347
RTM1C45,5.31,5.3,5.32,1000000.0,1000000.0,0,0,7,2026-02-03 00:59:08.745347
RTM1P45,0.03,0.02,0.04,1000000.0,1000000.0,0,0,7,2026-02-03 00:59:08.745347
RTM1C46,4.34,4.33,4.35,1000000.0,1000000.0,0,0,7,2026-02-03 00:59:08.745347
RTM1P46,0.05,0.04,0.06,1000000.0,1000000.0,0,0,7,2026-02-03 00:59:08.745347
RTM1C47,3.39,3.38,3.4,1000000.0,1000000.0,0,0,7,2026-02-03 00:59:08.745347
RTM1P47,0.11,0.1,0.12,1000000.0,1000000.0,0,0,7,2026-02-03 00:59:08.745347
RTM1C48,2.59,2.58,2.6,1000000.0,1000000.0,0,0,7,2026-02-03 00:59:08.745347
RTM1P48,0.3,0.29,0.31,1000000.0,1000000.0,0,0,7,2026-02-03 00:59:08.745347
RTM1C49,1.9,1.89,1.91,1000000.0,1000000.0,0,0,7,2026-02-03 00:59:08.745347
RTM1P49,0.62,0.61,0.63,1000000.0,1000000.0,0,0,7,2026-02-03 00:59:08.745347
RTM1C50,1.2,1.19,1.21,1000000.0,1000000.0,0,0,7,2026-02-03 00:59:08.745347
RTM1P50,0.92,0.91,0.93,1000000.0,1000000.0,0,0,7,2026-02-03 00:59:08.745347
RTM1C51,0.84,0.83,0.85,1000000.0,1000000.0,0,0,7,2026-02-03 00:59:08.745347
RTM1P51,1.55,1.54,1.56,1000000.0,1000000.0,0,0,7,2026-02-03 00:59:08.745347
RTM1C52,0.41,0.4,0.42,1000000.0,1000000.0,0,0,7,2026-02-03 00:59:08.745347
RTM1P52,2.13,2.12,2.14,1000000.0,1000000.0,0,0,7,2026-02-03 00:59:08.745347
RTM1C53,0.29,0.28,0.3,1000000.0,1000000.0,0,0,7,2026-02-03 00:59:08.745347
RTM1P53,3.0,2.99,3.01,1000000.0,1000000.0,0,0,7,2026-02-03 00:59:08.745347
RTM1C54,0.09,0.08,0.1,1000000.0,1000000.0,0,0,7,2026-02-03 00:59:08.745347
RTM1P54,3.81,3.8,3.82,1000000.0,1000000.0,0,0,7,2026-02-03 00:59:08.745347
RTM,50.32,50.31,50.33,100000000.0,100000000.0,0,0,8,2026-02-03 00:59:09.813248
RTM1C45,5.36,5.35,5.37,1000000.0,1000000.0,0,0,8,2026-02-03 00:59:09.813248
RTM1P45,0.04,0.03,0.05,1000000.0,1000000.0,0,0,8,2026-02-03 00:59:09.813248
RTM1C46,4.38,4.37,4.39,1000000.0,1000000.0,0,0,8,2026-02-03 00:59:09.813248
RTM1P46,0.06,0.05,0.07,1000000.0,1000000.0,0,0,8,2026-02-03 00:59:09.813248
RTM1C47,3.51,3.5,3.52,1000000.0,1000000.0,0,0,8,2026-02-03 00:59:09.813248
RTM1P47,0.2,0.19,0.21,1000000.0,1000000.0,0,0,8,2026-02-03 00:59:09.813248
RTM1C48,2.68,2.67,2.69,1000000.0,1000000.0,0,0,8,2026-02-03 00:59:09.813248
RTM1P48,0.36,0.35,0.37,1000000.0,1000000.0,0,0,8,2026-02-03 00:59:09.813248
RTM1C49,1.8,1.79,1.81,1000000.0,1000000.0,0,0,8,2026-02-03 00:59:09.813248
RTM1P49,0.48,0.47,0.49,1000000.0,1000000.0,0,0,8,2026-02-03 00:59:09.813248
RTM1C50,1.21,1.2,1.22,1000000.0,1000000.0,0,0,8,2026-02-03 00:59:09.813248
RTM1P50,0.9,0.89,0.91,1000000.0,1000000.0,0,0,8,2026-02-03 00:59:09.813248
RTM1C51,0.88,0.87,0.89,1000000.0,1000000.0,0,0,8,2026-02-03 00:59:09.813248
RTM1P51,1.56,1.55,1.57,1000000.0,1000000.0,0,0,8,2026-02-03 00:59:09.813248
RTM1C52,0.52,0.51,0.53,1000000.0,1000000.0,0,0,8,2026-02-03 00:59:09.813248
RTM1P52,2.2,2.19,2.21,1000000.0,1000000.0,0,0,8,2026-02-03 00:59:09.813248
RTM1C53,0.34,0.33,0.35,1000000.0,1000000.0,0,0,8,2026-02-03 00:59:09.813248
RTM1P53,3.02,3.01,3.03,1000000.0,1000000.0,0,0,8,2026-02-03 00:59:09.813248
RTM1C54,0.19,0.18,0.2,1000000.0,1000000.0,0,0,8,2026-02-03 00:59:09.813248
RTM1P54,3.87,3.86,3.88,1000000.0,1000000.0,0,0,8,2026-02-03 00:59:09.813248
RTM,50.29,50.28,50.3,100000000.0,100000000.0,0,0,9,2026-02-03 00:59:10.876852
RTM1C45,5.31,5.3,5.32,1000000.0,1000000.0,0,0,9,2026-02-03 00:59:10.876852
RTM1P45,0.02,0.01,0.03,1000000.0,1000000.0,0,0,9,2026-02-03 00:59:10.876852
RTM1C46,4.37,4.36,4.38,1000000.0,1000000.0,0,0,9,2026-02-03 00:59:10.876852
RTM1P46,0.08,0.07,0.09,1000000.0,1000000.0,0,0,9,2026-02-03 00:59:10.876852
RTM1C47,3.41,3.4,3.42,1000000.0,1000000.0,0,0,9,2026-02-03 00:59:10.876852
RTM1P47,0.12,0.11,0.13,1000000.0,1000000.0,0,0,9,2026-02-03 00:59:10.876852
RTM1C48,2.55,2.54,2.56,1000000.0,1000000.0,0,0,9,2026-02-03 00:59:10.876852
RTM1P48,0.26,0.25,0.27,1000000.0,1000000.0,0,0,9,2026-02-03 00:59:10.876852
RTM1C49,1.83,1.82,1.84,1000000.0,1000000.0,0,0,9,2026-02-03 00:59:10.876852
RTM1P49,0.55,0.54,0.56,1000000.0,1000000.0,0,0,9,2026-02-03 00:59:10.876852
RTM1C50,1.22,1.21,1.23,1000000.0,1000000.0,0,0,9,2026-02-03 00:59:10.876852
RTM1P50,0.93,0.92,0.94,1000000.0,1000000.0,0,0,9,2026-02-03 00:59:10.876852
RTM1C51,0.91,0.9,0.92,1000000.0,1000000.0,0,0,9,2026-02-03 00:59:10.876852
RTM1P51,1.62,1.61,1.63,1000000.0,1000000.0,0,0,9,2026-02-03 00:59:10.876852
RTM1C52,0.56,0.55,0.57,1000000.0,1000000.0,0,0,9,2026-02-03 00:59:10.876852
RTM1P52,2.28,2.27,2.29,1000000.0,1000000.0,0,0,9,2026-02-03 00:59:10.876852
RTM1C53,0.25,0.24,0.26,1000000.0,1000000.0,0,0,9,2026-02-03 00:59:10.876852
RTM1P53,2.97,2.96,2.98,1000000.0,1000000.0,0,0,9,2026-02-03 00:59:10.876852
RTM1C54,0.11,0.1,0.12,1000000.0,1000000.0,0,0,9,2026-02-03 00:59:10.876852
RTM1P54,3.82,3.81,3.83,1000000.0,1000000.0,0,0,9,2026-02-03 00:59:10.876852
RTM,50.52,50.52,50.54,100000000.0,100000000.0,0,0,10,2026-02-03 00:59:11.967932
RTM1C45,5.54,5.53,5.55,1000000.0,1000000.0,0,0,10,2026-02-03 00:59:11.967932
RTM1P45,0.02,0.01,0.03,1000000.0,1000000.0,0,0,10,2026-02-03 00:59:11.967932
RTM1C46,4.61,4.6,4.62,1000000.0,1000000.0,0,0,10,2026-02-03 00:59:11.967932
RTM1P46,0.09,0.08,0.1,1000000.0,1000000.0,0,0,10,2026-02-03 00:59:11.967932
RTM1C47,3.63,3.62,3.64,1000000.0,1000000.0,0,0,10,2026-02-03 00:59:11.967932
RTM1P47,0.11,0.1,0.12,1000000.0,1000000.0,0,0,10,2026-02-03 00:59:11.967932
RTM1C48,2.76,2.75,2.77,1000000.0,1000000.0,0,0,10,2026-02-03 00:59:11.967932
RTM1P48,0.23,0.22,0.24,1000000.0,1000000.0,0,0,10,2026-02-03 00:59:11.967932
RTM1C49,2.13,2.12,2.14,1000000.0,1000000.0,0,0,10,2026-02-03 00:59:11.967932
RTM1P49,0.6,0.59,0.61,1000000.0,1000000.0,0,0,10,2026-02-03 00:59:11.967932
RTM1C50,1.44,1.43,1.45,1000000.0,1000000.0,0,0,10,2026-02-03 00:59:11.967932
RTM1P50,0.91,0.9,0.92,1000000.0,1000000.0,0,0,10,2026-02-03 00:59:11.967932
RTM1C51,0.93,0.92,0.94,1000000.0,1000000.0,0,0,10,2026-02-03 00:59:11.967932
RTM1P51,1.41,1.4,1.42,1000000.0,1000000.0,0,0,10,2026-02-03 00:59:11.967932
RTM1C52,0.66,0.65,0.67,1000000.0,1000000.0,0,0,10,2026-02-03 00:59:11.967932
RTM1P52,2.14,2.13,2.15,1000000.0,1000000.0,0,0,10,2026-02-03 00:59:11.967932
RTM1C53,0.43,0.42,0.44,1000000.0,1000000.0,0,0,10,2026-02-03 00:59:11.967932
RTM1P53,2.9,2.89,2.91,1000000.0,1000000.0,0,0,10,2026-02-03 00:59:11.967932
RTM1C54,0.13,0.12,0.14,1000000.0,1000000.0,0,0,10,2026-02-03 00:59:11.967932
RTM1P54,3.61,3.6,3.62,1000000.0,1000000.0,0,0,10,2026-02-03 00:59:11.967932
RTM,50.54,50.53,50.55,100000000.0,100000000.0,0,0,11,2026-02-03 00:59:12.554068
RTM1C45,5.58,5.57,5.59,1000000.0,1000000.0,0,0,11,2026-02-03 00:59:12.554068
RTM1P45,0.04,0.03,0.05,1000000.0,1000000.0,0,0,11,2026-02-03 00:59:12.554068
RTM1C46,4.63,4.62,4.64,1000000.0,1000000.0,0,0,11,2026-02-03 00:59:12.554068
RTM1P46,0.09,0.08,0.1,1000000.0,1000000.0,0,0,11,2026-02-03 00:59:12.554068
RTM1C47,3.73,3.72,3.74,1000000.0,1000000.0,0,0,11,2026-02-03 00:59:12.554068
RTM1P47,0.19,0.18,0.2,1000000.0,1000000.0,0,0,11,2026-02-03 00:59:12.554068
RTM1C48,2.77,2.76,2.78,1000000.0,1000000.0,0,0,11,2026-02-03 00:59:12.554068
RTM1P48,0.23,0.22,0.24,1000000.0,1000000.0,0,0,11,2026-02-03 00:59:12.554068
RTM1C49,2.0,1.99,2.01,1000000.0,1000000.0,0,0,11,2026-02-03 00:59:12.554068
RTM1P49,0.46,0.45,0.47,1000000.0,1000000.0,0,0,11,2026-02-03 00:59:12.554068
RTM1C50,1.35,1.34,1.36,1000000.0,1000000.0,0,0,11,2026-02-03 00:59:12.554068
RTM1P50,0.81,0.8,0.82,1000000.0,1000000.0,0,0,11,2026-02-03 00:59:12.554068
RTM1C51,1.0,0.99,1.01,1000000.0,1000000.0,0,0,11,2026-02-03 00:59:12.554068
RTM1P51,1.47,1.46,1.48,1000000.0,1000000.0,0,0,11,2026-02-03 00:59:12.554068
RTM1C52,0.71,0.7,0.72,1000000.0,1000000.0,0,0,11,2026-02-03 00:59:12.554068
RTM1P52,2.17,2.16,2.18,1000000.0,1000000.0,0,0,11,2026-02-03 00:59:12.554068
RTM1C53,0.35,0.34,0.36,1000000.0,1000000.0,0,0,11,2026-02-03 00:59:12.554068
RTM1P53,2.82,2.81,2.83,1000000.0,1000000.0,0,0,11,2026-02-03 00:59:12.554068
RTM1C54,0.22,0.21,0.23,1000000.0,1000000.0,0,0,11,2026-02-03 00:59:12.554068
RTM1P54,3.69,3.68,3.7,1000000.0,1000000.0,0,0,11,2026-02-03 00:59:12.554068
RTM,50.28,50.27,50.29,100000000.0,100000000.0,0,0,12,2026-02-03 00:59:13.627827
RTM1C45,5.3,5.29,5.31,1000000.0,1000000.0,0,0,12,2026-02-03 00:59:13.627827
RTM1P45,0.02,0.01,0.03,1000000.0,1000000.0,0,0,12,2026-02-03 00:59:13.627827
RTM1C46,4.33,4.32,4.34,1000000.0,1000000.0,0,0,12,2026-02-03 00:59:13.627827
RTM1P46,0.05,0.04,0.06,1000000.0,1000000.0,0,0,12,2026-02-03 00:59:13.627827
RTM1C47,3.51,3.5,3.52,1000000.0,1000000.0,0,0,12,2026-02-03 00:59:13.627827
RTM1P47,0.23,0.22,0.24,1000000.0,1000000.0,0,0,12,2026-02-03 00:59:13.627827
RTM1C48,2.6,2.59,2.61,1000000.0,1000000.0,0,0,12,2026-02-03 00:59:13.627827
RTM1P48,0.32,0.31,0.33,1000000.0,1000000.0,0,0,12,2026-02-03 00:59:13.627827
RTM1C49,1.88,1.87,1.89,1000000.0,1000000.0,0,0,12,2026-02-03 00:59:13.627827
RTM1P49,0.6,0.59,0.61,1000000.0,1000000.0,0,0,12,2026-02-03 00:59:13.627827
RTM1C50,1.3,1.29,1.31,1000000.0,1000000.0,0,0,12,2026-02-03 00:59:13.627827
RTM1P50,1.02,1.01,1.03,1000000.0,1000000.0,0,0,12,2026-02-03 00:59:13.627827
RTM1C51,0.96,0.95,0.97,1000000.0,1000000.0,0,0,12,2026-02-03 00:59:13.627827
RTM1P51,1.68,1.67,1.69,1000000.0,1000000.0,0,0,12,2026-02-03 00:59:13.627827
RTM1C52,0.5,0.49,0.51,1000000.0,1000000.0,0,0,12,2026-02-03 00:59:13.627827
RTM1P52,2.22,2.21,2.23,1000000.0,1000000.0,0,0,12,2026-02-03 00:59:13.627827
RTM1C53,0.32,0.31,0.33,1000000.0,1000000.0,0,0,12,2026-02-03 00:59:13.627827
RTM1P53,3.04,3.03,3.05,1000000.0,1000000.0,0,0,12,2026-02-03 00:59:13.627827
RTM1C54,0.21,0.2,0.22,1000000.0,1000000.0,0,0,12,2026-02-03 00:59:13.627827
RTM1P54,3.93,3.92,3.94,1000000.0,1000000.0,0,0,12,2026-02-03 00:59:13.627827
RTM,50.62,50.61,50.63,100000000.0,100000000.0,0,0,13,2026-02-03 00:59:14.692141
RTM1C45,5.65,5.64,5.66,1000000.0,1000000.0,0,0,13,2026-02-03 00:59:14.692141
RTM1P45,0.03,0.02,0.04,1000000.0,1000000.0,0,0,13,2026-02-03 00:59:14.692141
RTM1C46,4.68,4.67,4.69,1000000.0,1000000.0,0,0,13,2026-02-03 00:59:14.692141
RTM1P46,0.07,0.06,0.08,1000000.0,1000000.0,0,0,13,2026-02-03 00:59:14.692141
RTM1C47,3.73,3.72,3.74,1000000.0,1000000.0,0,0,13,2026-02-03 00:59:14.692141
RTM1P47,0.11,0.1,0.12,1000000.0,1000000.0,0,0,13,2026-02-03 00:59:14.692141
RTM1C48,2.89,2.88,2.9,1000000.0,1000000.0,0,0,13,2026-02-03 00:59:14.692141
RTM1P48,0.28,0.27,0.29,1000000.0,1000000.0,0,0,13,2026-02-03 00:59:14.692141
RTM1C49,2.07,2.06,2.08,1000000.0,1000000.0,0,0,13,2026-02-03 00:59:14.692141
RTM1P49,0.46,0.45,0.47,1000000.0,1000000.0,0,0,13,2026-02-03 00:59:14.692141
RTM1C50,1.46,1.45,1.47,1000000.0,1000000.0,0,0,13,2026-02-03 00:59:14.692141
RTM1P50,0.84,0.83,0.85,1000000.0,1000000.0,0,0,13,2026-02-03 00:59:14.692141
RTM1C51,1.04,1.03,1.05,1000000.0,1000000.0,0,0,13,2026-02-03 00:59:14.692141
RTM1P51,1.42,1.41,1.43,1000000.0,1000000.0,0,0,13,2026-02-03 00:59:14.692141
RTM1C52,0.7,0.69,0.71,1000000.0,1000000.0,0,0,13,2026-02-03 00:59:14.692141
RTM1P52,2.08,2.07,2.09,1000000.0,1000000.0,0,0,13,2026-02-03 00:59:14.692141
RTM1C53,0.37,0.36,0.38,1000000.0,1000000.0,0,0,13,2026-02-03 00:59:14.692141
RTM1P53,2.75,2.74,2.76,1000000.0,1000000.0,0,0,13,2026-02-03 00:59:14.692141
RTM1C54,0.16,0.15,0.17,1000000.0,1000000.0,0,0,13,2026-02-03 00:59:14.692141
RTM1P54,3.54,3.53,3.55,1000000.0,1000000.0,0,0,13,2026-02-03 00:59:14.692141
RTM,50.65,50.64,50.66,100000000.0,100000000.0,0,0,14,2026-02-03 00:59:15.747510
RTM1C45,5.66,5.65,5.67,1000000.0,1000000.0,0,0,14,2026-02-03 00:59:15.747510
RTM1P45,0.02,0.01,0.03,1000000.0,1000000.0,0,0,14,2026-02-03 00:59:15.747510
RTM1C46,4.74,4.73,4.75,1000000.0,1000000.0,0,0,14,2026-02-03 00:59:15.747510
RTM1P46,0.09,0.08,0.1,1000000.0,1000000.0,0,0,14,2026-02-03 00:59:15.747510
RTM1C47,3.83,3.82,3.84,1000000.0,1000000.0,0,0,14,2026-02-03 00:59:15.747510
RTM1P47,0.18,0.17,0.19,1000000.0,1000000.0,0,0,14,2026-02-03 00:59:15.747510
RTM1C48,2.96,2.95,2.97,1000000.0,1000000.0,0,0,14,2026-02-03 00:59:15.747510
RTM1P48,0.31,0.3,0.32,1000000.0,1000000.0,0,0,14,2026-02-03 00:59:15.747510
RTM1C49,2.12,2.11,2.13,1000000.0,1000000.0,0,0,14,2026-02-03 00:59:15.747510
RTM1P49,0.47,0.46,0.48,1000000.0,1000000.0,0,0,14,2026-02-03 00:59:15.747510
RTM1C50,1.5,1.49,1.51,1000000.0,1000000.0,0,0,14,2026-02-03 00:59:15.747510
RTM1P50,0.85,0.84,0.86,1000000.0,1000000.0,0,0,14,2026-02-03 00:59:15.747510
RTM1C51,0.94,0.93,0.95,1000000.0,1000000.0,0,0,14,2026-02-03 00:59:15.747510
RTM1P51,1.29,1.28,1.3,1000000.0,1000000.0,0,0,14,2026-02-03 00:59:15.747510
RTM1C52,0.57,0.56,0.58,1000000.0,1000000.0,0,0,14,2026-02-03 00:59:15.747510
RTM1P52,1.92,1.91,1.93,1000000.0,1000000.0,0,0,14,2026-02-03 00:59:15.747510
RTM1C53,0.47,0.46,0.48,1000000.0,1000000.0,0,0,14,2026-02-03 00:59:15.747510
RTM1P53,2.82,2.81,2.83,1000000.0,1000000.0,0,0,14,2026-02-03 00:59:15.747510
RTM1C54,0.19,0.18,0.2,1000000.0,1000000.0,0,0,14,2026-02-03 00:59:15.747510
RTM1P54,3.54,3.53,3.55,1000000.0,1000000.0,0,0,14,2026-02-03 00:59:15.747510
RTM,50.81,50.8,50.82,100000000.0,100000000.0,0,0,15,2026-02-03 00:59:16.800324
RTM1C45,5.83,5.82,5.84,1000000.0,1000000.0,0,0,15,2026-02-03 00:59:16.800324
RTM1P45,0.02,0.01,0.03,1000000.0,1000000.0,0,0,15,2026-02-03 00:59:16.800324
RTM1C46,4.84,4.83,4.85,1000000.0,1000000.0,0,0,15,2026-02-03 00:59:16.800324
RTM1P46,0.03,0.02,0.04,1000000.0,1000000.0,0,0,15,2026-02-03 00:59:16.800324
RTM1C47,3.95,3.94,3.96,1000000.0,1000000.0,0,0,15,2026-02-03 00:59:16.800324
RTM1P47,0.14,0.13,0.15,1000000.0,1000000.0,0,0,15,2026-02-03 00:59:16.800324
RTM1C48,3.01,3.0,3.02,1000000.0,1000000.0,0,0,15,2026-02-03 00:59:16.800324
RTM1P48,0.2,0.19,0.21,1000000.0,1000000.0,0,0,15,2026-02-03 00:59:16.800324
RTM1C49,2.22,2.21,2.23,1000000.0,1000000.0,0,0,15,2026-02-03 00:59:16.800324
RTM1P49,0.41,0.4,0.42,1000000.0,1000000.0,0,0,15,2026-02-03 00:59:16.800324
RTM1C50,1.69,1.68,1.7,1000000.0,1000000.0,0,0,15,2026-02-03 00:59:16.800324
RTM1P50,0.88,0.87,0.89,1000000.0,1000000.0,0,0,15,2026-02-03 00:59:16.800324
RTM1C51,1.21,1.2,1.22,1000000.0,1000000.0,0,0,15,2026-02-03 00:59:16.800324
RTM1P51,1.4,1.39,1.41,1000000.0,1000000.0,0,0,15,2026-02-03 00:59:16.800324
RTM1C52,0.6,0.59,0.61,1000000.0,1000000.0,0,0,15,2026-02-03 00:59:16.800324
RTM1P52,1.79,1.78,1.8,1000000.0,1000000.0,0,0,15,2026-02-03 00:59:16.800324
RTM1C53,0.42,0.41,0.43,1000000.0,1000000.0,0,0,15,2026-02-03 00:59:16.800324
RTM1P53,2.62,2.61,2.63,1000000.0,1000000.0,0,0,15,2026-02-03 00:59:16.800324
RTM1C54,0.21,0.2,0.22,1000000.0,1000000.0,0,0,15,2026-02-03 00:59:16.800324
RTM1P54,3.41,3.4,3.42,1000000.0,1000000.0,0,0,15,2026-02-03 00:59:16.800324
RTM,50.65,50.64,50.66,100000000.0,100000000.0,0,0,16,2026-02-03 00:59:17.884913
RTM1C45,5.68,5.67,5.69,1000000.0,1000000.0,0,0,16,2026-02-03 00:59:17.884913
RTM1P45,0.04,0.03,0.05,1000000.0,1000000.0,0,0,16,2026-02-03 00:59:17.884913
RTM1C46,4.71,4.7,4.72,1000000.0,1000000.0,0,0,16,2026-02-03 00:59:17.884913
RTM1P46,0.06,0.05,0.07,1000000.0,1000000.0,0,0,16,2026-02-03 00:59:17.884913
RTM1C47,3.83,3.82,3.84,1000000.0,1000000.0,0,0,16,2026-02-03 00:59:17.884913
RTM1P47,0.18,0.17,0.19,1000000.0,1000000.0,0,0,16,2026-02-03 00:59:17.884913
RTM1C48,2.96,2.95,2.97,1000000.0,1000000.0,0,0,16,2026-02-03 00:59:17.884913
RTM1P48,0.31,0.3,0.32,1000000.0,1000000.0,0,0,16,2026-02-03 00:59:17.884913
RTM1C49,2.24,2.23,2.25,1000000.0,1000000.0,0,0,16,2026-02-03 00:59:17.884913
RTM1P49,0.59,0.58,0.6,1000000.0,1000000.0,0,0,16,2026-02-03 00:59:17.884913
RTM1C50,1.54,1.53,1.55,1000000.0,1000000.0,0,0,16,2026-02-03 00:59:17.884913
RTM1P50,0.89,0.88,0.9,1000000.0,1000000.0,0,0,16,2026-02-03 00:59:17.884913
RTM1C51,1.13,1.12,1.14,1000000.0,1000000.0,0,0,16,2026-02-03 00:59:17.884913
RTM1P51,1.49,1.48,1.5,1000000.0,1000000.0,0,0,16,2026-02-03 00:59:17.884913
RTM1C52,0.7,0.69,0.71,1000000.0,1000000.0,0,0,16,2026-02-03 00:59:17.884913
RTM1P52,2.05,2.04,2.06,1000000.0,1000000.0,0,0,16,2026-02-03 00:59:17.884913
RTM1C53,0.43,0.42,0.44,1000000.0,1000000.0,0,0,16,2026-02-03 00:59:17.884913
RTM1P53,2.79,2.78,2.8,1000000.0,1000000.0,0,0,16,2026-02-03 00:59:17.884913
RTM1C54,0.2,0.19,0.21,1000000.0,1000000.0,0,0,16,2026-02-03 00:59:17.884913
RTM1P54,3.55,3.54,3.56,1000000.0,1000000.0,0,0,16,2026-02-03 00:59:17.884913
RTM,50.46,50.44,50.46,100000000.0,100000000.0,0,0,17,2026-02-03 00:59:18.959550
RTM1C45,5.48,5.47,5.49,1000000.0,1000000.0,0,0,17,2026-02-03 00:59:18.959550
RTM1P45,0.03,0.02,0.04,1000000.0,1000000.0,0,0,17,2026-02-03 00:59:18.959550
RTM1C46,4.52,4.51,4.53,1000000.0,1000000.0,0,0,17,2026-02-03 00:59:18.959550
RTM1P46,0.07,0.06,0.08,1000000.0,1000000.0,0,0,17,2026-02-03 00:59:18.959550
RTM1C47,3.63,3.62,3.64,1000000.0,1000000.0,0,0,17,2026-02-03 00:59:18.959550
RTM1P47,0.18,0.17,0.19,1000000.0,1000000.0,0,0,17,2026-02-03 00:59:18.959550
RTM1C48,2.84,2.83,2.85,1000000.0,1000000.0,0,0,17,2026-02-03 00:59:18.959550
RTM1P48,0.38,0.37,0.39,1000000.0,1000000.0,0,0,17,2026-02-03 00:59:18.959550
RTM1C49,1.95,1.94,1.96,1000000.0,1000000.0,0,0,17,2026-02-03 00:59:18.959550
RTM1P49,0.5,0.49,0.51,1000000.0,1000000.0,0,0,17,2026-02-03 00:59:18.959550
RTM1C50,1.35,1.34,1.36,1000000.0,1000000.0,0,0,17,2026-02-03 00:59:18.959550
RTM1P50,0.89,0.88,0.9,1000000.0,1000000.0,0,0,17,2026-02-03 00:59:18.959550
RTM1C51,1.05,1.04,1.06,1000000.0,1000000.0,0,0,17,2026-02-03 00:59:18.959550
RTM1P51,1.59,1.58,1.6,1000000.0,1000000.0,0,0,17,2026-02-03 00:59:18.959550
RTM1C52,0.6,0.59,0.61,1000000.0,1000000.0,0,0,17,2026-02-03 00:59:18.959550
RTM1P52,2.14,2.13,2.15,1000000.0,1000000.0,0,0,17,2026-02-03 00:59:18.959550
RTM1C53,0.38,0.37,0.39,1000000.0,1000000.0,0,0,17,2026-02-03 00:59:18.959550
RTM1P53,2.92,2.91,2.93,1000000.0,1000000.0,0,0,17,2026-02-03 00:59:18.959550
RTM1C54,0.23,0.22,0.24,1000000.0,1000000.0,0,0,17,2026-02-03 00:59:18.959550
RTM1P54,3.78,3.77,3.79,1000000.0,1000000.0,0,0,17,2026-02-03 00:59:18.959550
RTM,50.33,50.32,50.34,100000000.0,100000000.0,0,0,18,2026-02-03 00:59:19.558905
RTM1C45,5.37,5.36,5.38,1000000.0,1000000.0,0,0,18,2026-02-03 00:59:19.558905
RTM1P45,0.04,0.03,0.05,1000000.0,1000000.0,0,0,18,2026-02-03 00:59:19.558905
RTM1C46,4.39,4.38,4.4,1000000.0,1000000.0,0,0,18,2026-02-03 00:59:19.558905
RTM1P46,0.06,0.05,0.07,1000000.0,1000000.0,0,0,18,2026-02-03 00:59:19.558905
RTM1C47,3.52,3.51,3.53,1000000.0,1000000.0,0,0,18,2026-02-03 00:59:19.558905
RTM1P47,0.19,0.18,0.2,1000000.0,1000000.0,0,0,18,2026-02-03 00:59:19.558905
RTM1C48,2.76,2.75,2.77,1000000.0,1000000.0,0,0,18,2026-02-03 00:59:19.558905
RTM1P48,0.43,0.42,0.44,1000000.0,1000000.0,0,0,18,2026-02-03 00:59:19.558905
RTM1C49,2.05,2.04,2.06,1000000.0,1000000.0,0,0,18,2026-02-03 00:59:19.558905
RTM1P49,0.72,0.71,0.73,1000000.0,1000000.0,0,0,18,2026-02-03 00:59:19.558905
RTM1C50,1.28,1.27,1.29,1000000.0,1000000.0,0,0,18,2026-02-03 00:59:19.558905
RTM1P50,0.94,0.93,0.95,1000000.0,1000000.0,0,0,18,2026-02-03 00:59:19.558905
RTM1C51,0.9,0.89,0.91,1000000.0,1000000.0,0,0,18,2026-02-03 00:59:19.558905
RTM1P51,1.57,1.56,1.58,1000000.0,1000000.0,0,0,18,2026-02-03 00:59:19.558905
RTM1C52,0.49,0.48,0.5,1000000.0,1000000.0,0,0,18,2026-02-03 00:59:19.558905
RTM1P52,2.16,2.15,2.17,1000000.0,1000000.0,0,0,18,2026-02-03 00:59:19.558905
RTM1C53,0.39,0.38,0.4,1000000.0,1000000.0,0,0,18,2026-02-03 00:59:19.558905
RTM1P53,3.05,3.04,3.06,1000000.0,1000000.0,0,0,18,2026-02-03 00:59:19.558905
RTM1C54,0.14,0.13,0.15,1000000.0,1000000.0,0,0,18,2026-02-03 00:59:19.558905
RTM1P54,3.81,3.8,3.82,1000000.0,1000000.0,0,0,18,2026-02-03 00:59:19.558905
RTM,50.7,50.69,50.71,100000000.0,100000000.0,0,0,19,2026-02-03 00:59:20.611595
RTM1C45,5.72,5.71,5.73,1000000.0,1000000.0,0,0,19,2026-02-03 00:59:20.611595
RTM1P45,0.02,0.01,0.03,1000000.0,1000000.0,0,0,19,2026-02-03 00:59:20.611595
RTM1C46,4.79,4.78,4.8,1000000.0,1000000.0,0,0,19,2026-02-03 00:59:20.611595
RTM1P46,0.09,0.08,0.1,1000000.0,1000000.0,0,0,19,2026-02-03 00:59:20.611595
RTM1C47,3.84,3.83,3.85,1000000.0,1000000.0,0,0,19,2026-02-03 00:59:20.611595
RTM1P47,0.14,0.13,0.15,1000000.0,1000000.0,0,0,19,2026-02-03 00:59:20.611595
RTM1C48,2.97,2.96,2.98,1000000.0,1000000.0,0,0,19,2026-02-03 00:59:20.611595
RTM1P48,0.27,0.26,0.28,1000000.0,1000000.0,0,0,19,2026-02-03 00:59:20.611595
RTM1C49,2.2,2.19,2.21,1000000.0,1000000.0,0,0,19,2026-02-03 00:59:20.611595
RTM1P49,0.5,0.49,0.51,1000000.0,1000000.0,0,0,19,2026-02-03 00:59:20.611595
RTM1C50,1.54,1.53,1.55,1000000.0,1000000.0,0,0,19,2026-02-03 00:59:20.611595
RTM1P50,0.84,0.83,0.85,1000000.0,1000000.0,0,0,19,2026-02-03 00:59:20.611595
RTM1C51,1.15,1.14,1.16,1000000.0,1000000.0,0,0,19,2026-02-03 00:59:20.611595
RTM1P51,1.45,1.44,1.46,1000000.0,1000000.0,0,0,19,2026-02-03 00:59:20.611595
RTM1C52,0.65,0.64,0.66,1000000.0,1000000.0,0,0,19,2026-02-03 00:59:20.611595
RTM1P52,1.95,1.94,1.96,1000000.0,1000000.0,0,0,19,2026-02-03 00:59:20.611595
RTM1C53,0.39,0.38,0.4,1000000.0,1000000.0,0,0,19,2026-02-03 00:59:20.611595
RTM1P53,2.68,2.67,2.69,1000000.0,1000000.0,0,0,19,2026-02-03 00:59:20.611595
RTM1C54,0.24,0.23,0.25,1000000.0,1000000.0,0,0,19,2026-02-03 00:59:20.611595
RTM1P54,3.54,3.53,3.55,1000000.0,1000000.0,0,0,19,2026-02-03 00:59:20.611595
RTM,50.89,50.88,50.9,100000000.0,100000000.0,0,0,20,2026-02-03 00:59:21.663284
RTM1C45,5.91,5.9,5.92,1000000.0,1000000.0,0,0,20,2026-02-03 00:59:21.663284
RTM1P45,0.02,0.01,0.03,1000000.0,1000000.0,0,0,20,2026-02-03 00:59:21.663284
RTM1C46,4.96,4.95,4.97,1000000.0,1000000.0,0,0,20,2026-02-03 00:59:21.663284
RTM1P46,0.07,0.06,0.08,1000000.0,1000000.0,0,0,20,2026-02-03 00:59:21.663284
RTM1C47,4.0,3.99,4.01,1000000.0,1000000.0,0,0,20,2026-02-03 00:59:21.663284
RTM1P47,0.11,0.1,0.12,1000000.0,1000000.0,0,0,20,2026-02-03 00:59:21.663284
RTM1C48,3.14,3.13,3.15,1000000.0,1000000.0,0,0,20,2026-02-03 00:59:21.663284
RTM1P48,0.25,0.24,0.26,1000000.0,1000000.0,0,0,20,2026-02-03 00:59:21.663284
RTM1C49,2.31,2.3,2.32,1000000.0,1000000.0,0,0,20,2026-02-03 00:59:21.663284
RTM1P49,0.42,0.41,0.43,1000000.0,1000000.0,0,0,20,2026-02-03 00:59:21.663284
RTM1C50,1.74,1.73,1.75,1000000.0,1000000.0,0,0,20,2026-02-03 00:59:21.663284
RTM1P50,0.85,0.84,0.86,1000000.0,1000000.0,0,0,20,2026-02-03 00:59:21.663284
RTM1C51,1.25,1.24,1.26,1000000.0,1000000.0,0,0,20,2026-02-03 00:59:21.663284
RTM1P51,1.36,1.35,1.37,1000000.0,1000000.0,0,0,20,2026-02-03 00:59:21.663284
RTM1C52,0.7,0.69,0.71,1000000.0,1000000.0,0,0,20,2026-02-03 00:59:21.663284
RTM1P52,1.81,1.8,1.82,1000000.0,1000000.0,0,0,20,2026-02-03 00:59:21.663284
RTM1C53,0.49,0.48,0.5,1000000.0,1000000.0,0,0,20,2026-02-03 00:59:21.663284
RTM1P53,2.6,2.59,2.61,1000000.0,1000000.0,0,0,20,2026-02-03 00:59:21.663284
RTM1C54,0.24,0.23,0.25,1000000.0,1000000.0,0,0,20,2026-02-03 00:59:21.663284
RTM1P54,3.35,3.34,3.36,1000000.0,1000000.0,0,0,20,2026-02-03 00:59:21.663284
RTM,50.93,50.92,50.94,100000000.0,100000000.0,0,0,21,2026-02-03 00:59:22.723155
RTM1C45,5.95,5.94,5.96,1000000.0,1000000.0,0,0,21,2026-02-03 00:59:22.723155
RTM1P45,0.02,0.01,0.03,1000000.0,1000000.0,0,0,21,2026-02-03 00:59:22.723155
RTM1C46,4.99,4.98,5.0,1000000.0,1000000.0,0,0,21,2026-02-03 00:59:22.723155
RTM1P46,0.06,0.05,0.07,1000000.0,1000000.0,0,0,21,2026-02-03 00:59:22.723155
RTM1C47,4.05,4.04,4.06,1000000.0,1000000.0,0,0,21,2026-02-03 00:59:22.723155
RTM1P47,0.12,0.11,0.13,1000000.0,1000000.0,0,0,21,2026-02-03 00:59:22.723155
RTM1C48,3.2,3.19,3.21,1000000.0,1000000.0,0,0,21,2026-02-03 00:59:22.723155
RTM1P48,0.27,0.26,0.28,1000000.0,1000000.0,0,0,21,2026-02-03 00:59:22.723155
RTM1C49,2.43,2.42,2.44,1000000.0,1000000.0,0,0,21,2026-02-03 00:59:22.723155
RTM1P49,0.5,0.49,0.51,1000000.0,1000000.0,0,0,21,2026-02-03 00:59:22.723155
RTM1C50,1.7,1.69,1.71,1000000.0,1000000.0,0,0,21,2026-02-03 00:59:22.723155
RTM1P50,0.76,0.75,0.77,1000000.0,1000000.0,0,0,21,2026-02-03 00:59:22.723155
RTM1C51,1.22,1.21,1.23,1000000.0,1000000.0,0,0,21,2026-02-03 00:59:22.723155
RTM1P51,1.29,1.28,1.3,1000000.0,1000000.0,0,0,21,2026-02-03 00:59:22.723155
RTM1C52,0.88,0.87,0.89,1000000.0,1000000.0,0,0,21,2026-02-03 00:59:22.723155
RTM1P52,1.95,1.94,1.96,1000000.0,1000000.0,0,0,21,2026-02-03 00:59:22.723155
RTM1C53,0.45,0.44,0.46,1000000.0,1000000.0,0,0,21,2026-02-03 00:59:22.723155
RTM1P53,2.52,2.51,2.53,1000000.0,1000000.0,0,0,21,2026-02-03 00:59:22.723155
RTM1C54,0.23,0.22,0.24,1000000.0,1000000.0,0,0,21,2026-02-03 00:59:22.723155
RTM1P54,3.3,3.29,3.31,1000000.0,1000000.0,0,0,21,2026-02-03 00:59:22.723155
RTM,51.53,51.52,51.54,100000000.0,100000000.0,0,0,22,2026-02-03 00:59:23.792506
RTM1C45,6.54,6.53,6.55,1000000.0,1000000.0,0,0,22,2026-02-03 00:59:23.792506
RTM1P45,0.02,0.01,0.03,1000000.0,1000000.0,0,0,22,2026-02-03 00:59:23.792506
RTM1C46,5.57,5.56,5.58,1000000.0,1000000.0,0,0,22,2026-02-03 00:59:23.792506
RTM1P46,0.04,0.03,0.05,1000000.0,1000000.0,0,0,22,2026-02-03 00:59:23.792506
RTM1C47,4.6,4.59,4.61,1000000.0,1000000.0,0,0,22,2026-02-03 00:59:23.792506
RTM1P47,0.07,0.06,0.08,1000000.0,1000000.0,0,0,22,2026-02-03 00:59:23.792506
RTM1C48,3.76,3.75,3.77,1000000.0,1000000.0,0,0,22,2026-02-03 00:59:23.792506
RTM1P48,0.23,0.22,0.24,1000000.0,1000000.0,0,0,22,2026-02-03 00:59:23.792506
RTM1C49,2.85,2.84,2.86,1000000.0,1000000.0,0,0,22,2026-02-03 00:59:23.792506
RTM1P49,0.32,0.31,0.33,1000000.0,1000000.0,0,0,22,2026-02-03 00:59:23.792506
RTM1C50,2.11,2.1,2.12,1000000.0,1000000.0,0,0,22,2026-02-03 00:59:23.792506
RTM1P50,0.58,0.57,0.59,1000000.0,1000000.0,0,0,22,2026-02-03 00:59:23.792506
RTM1C51,1.62,1.61,1.63,1000000.0,1000000.0,0,0,22,2026-02-03 00:59:23.792506
RTM1P51,1.09,1.08,1.1,1000000.0,1000000.0,0,0,22,2026-02-03 00:59:23.792506
RTM1C52,1.07,1.06,1.08,1000000.0,1000000.0,0,0,22,2026-02-03 00:59:23.792506
RTM1P52,1.54,1.53,1.55,1000000.0,1000000.0,0,0,22,2026-02-03 00:59:23.792506
RTM1C53,0.66,0.65,0.67,1000000.0,1000000.0,0,0,22,2026-02-03 00:59:23.792506
RTM1P53,2.13,2.12,2.14,1000000.0,1000000.0,0,0,22,2026-02-03 00:59:23.792506
RTM1C54,0.46,0.45,0.47,1000000.0,1000000.0,0,0,22,2026-02-03 00:59:23.792506
RTM1P54,2.93,2.92,2.94,1000000.0,1000000.0,0,0,22,2026-02-03 00:59:23.792506
RTM,51.21,51.19,51.21,100000000.0,100000000.0,0,0,23,2026-02-03 00:59:24.853814
RTM1C45,6.21,6.2,6.22,1000000.0,1000000.0,0,0,23,2026-02-03 00:59:24.853814
RTM1P45,0.02,0.01,0.03,1000000.0,1000000.0,0,0,23,2026-02-03 00:59:24.853814
RTM1C46,5.25,5.24,5.26,1000000.0,1000000.0,0,0,23,2026-02-03 00:59:24.853814
RTM1P46,0.05,0.04,0.06,1000000.0,1000000.0,0,0,23,2026-02-03 00:59:24.853814
RTM1C47,4.29,4.28,4.3,1000000.0,1000000.0,0,0,23,2026-02-03 00:59:24.853814
RTM1P47,0.1,0.09,0.11,1000000.0,1000000.0,0,0,23,2026-02-03 00:59:24.853814
RTM1C48,3.45,3.44,3.46,1000000.0,1000000.0,0,0,23,2026-02-03 00:59:24.853814
RTM1P48,0.25,0.24,0.26,1000000.0,1000000.0,0,0,23,2026-02-03 00:59:24.853814
RTM1C49,2.66,2.65,2.67,1000000.0,1000000.0,0,0,23,2026-02-03 00:59:24.853814
RTM1P49,0.46,0.45,0.47,1000000.0,1000000.0,0,0,23,2026-02-03 00:59:24.853814
RTM1C50,1.9,1.89,1.91,1000000.0,1000000.0,0,0,23,2026-02-03 00:59:24.853814
RTM1P50,0.7,0.69,0.71,1000000.0,1000000.0,0,0,23,2026-02-03 00:59:24.853814
RTM1C51,1.29,1.28,1.3,1000000.0,1000000.0,0,0,23,2026-02-03 00:59:24.853814
RTM1P51,1.1,1.09,1.11,1000000.0,1000000.0,0,0,23,2026-02-03 00:59:24.853814
RTM1C52,0.87,0.86,0.88,1000000.0,1000000.0,0,0,23,2026-02-03 00:59:24.853814
RTM1P52,1.67,1.66,1.68,1000000.0,1000000.0,0,0,23,2026-02-03 00:59:24.853814
RTM1C53,0.63,0.62,0.64,1000000.0,1000000.0,0,0,23,2026-02-03 00:59:24.853814
RTM1P53,2.44,2.43,2.45,1000000.0,1000000.0,0,0,23,2026-02-03 00:59:24.853814
RTM1C54,0.34,0.33,0.35,1000000.0,1000000.0,0,0,23,2026-02-03 00:59:24.853814
RTM1P54,3.14,3.13,3.15,1000000.0,1000000.0,0,0,23,2026-02-03 00:59:24.853814
RTM,51.06,51.05,51.07,100000000.0,100000000.0,0,0,24,2026-02-03 00:59:25.915218
RTM1C45,6.08,6.07,6.09,1000000.0,1000000.0,0,0,24,2026-02-03 00:59:25.915218
RTM1P45,0.02,0.01,0.03,1000000.0,1000000.0,0,0,24,2026-02-03 00:59:25.915218
RTM1C46,5.13,5.12,5.14,1000000.0,1000000.0,0,0,24,2026-02-03 00:59:25.915218
RTM1P46,0.07,0.06,0.08,1000000.0,1000000.0,0,0,24,2026-02-03 00:59:25.915218
RTM1C47,4.15,4.14,4.16,1000000.0,1000000.0,0,0,24,2026-02-03 00:59:25.915218
RTM1P47,0.09,0.08,0.1,1000000.0,1000000.0,0,0,24,2026-02-03 00:59:25.915218
RTM1C48,3.3,3.29,3.31,1000000.0,1000000.0,0,0,24,2026-02-03 00:59:25.915218
RTM1P48,0.24,0.23,0.25,1000000.0,1000000.0,0,0,24,2026-02-03 00:59:25.915218
RTM1C49,2.59,2.58,2.6,1000000.0,1000000.0,0,0,24,2026-02-03 00:59:25.915218
RTM1P49,0.53,0.52,0.54,1000000.0,1000000.0,0,0,24,2026-02-03 00:59:25.915218
RTM1C50,1.76,1.75,1.77,1000000.0,1000000.0,0,0,24,2026-02-03 00:59:25.915218
RTM1P50,0.7,0.69,0.71,1000000.0,1000000.0,0,0,24,2026-02-03 00:59:25.915218
RTM1C51,1.36,1.35,1.37,1000000.0,1000000.0,0,0,24,2026-02-03 00:59:25.915218
RTM1P51,1.3,1.29,1.31,1000000.0,1000000.0,0,0,24,2026-02-03 00:59:25.915218
RTM1C52,0.84,0.83,0.85,1000000.0,1000000.0,0,0,24,2026-02-03 00:59:25.915218
RTM1P52,1.78,1.77,1.79,1000000.0,1000000.0,0,0,24,2026-02-03 00:59:25.915218
RTM1C53,0.61,0.6,0.62,1000000.0,1000000.0,0,0,24,2026-02-03 00:59:25.915218
RTM1P53,2.55,2.54,2.56,1000000.0,1000000.0,0,0,24,2026-02-03 00:59:25.915218
RTM1C54,0.34,0.33,0.35,1000000.0,1000000.0,0,0,24,2026-02-03 00:59:25.915218
RTM1P54,3.28,3.27,3.29,1000000.0,1000000.0,0,0,24,2026-02-03 00:59:25.915218
RTM,51.27,51.26,51.28,100000000.0,100000000.0,0,0,25,2026-02-03 00:59:26.983444
RTM1C45,6.29,6.28,6.3,1000000.0,1000000.0,0,0,25,2026-02-03 00:59:26.983444
RTM1P45,0.02,0.01,0.03,1000000.0,1000000.0,0,0,25,2026-02-03 00:59:26.983444
RTM1C46,5.31,5.3,5.32,1000000.0,1000000.0,0,0,25,2026-02-03 00:59:26.983444
RTM1P46,0.04,0.03,0.05,1000000.0,1000000.0,0,0,25,2026-02-03 00:59:26.983444
RTM1C47,4.37,4.36,4.38,1000000.0,1000000.0,0,0,25,2026-02-03 00:59:26.983444
RTM1P47,0.1,0.09,0.11,1000000.0,1000000.0,0,0,25,2026-02-03 00:59:26.983444
RTM1C48,3.54,3.53,3.55,1000000.0,1000000.0,0,0,25,2026-02-03 00:59:26.983444
RTM1P48,0.27,0.26,0.28,1000000.0,1000000.0,0,0,25,2026-02-03 00:59:26.983444
RTM1C49,2.68,2.67,2.69,1000000.0,1000000.0,0,0,25,2026-02-03 00:59:26.983444
RTM1P49,0.41,0.4,0.42,1000000.0,1000000.0,0,0,25,2026-02-03 00:59:26.983444
RTM1C50,1.91,1.9,1.92,1000000.0,1000000.0,0,0,25,2026-02-03 00:59:26.983444
RTM1P50,0.64,0.63,0.65,1000000.0,1000000.0,0,0,25,2026-02-03 00:59:26.983444
RTM1C51,1.37,1.36,1.38,1000000.0,1000000.0,0,0,25,2026-02-03 00:59:26.983444
RTM1P51,1.1,1.09,1.11,1000000.0,1000000.0,0,0,25,2026-02-03 00:59:26.983444
RTM1C52,0.9,0.89,0.91,1000000.0,1000000.0,0,0,25,2026-02-03 00:59:26.983444
RTM1P52,1.64,1.63,1.65,1000000.0,1000000.0,0,0,25,2026-02-03 00:59:26.983444
RTM1C53,0.6,0.59,0.61,1000000.0,1000000.0,0,0,25,2026-02-03 00:59:26.983444
RTM1P53,2.33,2.32,2.34,1000000.0,1000000.0,0,0,25,2026-02-03 00:59:26.983444
RTM1C54,0.36,0.35,0.37,1000000.0,1000000.0,0,0,25,2026-02-03 00:59:26.983444
RTM1P54,3.09,3.08,3.1,1000000.0,1000000.0,0,0,25,2026-02-03 00:59:26.983444
RTM,51.13,51.12,51.14,100000000.0,100000000.0,0,0,26,2026-02-03 00:59:27.579419
RTM1C45,6.15,6.14,6.16,1000000.0,1000000.0,0,0,26,2026-02-03 00:59:27.579419
RTM1P45,0.02,0.01,0.03,1000000.0,1000000.0,0,0,26,2026-02-03 00:59:27.579419
RTM1C46,5.17,5.16,5.18,1000000.0,1000000.0,0,0,26,2026-02-03 00:59:27.579419
RTM1P46,0.04,0.03,0.05,1000000.0,1000000.0,0,0,26,2026-02-03 00:59:27.579419
RTM1C47,4.28,4.27,4.29,1000000.0,1000000.0,0,0,26,2026-02-03 00:59:27.579419
RTM1P47,0.15,0.14,0.16,1000000.0,1000000.0,0,0,26,2026-02-03 00:59:27.579419
RTM1C48,3.39,3.38,3.4,1000000.0,1000000.0,0,0,26,2026-02-03 00:59:27.579419
RTM1P48,0.26,0.25,0.27,1000000.0,1000000.0,0,0,26,2026-02-03 00:59:27.579419
RTM1C49,2.63,2.62,2.64,1000000.0,1000000.0,0,0,26,2026-02-03 00:59:27.579419
RTM1P49,0.5,0.49,0.51,1000000.0,1000000.0,0,0,26,2026-02-03 00:59:27.579419
RTM1C50,1.85,1.84,1.86,1000000.0,1000000.0,0,0,26,2026-02-03 00:59:27.579419
RTM1P50,0.72,0.71,0.73,1000000.0,1000000.0,0,0,26,2026-02-03 00:59:27.579419
RTM1C51,1.26,1.25,1.27,1000000.0,1000000.0,0,0,26,2026-02-03 00:59:27.579419
RTM1P51,1.13,1.12,1.14,1000000.0,1000000.0,0,0,26,2026-02-03 00:59:27.579419
RTM1C52,0.86,0.85,0.87,1000000.0,1000000.0,0,0,26,2026-02-03 00:59:27.579419
RTM1P52,1.73,1.72,1.74,1000000.0,1000000.0,0,0,26,2026-02-03 00:59:27.579419
RTM1C53,0.54,0.53,0.55,1000000.0,1000000.0,0,0,26,2026-02-03 00:59:27.579419
RTM1P53,2.41,2.4,2.42,1000000.0,1000000.0,0,0,26,2026-02-03 00:59:27.579419
RTM1C54,0.35,0.34,0.36,1000000.0,1000000.0,0,0,26,2026-02-03 00:59:27.579419
RTM1P54,3.22,3.21,3.23,1000000.0,1000000.0,0,0,26,2026-02-03 00:59:27.579419
RTM,51.17,51.16,51.18,100000000.0,100000000.0,0,0,27,2026-02-03 00:59:28.631906
RTM1C45,6.2,6.19,6.21,1000000.0,1000000.0,0,0,27,2026-02-03 00:59:28.631906
RTM1P45,0.02,0.01,0.03,1000000.0,1000000.0,0,0,27,2026-02-03 00:59:28.631906
RTM1C46,5.25,5.24,5.26,1000000.0,1000000.0,0,0,27,2026-02-03 00:59:28.631906
RTM1P46,0.07,0.06,0.08,1000000.0,1000000.0,0,0,27,2026-02-03 00:59:28.631906
RTM1C47,4.3,4.29,4.31,1000000.0,1000000.0,0,0,27,2026-02-03 00:59:28.631906
RTM1P47,0.12,0.11,0.13,1000000.0,1000000.0,0,0,27,2026-02-03 00:59:28.631906
RTM1C48,3.43,3.42,3.44,1000000.0,1000000.0,0,0,27,2026-02-03 00:59:28.631906
RTM1P48,0.25,0.24,0.26,1000000.0,1000000.0,0,0,27,2026-02-03 00:59:28.631906
RTM1C49,2.53,2.52,2.54,1000000.0,1000000.0,0,0,27,2026-02-03 00:59:28.631906
RTM1P49,0.36,0.35,0.37,1000000.0,1000000.0,0,0,27,2026-02-03 00:59:28.631906
RTM1C50,1.97,1.96,1.98,1000000.0,1000000.0,0,0,27,2026-02-03 00:59:28.631906
RTM1P50,0.8,0.79,0.81,1000000.0,1000000.0,0,0,27,2026-02-03 00:59:28.631906
RTM1C51,1.29,1.28,1.3,1000000.0,1000000.0,0,0,27,2026-02-03 00:59:28.631906
RTM1P51,1.12,1.11,1.13,1000000.0,1000000.0,0,0,27,2026-02-03 00:59:28.631906
RTM1C52,0.91,0.9,0.92,1000000.0,1000000.0,0,0,27,2026-02-03 00:59:28.631906
RTM1P52,1.74,1.73,1.75,1000000.0,1000000.0,0,0,27,2026-02-03 00:59:28.631906
RTM1C53,0.59,0.58,0.6,1000000.0,1000000.0,0,0,27,2026-02-03 00:59:28.631906
RTM1P53,2.42,2.41,2.43,1000000.0,1000000.0,0,0,27,2026-02-03 00:59:28.631906
RTM1C54,0.39,0.38,0.4,1000000.0,1000000.0,0,0,27,2026-02-03 00:59:28.631906
RTM1P54,3.21,3.2,3.22,1000000.0,1000000.0,0,0,27,2026-02-03 00:59:28.631906
RTM,51.1,51.09,51.11,100000000.0,100000000.0,0,0,28,2026-02-03 00:59:29.689538
RTM1C45,6.13,6.12,6.14,1000000.0,1000000.0,0,0,28,2026-02-03 00:59:29.689538
RTM1P45,0.02,0.01,0.03,1000000.0,1000000.0,0,0,28,2026-02-03 00:59:29.689538
RTM1C46,5.17,5.16,5.18,1000000.0,1000000.0,0,0,28,2026-02-03 00:59:29.689538
RTM1P46,0.06,0.05,0.07,1000000.0,1000000.0,0,0,28,2026-02-03 00:59:29.689538
RTM1C47,4.24,4.23,4.25,1000000.0,1000000.0,0,0,28,2026-02-03 00:59:29.689538
RTM1P47,0.13,0.12,0.14,1000000.0,1000000.0,0,0,28,2026-02-03 00:59:29.689538
RTM1C48,3.36,3.35,3.37,1000000.0,1000000.0,0,0,28,2026-02-03 00:59:29.689538
RTM1P48,0.26,0.25,0.27,1000000.0,1000000.0,0,0,28,2026-02-03 00:59:29.689538
RTM1C49,2.49,2.48,2.5,1000000.0,1000000.0,0,0,28,2026-02-03 00:59:29.689538
RTM1P49,0.39,0.38,0.4,1000000.0,1000000.0,0,0,28,2026-02-03 00:59:29.689538
RTM1C50,1.9,1.89,1.91,1000000.0,1000000.0,0,0,28,2026-02-03 00:59:29.689538
RTM1P50,0.79,0.78,0.8,1000000.0,1000000.0,0,0,28,2026-02-03 00:59:29.689538
RTM1C51,1.32,1.31,1.33,1000000.0,1000000.0,0,0,28,2026-02-03 00:59:29.689538
RTM1P51,1.21,1.2,1.22,1000000.0,1000000.0,0,0,28,2026-02-03 00:59:29.689538
RTM1C52,0.86,0.85,0.87,1000000.0,1000000.0,0,0,28,2026-02-03 00:59:29.689538
RTM1P52,1.75,1.74,1.76,1000000.0,1000000.0,0,0,28,2026-02-03 00:59:29.689538
RTM1C53,0.58,0.57,0.59,1000000.0,1000000.0,0,0,28,2026-02-03 00:59:29.689538
RTM1P53,2.47,2.46,2.48,1000000.0,1000000.0,0,0,28,2026-02-03 00:59:29.689538
RTM1C54,0.33,0.32,0.34,1000000.0,1000000.0,0,0,28,2026-02-03 00:59:29.689538
RTM1P54,3.23,3.22,3.24,1000000.0,1000000.0,0,0,28,2026-02-03 00:59:29.689538
RTM,51.19,51.18,51.2,100000000.0,100000000.0,0,0,29,2026-02-03 00:59:30.746958
RTM1C45,6.21,6.2,6.22,1000000.0,1000000.0,0,0,29,2026-02-03 00:59:30.746958
RTM1P45,0.02,0.01,0.03,1000000.0,1000000.0,0,0,29,2026-02-03 00:59:30.746958
RTM1C46,5.24,5.23,5.25,1000000.0,1000000.0,0,0,29,2026-02-03 00:59:30.746958
RTM1P46,0.05,0.04,0.06,1000000.0,1000000.0,0,0,29,2026-02-03 00:59:30.746958
RTM1C47,4.32,4.31,4.33,1000000.0,1000000.0,0,0,29,2026-02-03 00:59:30.746958
RTM1P47,0.13,0.12,0.14,1000000.0,1000000.0,0,0,29,2026-02-03 00:59:30.746958
RTM1C48,3.41,3.4,3.42,1000000.0,1000000.0,0,0,29,2026-02-03 00:59:30.746958
RTM1P48,0.22,0.21,0.23,1000000.0,1000000.0,0,0,29,2026-02-03 00:59:30.746958
RTM1C49,2.66,2.65,2.67,1000000.0,1000000.0,0,0,29,2026-02-03 00:59:30.746958
RTM1P49,0.47,0.46,0.48,1000000.0,1000000.0,0,0,29,2026-02-03 00:59:30.746958
RTM1C50,1.98,1.97,1.99,1000000.0,1000000.0,0,0,29,2026-02-03 00:59:30.746958
RTM1P50,0.79,0.78,0.8,1000000.0,1000000.0,0,0,29,2026-02-03 00:59:30.746958
RTM1C51,1.31,1.3,1.32,1000000.0,1000000.0,0,0,29,2026-02-03 00:59:30.746958
RTM1P51,1.12,1.11,1.13,1000000.0,1000000.0,0,0,29,2026-02-03 00:59:30.746958
RTM1C52,0.98,0.97,0.99,1000000.0,1000000.0,0,0,29,2026-02-03 00:59:30.746958
RTM1P52,1.79,1.78,1.8,1000000.0,1000000.0,0,0,29,2026-02-03 00:59:30.746958
RTM1C53,0.58,0.57,0.59,1000000.0,1000000.0,0,0,29,2026-02-03 00:59:30.746958
RTM1P53,2.39,2.38,2.4,1000000.0,1000000.0,0,0,29,2026-02-03 00:59:30.746958
RTM1C54,0.33,0.32,0.34,1000000.0,1000000.0,0,0,29,2026-02-03 00:59:30.746958
RTM1P54,3.14,3.13,3.15,1000000.0,1000000.0,0,0,29,2026-02-03 00:59:30.746958
RTM,51.12,51.11,51.13,100000000.0,100000000.0,0,0,30,2026-02-03 00:59:31.803375
RTM1C45,6.13,6.12,6.14,1000000.0,1000000.0,0,0,30,2026-02-03 00:59:31.803375
RTM1P45,0.02,0.01,0.03,1000000.0,1000000.0,0,0,30,2026-02-03 00:59:31.803375
RTM1C46,5.18,5.17,5.19,1000000.0,1000000.0,0,0,30,2026-02-03 00:59:31.803375
RTM1P46,0.06,0.05,0.07,1000000.0,1000000.0,0,0,30,2026-02-03 00:59:31.803375
RTM1C47,4.23,4.22,4.24,1000000.0,1000000.0,0,0,30,2026-02-03 00:59:31.803375
RTM1P47,0.11,0.1,0.12,1000000.0,1000000.0,0,0,30,2026-02-03 00:59:31.803375
RTM1C48,3.37,3.36,3.38,1000000.0,1000000.0,0,0,30,2026-02-03 00:59:31.803375
RTM1P48,0.25,0.24,0.26,1000000.0,1000000.0,0,0,30,2026-02-03 00:59:31.803375
RTM1C49,2.57,2.56,2.58,1000000.0,1000000.0,0,0,30,2026-02-03 00:59:31.803375
RTM1P49,0.46,0.45,0.47,1000000.0,1000000.0,0,0,30,2026-02-03 00:59:31.803375
RTM1C50,1.85,1.84,1.86,1000000.0,1000000.0,0,0,30,2026-02-03 00:59:31.803375
RTM1P50,0.74,0.73,0.75,1000000.0,1000000.0,0,0,30,2026-02-03 00:59:31.803375
RTM1C51,1.34,1.33,1.35,1000000.0,1000000.0,0,0,30,2026-02-03 00:59:31.803375
RTM1P51,1.23,1.22,1.24,1000000.0,1000000.0,0,0,30,2026-02-03 00:59:31.803375
RTM1C52,0.87,0.86,0.88,1000000.0,1000000.0,0,0,30,2026-02-03 00:59:31.803375
RTM1P52,1.75,1.74,1.76,1000000.0,1000000.0,0,0,30,2026-02-03 00:59:31.803375
RTM1C53,0.54,0.53,0.55,1000000.0,1000000.0,0,0,30,2026-02-03 00:59:31.803375
RTM1P53,2.42,2.41,2.43,1000000.0,1000000.0,0,0,30,2026-02-03 00:59:31.803375
RTM1C54,0.31,0.3,0.32,1000000.0,1000000.0,0,0,30,2026-02-03 00:59:31.803375
RTM1P54,3.2,3.19,3.21,1000000.0,1000000.0,0,0,30,2026-02-03 00:59:31.803375
RTM,50.93,50.92,50.94,100000000.0,100000000.0,0,0,31,2026-02-03 00:59:32.864755
RTM1C45,5.95,5.94,5.96,1000000.0,1000000.0,0,0,31,2026-02-03 00:59:32.864755
RTM1P45,0.02,0.01,0.03,1000000.0,1000000.0,0,0,31,2026-02-03 00:59:32.864755
RTM1C46,5.0,4.99,5.01,1000000.0,1000000.0,0,0,31,2026-02-03 00:59:32.864755
RTM1P46,0.07,0.06,0.08,1000000.0,1000000.0,0,0,31,2026-02-03 00:59:32.864755
RTM1C47,4.09,4.08,4.1,1000000.0,1000000.0,0,0,31,2026-02-03 00:59:32.864755
RTM1P47,0.16,0.15,0.17,1000000.0,1000000.0,0,0,31,2026-02-03 00:59:32.864755
RTM1C48,3.27,3.26,3.28,1000000.0,1000000.0,0,0,31,2026-02-03 00:59:32.864755
RTM1P48,0.33,0.32,0.34,1000000.0,1000000.0,0,0,31,2026-02-03 00:59:32.864755
RTM1C49,2.47,2.46,2.48,1000000.0,1000000.0,0,0,31,2026-02-03 00:59:32.864755
RTM1P49,0.54,0.53,0.55,1000000.0,1000000.0,0,0,31,2026-02-03 00:59:32.864755
RTM1C50,1.83,1.82,1.84,1000000.0,1000000.0,0,0,31,2026-02-03 00:59:32.864755
RTM1P50,0.9,0.89,0.91,1000000.0,1000000.0,0,0,31,2026-02-03 00:59:32.864755
RTM1C51,1.26,1.25,1.27,1000000.0,1000000.0,0,0,31,2026-02-03 00:59:32.864755
RTM1P51,1.33,1.32,1.34,1000000.0,1000000.0,0,0,31,2026-02-03 00:59:32.864755
RTM1C52,0.83,0.82,0.84,1000000.0,1000000.0,0,0,31,2026-02-03 00:59:32.864755
RTM1P52,1.9,1.89,1.91,1000000.0,1000000.0,0,0,31,2026-02-03 00:59:32.864755
RTM1C53,0.54,0.53,0.55,1000000.0,1000000.0,0,0,31,2026-02-03 00:59:32.864755
RTM1P53,2.61,2.6,2.62,1000000.0,1000000.0,0,0,31,2026-02-03 00:59:32.864755
RTM1C54,0.36,0.35,0.37,1000000.0,1000000.0,0,0,31,2026-02-03 00:59:32.864755
RTM1P54,3.43,3.42,3.44,1000000.0,1000000.0,0,0,31,2026-02-03 00:59:32.864755
RTM,51.11,51.1,51.12,100000000.0,100000000.0,0,0,32,2026-02-03 00:59:33.931394
RTM1C45,6.13,6.12,6.14,1000000.0,1000000.0,0,0,32,2026-02-03 00:59:33.931394
RTM1P45,0.02,0.01,0.03,1000000.0,1000000.0,0,0,32,2026-02-03 00:59:33.931394
RTM1C46,5.17,5.16,5.18,1000000.0,1000000.0,0,0,32,2026-02-03 00:59:33.931394
RTM1P46,0.06,0.05,0.07,1000000.0,1000000.0,0,0,32,2026-02-03 00:59:33.931394
RTM1C47,4.25,4.24,4.26,1000000.0,1000000.0,0,0,32,2026-02-03 00:59:33.931394
RTM1P47,0.14,0.13,0.15,1000000.0,1000000.0,0,0,32,2026-02-03 00:59:33.931394
RTM1C48,3.4,3.39,3.41,1000000.0,1000000.0,0,0,32,2026-02-03 00:59:33.931394
RTM1P48,0.29,0.28,0.3,1000000.0,1000000.0,0,0,32,2026-02-03 00:59:33.931394
RTM1C49,2.52,2.51,2.53,1000000.0,1000000.0,0,0,32,2026-02-03 00:59:33.931394
RTM1P49,0.42,0.41,0.43,1000000.0,1000000.0,0,0,32,2026-02-03 00:59:33.931394
RTM1C50,1.9,1.89,1.91,1000000.0,1000000.0,0,0,32,2026-02-03 00:59:33.931394
RTM1P50,0.8,0.79,0.81,1000000.0,1000000.0,0,0,32,2026-02-03 00:59:33.931394
RTM1C51,1.3,1.29,1.31,1000000.0,1000000.0,0,0,32,2026-02-03 00:59:33.931394
RTM1P51,1.19,1.18,1.2,1000000.0,1000000.0,0,0,32,2026-02-03 00:59:33.931394
RTM1C52,0.94,0.93,0.95,1000000.0,1000000.0,0,0,32,2026-02-03 00:59:33.931394
RTM1P52,1.83,1.82,1.84,1000000.0,1000000.0,0,0,32,2026-02-03 00:59:33.931394
RTM1C53,0.56,0.55,0.57,1000000.0,1000000.0,0,0,32,2026-02-03 00:59:33.931394
RTM1P53,2.45,2.44,2.46,1000000.0,1000000.0,0,0,32,2026-02-03 00:59:33.931394
RTM1C54,0.39,0.38,0.4,1000000.0,1000000.0,0,0,32,2026-02-03 00:59:33.931394
RTM1P54,3.28,3.27,3.29,1000000.0,1000000.0,0,0,32,2026-02-03 00:59:33.931394
RTM,51.42,51.42,51.44,100000000.0,100000000.0,0,0,33,2026-02-03 00:59:34.989845
RTM1C45,6.46,6.45,6.47,1000000.0,1000000.0,0,0,33,2026-02-03 00:59:34.989845
RTM1P45,0.02,0.01,0.03,1000000.0,1000000.0,0,0,33,2026-02-03 00:59:34.989845
RTM1C46,5.49,5.48,5.5,1000000.0,1000000.0,0,0,33,2026-02-03 00:59:34.989845
RTM1P46,0.06,0.05,0.07,1000000.0,1000000.0,0,0,33,2026-02-03 00:59:34.989845
RTM1C47,4.54,4.53,4.55,1000000.0,1000000.0,0,0,33,2026-02-03 00:59:34.989845
RTM1P47,0.11,0.1,0.12,1000000.0,1000000.0,0,0,33,2026-02-03 00:59:34.989845
RTM1C48,3.64,3.63,3.65,1000000.0,1000000.0,0,0,33,2026-02-03 00:59:34.989845
RTM1P48,0.21,0.2,0.22,1000000.0,1000000.0,0,0,33,2026-02-03 00:59:34.989845
RTM1C49,2.86,2.85,2.87,1000000.0,1000000.0,0,0,33,2026-02-03 00:59:34.989845
RTM1P49,0.43,0.42,0.44,1000000.0,1000000.0,0,0,33,2026-02-03 00:59:34.989845
RTM1C50,2.15,2.14,2.16,1000000.0,1000000.0,0,0,33,2026-02-03 00:59:34.989845
RTM1P50,0.72,0.71,0.73,1000000.0,1000000.0,0,0,33,2026-02-03 00:59:34.989845
RTM1C51,1.58,1.57,1.59,1000000.0,1000000.0,0,0,33,2026-02-03 00:59:34.989845
RTM1P51,1.14,1.13,1.15,1000000.0,1000000.0,0,0,33,2026-02-03 00:59:34.989845
RTM1C52,1.01,1.0,1.02,1000000.0,1000000.0,0,0,33,2026-02-03 00:59:34.989845
RTM1P52,1.58,1.57,1.59,1000000.0,1000000.0,0,0,33,2026-02-03 00:59:34.989845
RTM1C53,0.74,0.73,0.75,1000000.0,1000000.0,0,0,33,2026-02-03 00:59:34.989845
RTM1P53,2.31,2.3,2.32,1000000.0,1000000.0,0,0,33,2026-02-03 00:59:34.989845
RTM1C54,0.39,0.38,0.4,1000000.0,1000000.0,0,0,33,2026-02-03 00:59:34.989845
RTM1P54,2.96,2.95,2.97,1000000.0,1000000.0,0,0,33,2026-02-03 00:59:34.989845
RTM,51.91,51.91,51.93,100000000.0,100000000.0,0,0,34,2026-02-03 00:59:36.071089
RTM1C45,6.95,6.93,6.95,1000000.0,1000000.0,0,0,34,2026-02-03 00:59:36.071089
RTM1P45,0.02,0.01,0.03,1000000.0,1000000.0,0,0,34,2026-02-03 00:59:36.071089
RTM1C46,5.95,5.94,5.96,1000000.0,1000000.0,0,0,34,2026-02-03 00:59:36.071089
RTM1P46,0.03,0.02,0.04,1000000.0,1000000.0,0,0,34,2026-02-03 00:59:36.071089
RTM1C47,5.0,4.99,5.01,1000000.0,1000000.0,0,0,34,2026-02-03 00:59:36.071089
RTM1P47,0.08,0.07,0.09,1000000.0,1000000.0,0,0,34,2026-02-03 00:59:36.071089
RTM1C48,4.11,4.1,4.12,1000000.0,1000000.0,0,0,34,2026-02-03 00:59:36.071089
RTM1P48,0.19,0.18,0.2,1000000.0,1000000.0,0,0,34,2026-02-03 00:59:36.071089
RTM1C49,3.28,3.27,3.29,1000000.0,1000000.0,0,0,34,2026-02-03 00:59:36.071089
RTM1P49,0.35,0.34,0.36,1000000.0,1000000.0,0,0,34,2026-02-03 00:59:36.071089
RTM1C50,2.48,2.47,2.49,1000000.0,1000000.0,0,0,34,2026-02-03 00:59:36.071089
RTM1P50,0.56,0.55,0.57,1000000.0,1000000.0,0,0,34,2026-02-03 00:59:36.071089
RTM1C51,1.78,1.77,1.79,1000000.0,1000000.0,0,0,34,2026-02-03 00:59:36.071089
RTM1P51,0.86,0.85,0.87,1000000.0,1000000.0,0,0,34,2026-02-03 00:59:36.071089
RTM1C52,1.25,1.24,1.26,1000000.0,1000000.0,0,0,34,2026-02-03 00:59:36.071089
RTM1P52,1.33,1.32,1.34,1000000.0,1000000.0,0,0,34,2026-02-03 00:59:36.071089
RTM1C53,0.81,0.8,0.82,1000000.0,1000000.0,0,0,34,2026-02-03 00:59:36.071089
RTM1P53,1.89,1.88,1.9,1000000.0,1000000.0,0,0,34,2026-02-03 00:59:36.071089
RTM1C54,0.6,0.59,0.61,1000000.0,1000000.0,0,0,34,2026-02-03 00:59:36.071089
RTM1P54,2.68,2.67,2.69,1000000.0,1000000.0,0,0,34,2026-02-03 00:59:36.071089
RTM,52.0,51.99,52.01,100000000.0,100000000.0,0,0,35,2026-02-03 00:59:36.668262
RTM1C45,7.02,7.01,7.03,1000000.0,1000000.0,0,0,35,2026-02-03 00:59:36.668262
RTM1P45,0.02,0.01,0.03,1000000.0,1000000.0,0,0,35,2026-02-03 00:59:36.668262
RTM1C46,6.02,6.01,6.03,1000000.0,1000000.0,0,0,35,2026-02-03 00:59:36.668262
RTM1P46,0.02,0.01,0.03,1000000.0,1000000.0,0,0,35,2026-02-03 00:59:36.668262
RTM1C47,5.06,5.05,5.07,1000000.0,1000000.0,0,0,35,2026-02-03 00:59:36.668262
RTM1P47,0.06,0.05,0.07,1000000.0,1000000.0,0,0,35,2026-02-03 00:59:36.668262
RTM1C48,4.15,4.14,4.16,1000000.0,1000000.0,0,0,35,2026-02-03 00:59:36.668262
RTM1P48,0.15,0.14,0.16,1000000.0,1000000.0,0,0,35,2026-02-03 00:59:36.668262
RTM1C49,3.33,3.32,3.34,1000000.0,1000000.0,0,0,35,2026-02-03 00:59:36.668262
RTM1P49,0.33,0.32,0.34,1000000.0,1000000.0,0,0,35,2026-02-03 00:59:36.668262
RTM1C50,2.51,2.5,2.52,1000000.0,1000000.0,0,0,35,2026-02-03 00:59:36.668262
RTM1P50,0.51,0.5,0.52,1000000.0,1000000.0,0,0,35,2026-02-03 00:59:36.668262
RTM1C51,1.91,1.9,1.92,1000000.0,1000000.0,0,0,35,2026-02-03 00:59:36.668262
RTM1P51,0.91,0.9,0.92,1000000.0,1000000.0,0,0,35,2026-02-03 00:59:36.668262
RTM1C52,1.31,1.3,1.32,1000000.0,1000000.0,0,0,35,2026-02-03 00:59:36.668262
RTM1P52,1.31,1.3,1.32,1000000.0,1000000.0,0,0,35,2026-02-03 00:59:36.668262
RTM1C53,0.95,0.94,0.96,1000000.0,1000000.0,0,0,35,2026-02-03 00:59:36.668262
RTM1P53,1.95,1.94,1.96,1000000.0,1000000.0,0,0,35,2026-02-03 00:59:36.668262
RTM1C54,0.57,0.56,0.58,1000000.0,1000000.0,0,0,35,2026-02-03 00:59:36.668262
RTM1P54,2.57,2.56,2.58,1000000.0,1000000.0,0,0,35,2026-02-03 00:59:36.668262
RTM,52.19,52.18,52.2,100000000.0,100000000.0,0,0,36,2026-02-03 00:59:37.726123,3.0,1.0,35.0,,News 1,The analysts have informed you that the realized volatility of RTM next week will be between 21% and 26%
RTM1C45,7.2,7.19,7.21,1000000.0,1000000.0,0,0,36,2026-02-03 00:59:37.726123,,,,,,
RTM1P45,0.02,0.01,0.03,1000000.0,1000000.0,0,0,36,2026-02-03 00:59:37.726123,,,,,,
RTM1C46,6.21,6.2,6.22,1000000.0,1000000.0,0,0,36,2026-02-03 00:59:37.726123,,,,,,
RTM1P46,0.02,0.01,0.03,1000000.0,1000000.0,0,0,36,2026-02-03 00:59:37.726123,,,,,,
RTM1C47,5.27,5.26,5.28,1000000.0,1000000.0,0,0,36,2026-02-03 00:59:37.726123,,,,,,
RTM1P47,0.08,0.07,0.09,1000000.0,1000000.0,0,0,36,2026-02-03 00:59:37.726123,,,,,,
RTM1C48,4.33,4.32,4.34,1000000.0,1000000.0,0,0,36,2026-02-03 00:59:37.726123,,,,,,
RTM1P48,0.15,0.14,0.16,1000000.0,1000000.0,0,0,36,2026-02-03 00:59:37.726123,,,,,,
RTM1C49,3.49,3.48,3.5,1000000.0,1000000.0,0,0,36,2026-02-03 00:59:37.726123,,,,,,
RTM1P49,0.3,0.29,0.31,1000000.0,1000000.0,0,0,36,2026-02-03 00:59:37.726123,,,,,,
RTM1C50,2.72,2.71,2.73,1000000.0,1000000.0,0,0,36,2026-02-03 00:59:37.726123,,,,,,
RTM1P50,0.53,0.52,0.54,1000000.0,1000000.0,0,0,36,2026-02-03 00:59:37.726123,,,,,,
RTM1C51,2.04,2.03,2.05,1000000.0,1000000.0,0,0,36,2026-02-03 00:59:37.726123,,,,,,
RTM1P51,0.86,0.85,0.87,1000000.0,1000000.0,0,0,36,2026-02-03 00:59:37.726123,,,,,,
RTM1C52,1.38,1.37,1.39,1000000.0,1000000.0,0,0,36,2026-02-03 00:59:37.726123,,,,,,
RTM1P52,1.2,1.19,1.21,1000000.0,1000000.0,0,0,36,2026-02-03 00:59:37.726123,,,,,,
RTM1C53,0.95,0.94,0.96,1000000.0,1000000.0,0,0,36,2026-02-03 00:59:37.726123,,,,,,
RTM1P53,1.76,1.75,1.77,1000000.0,1000000.0,0,0,36,2026-02-03 00:59:37.726123,,,,,,
RTM1C54,0.64,0.63,0.65,1000000.0,1000000.0,0,0,36,2026-02-03 00:59:37.726123,,,,,,
RTM1P54,2.45,2.44,2.46,1000000.0,1000000.0,0,0,36,2026-02-03 00:59:37.726123,,,,,,
RTM,52.12,52.11,52.13,100000000.0,100000000.0,0,0,37,2026-02-03 00:59:38.794035
RTM1C45,7.13,7.12,7.14,1000000.0,1000000.0,0,0,37,2026-02-03 00:59:38.794035
RTM1P45,0.02,0.01,0.03,1000000.0,1000000.0,0,0,37,2026-02-03 00:59:38.794035
RTM1C46,6.15,6.14,6.16,1000000.0,1000000.0,0,0,37,2026-02-03 00:59:38.794035
RTM1P46,0.03,0.02,0.04,1000000.0,1000000.0,0,0,37,2026-02-03 00:59:38.794035
RTM1C47,5.2,5.19,5.21,1000000.0,1000000.0,0,0,37,2026-02-03 00:59:38.794035
RTM1P47,0.08,0.07,0.09,1000000.0,1000000.0,0,0,37,2026-02-03 00:59:38.794035
RTM1C48,4.29,4.28,4.3,1000000.0,1000000.0,0,0,37,2026-02-03 00:59:38.794035
RTM1P48,0.17,0.16,0.18,1000000.0,1000000.0,0,0,37,2026-02-03 00:59:38.794035
RTM1C49,3.42,3.41,3.43,1000000.0,1000000.0,0,0,37,2026-02-03 00:59:38.794035
RTM1P49,0.3,0.29,0.31,1000000.0,1000000.0,0,0,37,2026-02-03 00:59:38.794035
RTM1C50,2.63,2.62,2.64,1000000.0,1000000.0,0,0,37,2026-02-03 00:59:38.794035
RTM1P50,0.51,0.5,0.52,1000000.0,1000000.0,0,0,37,2026-02-03 00:59:38.794035
RTM1C51,1.95,1.94,1.96,1000000.0,1000000.0,0,0,37,2026-02-03 00:59:38.794035
RTM1P51,0.83,0.82,0.84,1000000.0,1000000.0,0,0,37,2026-02-03 00:59:38.794035
RTM1C52,1.38,1.37,1.39,1000000.0,1000000.0,0,0,37,2026-02-03 00:59:38.794035
RTM1P52,1.27,1.26,1.28,1000000.0,1000000.0,0,0,37,2026-02-03 00:59:38.794035
RTM1C53,0.91,0.9,0.92,1000000.0,1000000.0,0,0,37,2026-02-03 00:59:38.794035
RTM1P53,1.8,1.79,1.81,1000000.0,1000000.0,0,0,37,2026-02-03 00:59:38.794035
RTM1C54,0.68,0.67,0.69,1000000.0,1000000.0,0,0,37,2026-02-03 00:59:38.794035
RTM1P54,2.56,2.55,2.57,1000000.0,1000000.0,0,0,37,2026-02-03 00:59:38.794035
RTM,51.83,51.82,51.84,100000000.0,100000000.0,0,0,38,2026-02-03 00:59:39.845202
RTM1C45,6.85,6.84,6.86,1000000.0,1000000.0,0,0,38,2026-02-03 00:59:39.845202
RTM1P45,0.02,0.01,0.03,1000000.0,1000000.0,0,0,38,2026-02-03 00:59:39.845202
RTM1C46,5.88,5.87,5.89,1000000.0,1000000.0,0,0,38,2026-02-03 00:59:39.845202
RTM1P46,0.05,0.04,0.06,1000000.0,1000000.0,0,0,38,2026-02-03 00:59:39.845202
RTM1C47,4.93,4.92,4.94,1000000.0,1000000.0,0,0,38,2026-02-03 00:59:39.845202
RTM1P47,0.1,0.09,0.11,1000000.0,1000000.0,0,0,38,2026-02-03 00:59:39.845202
RTM1C48,4.04,4.03,4.05,1000000.0,1000000.0,0,0,38,2026-02-03 00:59:39.845202
RTM1P48,0.21,0.2,0.22,1000000.0,1000000.0,0,0,38,2026-02-03 00:59:39.845202
RTM1C49,3.15,3.14,3.16,1000000.0,1000000.0,0,0,38,2026-02-03 00:59:39.845202
RTM1P49,0.32,0.31,0.33,1000000.0,1000000.0,0,0,38,2026-02-03 00:59:39.845202
RTM1C50,2.41,2.4,2.42,1000000.0,1000000.0,0,0,38,2026-02-03 00:59:39.845202
RTM1P50,0.58,0.57,0.59,1000000.0,1000000.0,0,0,38,2026-02-03 00:59:39.845202
RTM1C51,1.77,1.76,1.78,1000000.0,1000000.0,0,0,38,2026-02-03 00:59:39.845202
RTM1P51,0.94,0.93,0.95,1000000.0,1000000.0,0,0,38,2026-02-03 00:59:39.845202
RTM1C52,1.22,1.21,1.23,1000000.0,1000000.0,0,0,38,2026-02-03 00:59:39.845202
RTM1P52,1.39,1.38,1.4,1000000.0,1000000.0,0,0,38,2026-02-03 00:59:39.845202
RTM1C53,0.81,0.8,0.82,1000000.0,1000000.0,0,0,38,2026-02-03 00:59:39.845202
RTM1P53,1.98,1.97,1.99,1000000.0,1000000.0,0,0,38,2026-02-03 00:59:39.845202
RTM1C54,0.53,0.52,0.54,1000000.0,1000000.0,0,0,38,2026-02-03 00:59:39.845202
RTM1P54,2.7,2.69,2.71,1000000.0,1000000.0,0,0,38,2026-02-03 00:59:39.845202
RTM,51.86,51.85,51.87,100000000.0,100000000.0,0,0,39,2026-02-03 00:59:40.906812
RTM1C45,6.88,6.87,6.89,1000000.0,1000000.0,0,0,39,2026-02-03 00:59:40.906812
RTM1P45,0.02,0.01,0.03,1000000.0,1000000.0,0,0,39,2026-02-03 00:59:40.906812
RTM1C46,5.92,5.91,5.93,1000000.0,1000000.0,0,0,39,2026-02-03 00:59:40.906812
RTM1P46,0.05,0.04,0.06,1000000.0,1000000.0,0,0,39,2026-02-03 00:59:40.906812
RTM1C47,4.95,4.94,4.96,1000000.0,1000000.0,0,0,39,2026-02-03 00:59:40.906812
RTM1P47,0.08,0.07,0.09,1000000.0,1000000.0,0,0,39,2026-02-03 00:59:40.906812
RTM1C48,4.07,4.06,4.08,1000000.0,1000000.0,0,0,39,2026-02-03 00:59:40.906812
RTM1P48,0.2,0.19,0.21,1000000.0,1000000.0,0,0,39,2026-02-03 00:59:40.906812
RTM1C49,3.19,3.18,3.2,1000000.0,1000000.0,0,0,39,2026-02-03 00:59:40.906812
RTM1P49,0.33,0.32,0.34,1000000.0,1000000.0,0,0,39,2026-02-03 00:59:40.906812
RTM1C50,2.43,2.42,2.44,1000000.0,1000000.0,0,0,39,2026-02-03 00:59:40.906812
RTM1P50,0.57,0.56,0.58,1000000.0,1000000.0,0,0,39,2026-02-03 00:59:40.906812
RTM1C51,1.8,1.79,1.81,1000000.0,1000000.0,0,0,39,2026-02-03 00:59:40.906812
RTM1P51,0.93,0.92,0.94,1000000.0,1000000.0,0,0,39,2026-02-03 00:59:40.906812
RTM1C52,1.34,1.33,1.35,1000000.0,1000000.0,0,0,39,2026-02-03 00:59:40.906812
RTM1P52,1.47,1.46,1.48,1000000.0,1000000.0,0,0,39,2026-02-03 00:59:40.906812
RTM1C53,0.89,0.88,0.9,1000000.0,1000000.0,0,0,39,2026-02-03 00:59:40.906812
RTM1P53,2.03,2.02,2.04,1000000.0,1000000.0,0,0,39,2026-02-03 00:59:40.906812
RTM1C54,0.55,0.54,0.56,1000000.0,1000000.0,0,0,39,2026-02-03 00:59:40.906812
RTM1P54,2.69,2.68,2.7,1000000.0,1000000.0,0,0,39,2026-02-03 00:59:40.906812
RTM,52.01,52.0,52.02,100000000.0,100000000.0,0,0,40,2026-02-03 00:59:41.966797
RTM1C45,7.02,7.01,7.03,1000000.0,1000000.0,0,0,40,2026-02-03 00:59:41.966797
RTM1P45,0.02,0.01,0.03,1000000.0,1000000.0,0,0,40,2026-02-03 00:59:41.966797
RTM1C46,6.04,6.03,6.05,1000000.0,1000000.0,0,0,40,2026-02-03 00:59:41.966797
RTM1P46,0.03,0.02,0.04,1000000.0,1000000.0,0,0,40,2026-02-03 00:59:41.966797
RTM1C47,5.09,5.08,5.1,1000000.0,1000000.0,0,0,40,2026-02-03 00:59:41.966797
RTM1P47,0.08,0.07,0.09,1000000.0,1000000.0,0,0,40,2026-02-03 00:59:41.966797
RTM1C48,4.16,4.15,4.17,1000000.0,1000000.0,0,0,40,2026-02-03 00:59:41.966797
RTM1P48,0.16,0.15,0.17,1000000.0,1000000.0,0,0,40,2026-02-03 00:59:41.966797
RTM1C49,3.33,3.32,3.34,1000000.0,1000000.0,0,0,40,2026-02-03 00:59:41.966797
RTM1P49,0.32,0.31,0.33,1000000.0,1000000.0,0,0,40,2026-02-03 00:59:41.966797
RTM1C50,2.56,2.55,2.57,1000000.0,1000000.0,0,0,40,2026-02-03 00:59:41.966797
RTM1P50,0.56,0.55,0.57,1000000.0,1000000.0,0,0,40,2026-02-03 00:59:41.966797
RTM1C51,1.87,1.86,1.88,1000000.0,1000000.0,0,0,40,2026-02-03 00:59:41.966797
RTM1P51,0.86,0.85,0.87,1000000.0,1000000.0,0,0,40,2026-02-03 00:59:41.966797
RTM1C52,1.32,1.31,1.33,1000000.0,1000000.0,0,0,40,2026-02-03 00:59:41.966797
RTM1P52,1.31,1.3,1.32,1000000.0,1000000.0,0,0,40,2026-02-03 00:59:41.966797
RTM1C53,0.9,0.89,0.91,1000000.0,1000000.0,0,0,40,2026-02-03 00:59:41.966797
RTM1P53,1.89,1.88,1.9,1000000.0,1000000.0,0,0,40,2026-02-03 00:59:41.966797
RTM1C54,0.64,0.63,0.65,1000000.0,1000000.0,0,0,40,2026-02-03 00:59:41.966797
RTM1P54,2.63,2.62,2.64,1000000.0,1000000.0,0,0,40,2026-02-03 00:59:41.966797
RTM,52.09,52.08,52.1,100000000.0,100000000.0,0,0,41,2026-02-03 00:59:43.032517
RTM1C45,7.1,7.09,7.11,1000000.0,1000000.0,0,0,41,2026-02-03 00:59:43.032517
RTM1P45,0.02,0.01,0.03,1000000.0,1000000.0,0,0,41,2026-02-03 00:59:43.032517
RTM1C46,6.13,6.12,6.14,1000000.0,1000000.0,0,0,41,2026-02-03 00:59:43.032517
RTM1P46,0.04,0.03,0.05,1000000.0,1000000.0,0,0,41,2026-02-03 00:59:43.032517
RTM1C47,5.17,5.16,5.18,1000000.0,1000000.0,0,0,41,2026-02-03 00:59:43.032517
RTM1P47,0.09,0.08,0.1,1000000.0,1000000.0,0,0,41,2026-02-03 00:59:43.032517
RTM1C48,4.25,4.24,4.26,1000000.0,1000000.0,0,0,41,2026-02-03 00:59:43.032517
RTM1P48,0.16,0.15,0.17,1000000.0,1000000.0,0,0,41,2026-02-03 00:59:43.032517
RTM1C49,3.41,3.4,3.42,1000000.0,1000000.0,0,0,41,2026-02-03 00:59:43.032517
RTM1P49,0.32,0.31,0.33,1000000.0,1000000.0,0,0,41,2026-02-03 00:59:43.032517
RTM1C50,2.64,2.63,2.65,1000000.0,1000000.0,0,0,41,2026-02-03 00:59:43.032517
RTM1P50,0.55,0.54,0.56,1000000.0,1000000.0,0,0,41,2026-02-03 00:59:43.032517
RTM1C51,1.93,1.92,1.94,1000000.0,1000000.0,0,0,41,2026-02-03 00:59:43.032517
RTM1P51,0.84,0.83,0.85,1000000.0,1000000.0,0,0,41,2026-02-03 00:59:43.032517
RTM1C52,1.38,1.37,1.39,1000000.0,1000000.0,0,0,41,2026-02-03 00:59:43.032517
RTM1P52,1.29,1.28,1.3,1000000.0,1000000.0,0,0,41,2026-02-03 00:59:43.032517
RTM1C53,0.95,0.94,0.96,1000000.0,1000000.0,0,0,41,2026-02-03 00:59:43.032517
RTM1P53,1.86,1.85,1.87,1000000.0,1000000.0,0,0,41,2026-02-03 00:59:43.032517
RTM1C54,0.65,0.64,0.66,1000000.0,1000000.0,0,0,41,2026-02-03 00:59:43.032517
RTM1P54,2.56,2.55,2.57,1000000.0,1000000.0,0,0,41,2026-02-03 00:59:43.032517
RTM,52.24,52.23,52.25,100000000.0,100000000.0,0,0,42,2026-02-03 00:59:44.108124
RTM1C45,7.26,7.25,7.27,1000000.0,1000000.0,0,0,42,2026-02-03 00:59:44.108124
RTM1P45,0.02,0.01,0.03,1000000.0,1000000.0,0,0,42,2026-02-03 00:59:44.108124
RTM1C46,6.28,6.27,6.29,1000000.0,1000000.0,0,0,42,2026-02-03 00:59:44.108124
RTM1P46,0.03,0.02,0.04,1000000.0,1000000.0,0,0,42,2026-02-03 00:59:44.108124
RTM1C47,5.3,5.29,5.31,1000000.0,1000000.0,0,0,42,2026-02-03 00:59:44.108124
RTM1P47,0.06,0.05,0.07,1000000.0,1000000.0,0,0,42,2026-02-03 00:59:44.108124
RTM1C48,4.37,4.36,4.38,1000000.0,1000000.0,0,0,42,2026-02-03 00:59:44.108124
RTM1P48,0.12,0.11,0.13,1000000.0,1000000.0,0,0,42,2026-02-03 00:59:44.108124
RTM1C49,3.54,3.53,3.55,1000000.0,1000000.0,0,0,42,2026-02-03 00:59:44.108124
RTM1P49,0.3,0.29,0.31,1000000.0,1000000.0,0,0,42,2026-02-03 00:59:44.108124
RTM1C50,2.74,2.73,2.75,1000000.0,1000000.0,0,0,42,2026-02-03 00:59:44.108124
RTM1P50,0.49,0.48,0.5,1000000.0,1000000.0,0,0,42,2026-02-03 00:59:44.108124
RTM1C51,2.07,2.06,2.08,1000000.0,1000000.0,0,0,42,2026-02-03 00:59:44.108124
RTM1P51,0.83,0.82,0.84,1000000.0,1000000.0,0,0,42,2026-02-03 00:59:44.108124
RTM1C52,1.54,1.53,1.55,1000000.0,1000000.0,0,0,42,2026-02-03 00:59:44.108124
RTM1P52,1.3,1.29,1.31,1000000.0,1000000.0,0,0,42,2026-02-03 00:59:44.108124
RTM1C53,1.0,0.99,1.01,1000000.0,1000000.0,0,0,42,2026-02-03 00:59:44.108124
RTM1P53,1.76,1.75,1.77,1000000.0,1000000.0,0,0,42,2026-02-03 00:59:44.108124
RTM1C54,0.65,0.64,0.66,1000000.0,1000000.0,0,0,42,2026-02-03 00:59:44.108124
RTM1P54,2.41,2.4,2.42,1000000.0,1000000.0,0,0,42,2026-02-03 00:59:44.108124
RTM,52.29,52.28,52.3,100000000.0,100000000.0,0,0,43,2026-02-03 00:59:44.714484
RTM1C45,7.3,7.29,7.31,1000000.0,1000000.0,0,0,43,2026-02-03 00:59:44.714484
RTM1P45,0.02,0.01,0.03,1000000.0,1000000.0,0,0,43,2026-02-03 00:59:44.714484
RTM1C46,6.32,6.31,6.33,1000000.0,1000000.0,0,0,43,2026-02-03 00:59:44.714484
RTM1P46,0.03,0.02,0.04,1000000.0,1000000.0,0,0,43,2026-02-03 00:59:44.714484
RTM1C47,5.35,5.34,5.36,1000000.0,1000000.0,0,0,43,2026-02-03 00:59:44.714484
RTM1P47,0.06,0.05,0.07,1000000.0,1000000.0,0,0,43,2026-02-03 00:59:44.714484
RTM1C48,4.42,4.41,4.43,1000000.0,1000000.0,0,0,43,2026-02-03 00:59:44.714484
RTM1P48,0.12,0.11,0.13,1000000.0,1000000.0,0,0,43,2026-02-03 00:59:44.714484
RTM1C49,3.58,3.57,3.59,1000000.0,1000000.0,0,0,43,2026-02-03 00:59:44.714484
RTM1P49,0.29,0.28,0.3,1000000.0,1000000.0,0,0,43,2026-02-03 00:59:44.714484
RTM1C50,2.81,2.8,2.82,1000000.0,1000000.0,0,0,43,2026-02-03 00:59:44.714484
RTM1P50,0.52,0.51,0.53,1000000.0,1000000.0,0,0,43,2026-02-03 00:59:44.714484
RTM1C51,2.13,2.12,2.14,1000000.0,1000000.0,0,0,43,2026-02-03 00:59:44.714484
RTM1P51,0.84,0.83,0.85,1000000.0,1000000.0,0,0,43,2026-02-03 00:59:44.714484
RTM1C52,1.52,1.51,1.53,1000000.0,1000000.0,0,0,43,2026-02-03 00:59:44.714484
RTM1P52,1.23,1.22,1.24,1000000.0,1000000.0,0,0,43,2026-02-03 00:59:44.714484
RTM1C53,1.06,1.05,1.07,1000000.0,1000000.0,0,0,43,2026-02-03 00:59:44.714484
RTM1P53,1.77,1.76,1.78,1000000.0,1000000.0,0,0,43,2026-02-03 00:59:44.714484
RTM1C54,0.66,0.65,0.67,1000000.0,1000000.0,0,0,43,2026-02-03 00:59:44.714484
RTM1P54,2.37,2.36,2.38,1000000.0,1000000.0,0,0,43,2026-02-03 00:59:44.714484
RTM,52.34,52.33,52.35,100000000.0,100000000.0,0,0,44,2026-02-03 00:59:45.769174
RTM1C45,7.35,7.34,7.36,1000000.0,1000000.0,0,0,44,2026-02-03 00:59:45.769174
RTM1P45,0.02,0.01,0.03,1000000.0,1000000.0,0,0,44,2026-02-03 00:59:45.769174
RTM1C46,6.37,6.36,6.38,1000000.0,1000000.0,0,0,44,2026-02-03 00:59:45.769174
RTM1P46,0.03,0.02,0.04,1000000.0,1000000.0,0,0,44,2026-02-03 00:59:45.769174
RTM1C47,5.39,5.38,5.4,1000000.0,1000000.0,0,0,44,2026-02-03 00:59:45.769174
RTM1P47,0.05,0.04,0.06,1000000.0,1000000.0,0,0,44,2026-02-03 00:59:45.769174
RTM1C48,4.48,4.47,4.49,1000000.0,1000000.0,0,0,44,2026-02-03 00:59:45.769174
RTM1P48,0.14,0.13,0.15,1000000.0,1000000.0,0,0,44,2026-02-03 00:59:45.769174
RTM1C49,3.63,3.62,3.64,1000000.0,1000000.0,0,0,44,2026-02-03 00:59:45.769174
RTM1P49,0.29,0.28,0.3,1000000.0,1000000.0,0,0,44,2026-02-03 00:59:45.769174
RTM1C50,2.86,2.85,2.87,1000000.0,1000000.0,0,0,44,2026-02-03 00:59:45.769174
RTM1P50,0.52,0.51,0.53,1000000.0,1000000.0,0,0,44,2026-02-03 00:59:45.769174
RTM1C51,2.13,2.12,2.14,1000000.0,1000000.0,0,0,44,2026-02-03 00:59:45.769174
RTM1P51,0.79,0.78,0.8,1000000.0,1000000.0,0,0,44,2026-02-03 00:59:45.769174
RTM1C52,1.53,1.52,1.54,1000000.0,1000000.0,0,0,44,2026-02-03 00:59:45.769174
RTM1P52,1.19,1.18,1.2,1000000.0,1000000.0,0,0,44,2026-02-03 00:59:45.769174
RTM1C53,1.12,1.11,1.13,1000000.0,1000000.0,0,0,44,2026-02-03 00:59:45.769174
RTM1P53,1.78,1.77,1.79,1000000.0,1000000.0,0,0,44,2026-02-03 00:59:45.769174
RTM1C54,0.75,0.74,0.76,1000000.0,1000000.0,0,0,44,2026-02-03 00:59:45.769174
RTM1P54,2.41,2.4,2.42,1000000.0,1000000.0,0,0,44,2026-02-03 00:59:45.769174
RTM,52.28,52.27,52.29,100000000.0,100000000.0,0,0,45,2026-02-03 00:59:46.820290
RTM1C45,7.29,7.28,7.3,1000000.0,1000000.0,0,0,45,2026-02-03 00:59:46.820290
RTM1P45,0.02,0.01,0.03,1000000.0,1000000.0,0,0,45,2026-02-03 00:59:46.820290
RTM1C46,6.31,6.3,6.32,1000000.0,1000000.0,0,0,45,2026-02-03 00:59:46.820290
RTM1P46,0.03,0.02,0.04,1000000.0,1000000.0,0,0,45,2026-02-03 00:59:46.820290
RTM1C47,5.34,5.33,5.35,1000000.0,1000000.0,0,0,45,2026-02-03 00:59:46.820290
RTM1P47,0.06,0.05,0.07,1000000.0,1000000.0,0,0,45,2026-02-03 00:59:46.820290
RTM1C48,4.43,4.42,4.44,1000000.0,1000000.0,0,0,45,2026-02-03 00:59:46.820290
RTM1P48,0.15,0.14,0.16,1000000.0,1000000.0,0,0,45,2026-02-03 00:59:46.820290
RTM1C49,3.58,3.57,3.59,1000000.0,1000000.0,0,0,45,2026-02-03 00:59:46.820290
RTM1P49,0.3,0.29,0.31,1000000.0,1000000.0,0,0,45,2026-02-03 00:59:46.820290
RTM1C50,2.8,2.79,2.81,1000000.0,1000000.0,0,0,45,2026-02-03 00:59:46.820290
RTM1P50,0.52,0.51,0.53,1000000.0,1000000.0,0,0,45,2026-02-03 00:59:46.820290
RTM1C51,2.08,2.07,2.09,1000000.0,1000000.0,0,0,45,2026-02-03 00:59:46.820290
RTM1P51,0.8,0.79,0.81,1000000.0,1000000.0,0,0,45,2026-02-03 00:59:46.820290
RTM1C52,1.54,1.53,1.55,1000000.0,1000000.0,0,0,45,2026-02-03 00:59:46.820290
RTM1P52,1.26,1.25,1.27,1000000.0,1000000.0,0,0,45,2026-02-03 00:59:46.820290
RTM1C53,1.09,1.08,1.1,1000000.0,1000000.0,0,0,45,2026-02-03 00:59:46.820290
RTM1P53,1.81,1.8,1.82,1000000.0,1000000.0,0,0,45,2026-02-03 00:59:46.820290
RTM1C54,0.74,0.73,0.75,1000000.0,1000000.0,0,0,45,2026-02-03 00:59:46.820290
RTM1P54,2.46,2.45,2.47,1000000.0,1000000.0,0,0,45,2026-02-03 00:59:46.820290
RTM,52.49,52.48,52.5,100000000.0,100000000.0,0,0,46,2026-02-03 00:59:47.865697
RTM1C45,7.5,7.49,7.51,1000000.0,1000000.0,0,0,46,2026-02-03 00:59:47.865697
RTM1P45,0.02,0.01,0.03,1000000.0,1000000.0,0,0,46,2026-02-03 00:59:47.865697
RTM1C46,6.52,6.51,6.53,1000000.0,1000000.0,0,0,46,2026-02-03 00:59:47.865697
RTM1P46,0.03,0.02,0.04,1000000.0,1000000.0,0,0,46,2026-02-03 00:59:47.865697
RTM1C47,5.55,5.54,5.56,1000000.0,1000000.0,0,0,46,2026-02-03 00:59:47.865697
RTM1P47,0.06,0.05,0.07,1000000.0,1000000.0,0,0,46,2026-02-03 00:59:47.865697
RTM1C48,4.62,4.61,4.63,1000000.0,1000000.0,0,0,46,2026-02-03 00:59:47.865697
RTM1P48,0.13,0.12,0.14,1000000.0,1000000.0,0,0,46,2026-02-03 00:59:47.865697
RTM1C49,3.75,3.74,3.76,1000000.0,1000000.0,0,0,46,2026-02-03 00:59:47.865697
RTM1P49,0.27,0.26,0.28,1000000.0,1000000.0,0,0,46,2026-02-03 00:59:47.865697
RTM1C50,2.98,2.97,2.99,1000000.0,1000000.0,0,0,46,2026-02-03 00:59:47.865697
RTM1P50,0.49,0.48,0.5,1000000.0,1000000.0,0,0,46,2026-02-03 00:59:47.865697
RTM1C51,2.24,2.23,2.25,1000000.0,1000000.0,0,0,46,2026-02-03 00:59:47.865697
RTM1P51,0.75,0.74,0.76,1000000.0,1000000.0,0,0,46,2026-02-03 00:59:47.865697
RTM1C52,1.67,1.66,1.68,1000000.0,1000000.0,0,0,46,2026-02-03 00:59:47.865697
RTM1P52,1.18,1.17,1.19,1000000.0,1000000.0,0,0,46,2026-02-03 00:59:47.865697
RTM1C53,1.16,1.15,1.17,1000000.0,1000000.0,0,0,46,2026-02-03 00:59:47.865697
RTM1P53,1.67,1.66,1.68,1000000.0,1000000.0,0,0,46,2026-02-03 00:59:47.865697
RTM1C54,0.82,0.81,0.83,1000000.0,1000000.0,0,0,46,2026-02-03 00:59:47.865697
RTM1P54,2.33,2.32,2.34,1000000.0,1000000.0,0,0,46,2026-02-03 00:59:47.865697
RTM,52.23,52.22,52.24,100000000.0,100000000.0,0,0,47,2026-02-03 00:59:48.918009
RTM1C45,7.24,7.23,7.25,1000000.0,1000000.0,0,0,47,2026-02-03 00:59:48.918009
RTM1P45,0.02,0.01,0.03,1000000.0,1000000.0,0,0,47,2026-02-03 00:59:48.918009
RTM1C46,6.26,6.25,6.27,1000000.0,1000000.0,0,0,47,2026-02-03 00:59:48.918009
RTM1P46,0.03,0.02,0.04,1000000.0,1000000.0,0,0,47,2026-02-03 00:59:48.918009
RTM1C47,5.3,5.29,5.31,1000000.0,1000000.0,0,0,47,2026-02-03 00:59:48.918009
RTM1P47,0.07,0.06,0.08,1000000.0,1000000.0,0,0,47,2026-02-03 00:59:48.918009
RTM1C48,4.39,4.38,4.4,1000000.0,1000000.0,0,0,47,2026-02-03 00:59:48.918009
RTM1P48,0.16,0.15,0.17,1000000.0,1000000.0,0,0,47,2026-02-03 00:59:48.918009
RTM1C49,3.56,3.55,3.57,1000000.0,1000000.0,0,0,47,2026-02-03 00:59:48.918009
RTM1P49,0.33,0.32,0.34,1000000.0,1000000.0,0,0,47,2026-02-03 00:59:48.918009
RTM1C50,2.74,2.73,2.75,1000000.0,1000000.0,0,0,47,2026-02-03 00:59:48.918009
RTM1P50,0.52,0.51,0.53,1000000.0,1000000.0,0,0,47,2026-02-03 00:59:48.918009
RTM1C51,2.09,2.08,2.1,1000000.0,1000000.0,0,0,47,2026-02-03 00:59:48.918009
RTM1P51,0.86,0.85,0.87,1000000.0,1000000.0,0,0,47,2026-02-03 00:59:48.918009
RTM1C52,1.49,1.48,1.5,1000000.0,1000000.0,0,0,47,2026-02-03 00:59:48.918009
RTM1P52,1.26,1.25,1.27,1000000.0,1000000.0,0,0,47,2026-02-03 00:59:48.918009
RTM1C53,1.03,1.02,1.04,1000000.0,1000000.0,0,0,47,2026-02-03 00:59:48.918009
RTM1P53,1.81,1.8,1.82,1000000.0,1000000.0,0,0,47,2026-02-03 00:59:48.918009
RTM1C54,0.68,0.67,0.69,1000000.0,1000000.0,0,0,47,2026-02-03 00:59:48.918009
RTM1P54,2.45,2.44,2.46,1000000.0,1000000.0,0,0,47,2026-02-03 00:59:48.918009
RTM,52.48,52.47,52.49,100000000.0,100000000.0,0,0,48,2026-02-03 00:59:49.981475
RTM1C45,7.5,7.49,7.51,1000000.0,1000000.0,0,0,48,2026-02-03 00:59:49.981475
RTM1P45,0.02,0.01,0.03,1000000.0,1000000.0,0,0,48,2026-02-03 00:59:49.981475
RTM1C46,6.51,6.5,6.52,1000000.0,1000000.0,0,0,48,2026-02-03 00:59:49.981475
RTM1P46,0.03,0.02,0.04,1000000.0,1000000.0,0,0,48,2026-02-03 00:59:49.981475
RTM1C47,5.56,5.55,5.57,1000000.0,1000000.0,0,0,48,2026-02-03 00:59:49.981475
RTM1P47,0.07,0.06,0.08,1000000.0,1000000.0,0,0,48,2026-02-03 00:59:49.981475
RTM1C48,4.63,4.62,4.64,1000000.0,1000000.0,0,0,48,2026-02-03 00:59:49.981475
RTM1P48,0.14,0.13,0.15,1000000.0,1000000.0,0,0,48,2026-02-03 00:59:49.981475
RTM1C49,3.75,3.74,3.76,1000000.0,1000000.0,0,0,48,2026-02-03 00:59:49.981475
RTM1P49,0.27,0.26,0.28,1000000.0,1000000.0,0,0,48,2026-02-03 00:59:49.981475
RTM1C50,2.94,2.93,2.95,1000000.0,1000000.0,0,0,48,2026-02-03 00:59:49.981475
RTM1P50,0.46,0.45,0.47,1000000.0,1000000.0,0,0,48,2026-02-03 00:59:49.981475
RTM1C51,2.19,2.18,2.2,1000000.0,1000000.0,0,0,48,2026-02-03 00:59:49.981475
RTM1P51,0.71,0.7,0.72,1000000.0,1000000.0,0,0,48,2026-02-03 00:59:49.981475
RTM1C52,1.66,1.65,1.67,1000000.0,1000000.0,0,0,48,2026-02-03 00:59:49.981475
RTM1P52,1.18,1.17,1.19,1000000.0,1000000.0,0,0,48,2026-02-03 00:59:49.981475
RTM1C53,1.16,1.15,1.17,1000000.0,1000000.0,0,0,48,2026-02-03 00:59:49.981475
RTM1P53,1.67,1.66,1.68,1000000.0,1000000.0,0,0,48,2026-02-03 00:59:49.981475
RTM1C54,0.79,0.78,0.8,1000000.0,1000000.0,0,0,48,2026-02-03 00:59:49.981475
RTM1P54,2.31,2.3,2.32,1000000.0,1000000.0,0,0,48,2026-02-03 00:59:49.981475
RTM,52.45,52.44,52.46,100000000.0,100000000.0,0,0,49,2026-02-03 00:59:51.050361
RTM1C45,7.47,7.46,7.48,1000000.0,1000000.0,0,0,49,2026-02-03 00:59:51.050361
RTM1P45,0.02,0.01,0.03,1000000.0,1000000.0,0,0,49,2026-02-03 00:59:51.050361
RTM1C46,6.49,6.48,6.5,1000000.0,1000000.0,0,0,49,2026-02-03 00:59:51.050361
RTM1P46,0.04,0.03,0.05,1000000.0,1000000.0,0,0,49,2026-02-03 00:59:51.050361
RTM1C47,5.53,5.52,5.54,1000000.0,1000000.0,0,0,49,2026-02-03 00:59:51.050361
RTM1P47,0.07,0.06,0.08,1000000.0,1000000.0,0,0,49,2026-02-03 00:59:51.050361
RTM1C48,4.6,4.59,4.61,1000000.0,1000000.0,0,0,49,2026-02-03 00:59:51.050361
RTM1P48,0.14,0.13,0.15,1000000.0,1000000.0,0,0,49,2026-02-03 00:59:51.050361
RTM1C49,3.75,3.74,3.76,1000000.0,1000000.0,0,0,49,2026-02-03 00:59:51.050361
RTM1P49,0.29,0.28,0.3,1000000.0,1000000.0,0,0,49,2026-02-03 00:59:51.050361
RTM1C50,2.95,2.94,2.96,1000000.0,1000000.0,0,0,49,2026-02-03 00:59:51.050361
RTM1P50,0.5,0.49,0.51,1000000.0,1000000.0,0,0,49,2026-02-03 00:59:51.050361
RTM1C51,2.21,2.2,2.22,1000000.0,1000000.0,0,0,49,2026-02-03 00:59:51.050361
RTM1P51,0.76,0.75,0.77,1000000.0,1000000.0,0,0,49,2026-02-03 00:59:51.050361
RTM1C52,1.64,1.63,1.65,1000000.0,1000000.0,0,0,49,2026-02-03 00:59:51.050361
RTM1P52,1.18,1.17,1.19,1000000.0,1000000.0,0,0,49,2026-02-03 00:59:51.050361
RTM1C53,1.17,1.16,1.18,1000000.0,1000000.0,0,0,49,2026-02-03 00:59:51.050361
RTM1P53,1.72,1.71,1.73,1000000.0,1000000.0,0,0,49,2026-02-03 00:59:51.050361
RTM1C54,0.81,0.8,0.82,1000000.0,1000000.0,0,0,49,2026-02-03 00:59:51.050361
RTM1P54,2.35,2.34,2.36,1000000.0,1000000.0,0,0,49,2026-02-03 00:59:51.050361
RTM,52.75,52.74,52.76,100000000.0,100000000.0,0,0,50,2026-02-03 00:59:51.650959
RTM1C45,7.76,7.75,7.77,1000000.0,1000000.0,0,0,50,2026-02-03 00:59:51.650959
RTM1P45,0.02,0.01,0.03,1000000.0,1000000.0,0,0,50,2026-02-03 00:59:51.650959
RTM1C46,6.78,6.77,6.79,1000000.0,1000000.0,0,0,50,2026-02-03 00:59:51.650959
RTM1P46,0.03,0.02,0.04,1000000.0,1000000.0,0,0,50,2026-02-03 00:59:51.650959
RTM1C47,5.81,5.8,5.82,1000000.0,1000000.0,0,0,50,2026-02-03 00:59:51.650959
RTM1P47,0.05,0.04,0.06,1000000.0,1000000.0,0,0,50,2026-02-03 00:59:51.650959
RTM1C48,4.88,4.87,4.89,1000000.0,1000000.0,0,0,50,2026-02-03 00:59:51.650959
RTM1P48,0.13,0.12,0.14,1000000.0,1000000.0,0,0,50,2026-02-03 00:59:51.650959
RTM1C49,3.99,3.98,4.0,1000000.0,1000000.0,0,0,50,2026-02-03 00:59:51.650959
RTM1P49,0.23,0.22,0.24,1000000.0,1000000.0,0,0,50,2026-02-03 00:59:51.650959
RTM1C50,3.17,3.16,3.18,1000000.0,1000000.0,0,0,50,2026-02-03 00:59:51.650959
RTM1P50,0.42,0.41,0.43,1000000.0,1000000.0,0,0,50,2026-02-03 00:59:51.650959
RTM1C51,2.44,2.43,2.45,1000000.0,1000000.0,0,0,50,2026-02-03 00:59:51.650959
RTM1P51,0.69,0.68,0.7,1000000.0,1000000.0,0,0,50,2026-02-03 00:59:51.650959
RTM1C52,1.83,1.82,1.84,1000000.0,1000000.0,0,0,50,2026-02-03 00:59:51.650959
RTM1P52,1.08,1.07,1.09,1000000.0,1000000.0,0,0,50,2026-02-03 00:59:51.650959
RTM1C53,1.33,1.32,1.34,1000000.0,1000000.0,0,0,50,2026-02-03 00:59:51.650959
RTM1P53,1.57,1.56,1.58,1000000.0,1000000.0,0,0,50,2026-02-03 00:59:51.650959
RTM1C54,0.9,0.89,0.91,1000000.0,1000000.0,0,0,50,2026-02-03 00:59:51.650959
RTM1P54,2.15,2.14,2.16,1000000.0,1000000.0,0,0,50,2026-02-03 00:59:51.650959
RTM,52.83,52.82,52.84,100000000.0,100000000.0,0,0,51,2026-02-03 00:59:52.714183
RTM1C45,7.83,7.82,7.84,1000000.0,1000000.0,0,0,51,2026-02-03 00:59:52.714183
RTM1P45,0.02,0.01,0.03,1000000.0,1000000.0,0,0,51,2026-02-03 00:59:52.714183
RTM1C46,6.85,6.84,6.86,1000000.0,1000000.0,0,0,51,2026-02-03 00:59:52.714183
RTM1P46,0.03,0.02,0.04,1000000.0,1000000.0,0,0,51,2026-02-03 00:59:52.714183
RTM1C47,5.89,5.88,5.9,1000000.0,1000000.0,0,0,51,2026-02-03 00:59:52.714183
RTM1P47,0.06,0.05,0.07,1000000.0,1000000.0,0,0,51,2026-02-03 00:59:52.714183
RTM1C48,4.95,4.94,4.96,1000000.0,1000000.0,0,0,51,2026-02-03 00:59:52.714183
RTM1P48,0.12,0.11,0.13,1000000.0,1000000.0,0,0,51,2026-02-03 00:59:52.714183
RTM1C49,4.06,4.05,4.07,1000000.0,1000000.0,0,0,51,2026-02-03 00:59:52.714183
RTM1P49,0.24,0.23,0.25,1000000.0,1000000.0,0,0,51,2026-02-03 00:59:52.714183
RTM1C50,3.24,3.23,3.25,1000000.0,1000000.0,0,0,51,2026-02-03 00:59:52.714183
RTM1P50,0.42,0.41,0.43,1000000.0,1000000.0,0,0,51,2026-02-03 00:59:52.714183
RTM1C51,2.48,2.47,2.49,1000000.0,1000000.0,0,0,51,2026-02-03 00:59:52.714183
RTM1P51,0.66,0.65,0.67,1000000.0,1000000.0,0,0,51,2026-02-03 00:59:52.714183
RTM1C52,1.89,1.88,1.9,1000000.0,1000000.0,0,0,51,2026-02-03 00:59:52.714183
RTM1P52,1.06,1.05,1.07,1000000.0,1000000.0,0,0,51,2026-02-03 00:59:52.714183
RTM1C53,1.35,1.34,1.36,1000000.0,1000000.0,0,0,51,2026-02-03 00:59:52.714183
RTM1P53,1.52,1.51,1.53,1000000.0,1000000.0,0,0,51,2026-02-03 00:59:52.714183
RTM1C54,0.92,0.91,0.93,1000000.0,1000000.0,0,0,51,2026-02-03 00:59:52.714183
RTM1P54,2.1,2.09,2.11,1000000.0,1000000.0,0,0,51,2026-02-03 00:59:52.714183
RTM,52.67,52.66,52.68,100000000.0,100000000.0,0,0,52,2026-02-03 00:59:53.772483
RTM1C45,7.68,7.67,7.69,1000000.0,1000000.0,0,0,52,2026-02-03 00:59:53.772483
RTM1P45,0.02,0.01,0.03,1000000.0,1000000.0,0,0,52,2026-02-03 00:59:53.772483
RTM1C46,6.7,6.69,6.71,1000000.0,1000000.0,0,0,52,2026-02-03 00:59:53.772483
RTM1P46,0.03,0.02,0.04,1000000.0,1000000.0,0,0,52,2026-02-03 00:59:53.772483
RTM1C47,5.73,5.72,5.74,1000000.0,1000000.0,0,0,52,2026-02-03 00:59:53.772483
RTM1P47,0.06,0.05,0.07,1000000.0,1000000.0,0,0,52,2026-02-03 00:59:53.772483
RTM1C48,4.8,4.79,4.81,1000000.0,1000000.0,0,0,52,2026-02-03 00:59:53.772483
RTM1P48,0.13,0.12,0.14,1000000.0,1000000.0,0,0,52,2026-02-03 00:59:53.772483
RTM1C49,3.92,3.91,3.93,1000000.0,1000000.0,0,0,52,2026-02-03 00:59:53.772483
RTM1P49,0.25,0.24,0.26,1000000.0,1000000.0,0,0,52,2026-02-03 00:59:53.772483
RTM1C50,3.11,3.1,3.12,1000000.0,1000000.0,0,0,52,2026-02-03 00:59:53.772483
RTM1P50,0.44,0.43,0.45,1000000.0,1000000.0,0,0,52,2026-02-03 00:59:53.772483
RTM1C51,2.38,2.37,2.39,1000000.0,1000000.0,0,0,52,2026-02-03 00:59:53.772483
RTM1P51,0.71,0.7,0.72,1000000.0,1000000.0,0,0,52,2026-02-03 00:59:53.772483
RTM1C52,1.77,1.76,1.78,1000000.0,1000000.0,0,0,52,2026-02-03 00:59:53.772483
RTM1P52,1.11,1.1,1.12,1000000.0,1000000.0,0,0,52,2026-02-03 00:59:53.772483
RTM1C53,1.27,1.26,1.28,1000000.0,1000000.0,0,0,52,2026-02-03 00:59:53.772483
RTM1P53,1.6,1.59,1.61,1000000.0,1000000.0,0,0,52,2026-02-03 00:59:53.772483
RTM1C54,0.9,0.89,0.91,1000000.0,1000000.0,0,0,52,2026-02-03 00:59:53.772483
RTM1P54,2.23,2.22,2.24,1000000.0,1000000.0,0,0,52,2026-02-03 00:59:53.772483
RTM,52.61,52.6,52.62,100000000.0,100000000.0,0,0,53,2026-02-03 00:59:54.826318
RTM1C45,7.62,7.61,7.63,1000000.0,1000000.0,0,0,53,2026-02-03 00:59:54.826318
RTM1P45,0.02,0.01,0.03,1000000.0,1000000.0,0,0,53,2026-02-03 00:59:54.826318
RTM1C46,6.64,6.63,6.65,1000000.0,1000000.0,0,0,53,2026-02-03 00:59:54.826318
RTM1P46,0.03,0.02,0.04,1000000.0,1000000.0,0,0,53,2026-02-03 00:59:54.826318
RTM1C47,5.68,5.67,5.69,1000000.0,1000000.0,0,0,53,2026-02-03 00:59:54.826318
RTM1P47,0.07,0.06,0.08,1000000.0,1000000.0,0,0,53,2026-02-03 00:59:54.826318
RTM1C48,4.75,4.74,4.76,1000000.0,1000000.0,0,0,53,2026-02-03 00:59:54.826318
RTM1P48,0.14,0.13,0.15,1000000.0,1000000.0,0,0,53,2026-02-03 00:59:54.826318
RTM1C49,3.88,3.87,3.89,1000000.0,1000000.0,0,0,53,2026-02-03 00:59:54.826318
RTM1P49,0.27,0.26,0.28,1000000.0,1000000.0,0,0,53,2026-02-03 00:59:54.826318
RTM1C50,3.07,3.06,3.08,1000000.0,1000000.0,0,0,53,2026-02-03 00:59:54.826318
RTM1P50,0.46,0.45,0.47,1000000.0,1000000.0,0,0,53,2026-02-03 00:59:54.826318
RTM1C51,2.35,2.34,2.36,1000000.0,1000000.0,0,0,53,2026-02-03 00:59:54.826318
RTM1P51,0.74,0.73,0.75,1000000.0,1000000.0,0,0,53,2026-02-03 00:59:54.826318
RTM1C52,1.74,1.73,1.75,1000000.0,1000000.0,0,0,53,2026-02-03 00:59:54.826318
RTM1P52,1.13,1.12,1.14,1000000.0,1000000.0,0,0,53,2026-02-03 00:59:54.826318
RTM1C53,1.25,1.24,1.26,1000000.0,1000000.0,0,0,53,2026-02-03 00:59:54.826318
RTM1P53,1.64,1.63,1.65,1000000.0,1000000.0,0,0,53,2026-02-03 00:59:54.826318
RTM1C54,0.86,0.85,0.87,1000000.0,1000000.0,0,0,53,2026-02-03 00:59:54.826318
RTM1P54,2.25,2.24,2.26,1000000.0,1000000.0,0,0,53,2026-02-03 00:59:54.826318
RTM,52.83,52.82,52.84,100000000.0,100000000.0,0,0,54,2026-02-03 00:59:55.881673
RTM1C45,7.84,7.83,7.85,1000000.0,1000000.0,0,0,54,2026-02-03 00:59:55.881673
RTM1P45,0.02,0.01,0.03,1000000.0,1000000.0,0,0,54,2026-02-03 00:59:55.881673
RTM1C46,6.86,6.85,6.87,1000000.0,1000000.0,0,0,54,2026-02-03 00:59:55.881673
RTM1P46,0.03,0.02,0.04,1000000.0,1000000.0,0,0,54,2026-02-03 00:59:55.881673
RTM1C47,5.9,5.89,5.91,1000000.0,1000000.0,0,0,54,2026-02-03 00:59:55.881673
RTM1P47,0.06,0.05,0.07,1000000.0,1000000.0,0,0,54,2026-02-03 00:59:55.881673
RTM1C48,4.96,4.95,4.97,1000000.0,1000000.0,0,0,54,2026-02-03 00:59:55.881673
RTM1P48,0.13,0.12,0.14,1000000.0,1000000.0,0,0,54,2026-02-03 00:59:55.881673
RTM1C49,4.08,4.07,4.09,1000000.0,1000000.0,0,0,54,2026-02-03 00:59:55.881673
RTM1P49,0.25,0.24,0.26,1000000.0,1000000.0,0,0,54,2026-02-03 00:59:55.881673
RTM1C50,3.26,3.25,3.27,1000000.0,1000000.0,0,0,54,2026-02-03 00:59:55.881673
RTM1P50,0.43,0.42,0.44,1000000.0,1000000.0,0,0,54,2026-02-03 00:59:55.881673
RTM1C51,2.52,2.51,2.53,1000000.0,1000000.0,0,0,54,2026-02-03 00:59:55.881673
RTM1P51,0.68,0.67,0.69,1000000.0,1000000.0,0,0,54,2026-02-03 00:59:55.881673
RTM1C52,1.89,1.88,1.9,1000000.0,1000000.0,0,0,54,2026-02-03 00:59:55.881673
RTM1P52,1.06,1.05,1.07,1000000.0,1000000.0,0,0,54,2026-02-03 00:59:55.881673
RTM1C53,1.38,1.37,1.39,1000000.0,1000000.0,0,0,54,2026-02-03 00:59:55.881673
RTM1P53,1.54,1.53,1.55,1000000.0,1000000.0,0,0,54,2026-02-03 00:59:55.881673
RTM1C54,0.96,0.95,0.97,1000000.0,1000000.0,0,0,54,2026-02-03 00:59:55.881673
RTM1P54,2.12,2.11,2.13,1000000.0,1000000.0,0,0,54,2026-02-03 00:59:55.881673
RTM,52.66,52.65,52.67,100000000.0,100000000.0,0,0,55,2026-02-03 00:59:56.939861
RTM1C45,7.68,7.67,7.69,1000000.0,1000000.0,0,0,55,2026-02-03 00:59:56.939861
RTM1P45,0.02,0.01,0.03,1000000.0,1000000.0,0,0,55,2026-02-03 00:59:56.939861
RTM1C46,6.7,6.69,6.71,1000000.0,1000000.0,0,0,55,2026-02-03 00:59:56.939861
RTM1P46,0.03,0.02,0.04,1000000.0,1000000.0,0,0,55,2026-02-03 00:59:56.939861
RTM1C47,5.74,5.73,5.75,1000000.0,1000000.0,0,0,55,2026-02-03 00:59:56.939861
RTM1P47,0.07,0.06,0.08,1000000.0,1000000.0,0,0,55,2026-02-03 00:59:56.939861
RTM1C48,4.81,4.8,4.82,1000000.0,1000000.0,0,0,55,2026-02-03 00:59:56.939861
RTM1P48,0.14,0.13,0.15,1000000.0,1000000.0,0,0,55,2026-02-03 00:59:56.939861
RTM1C49,3.94,3.93,3.95,1000000.0,1000000.0,0,0,55,2026-02-03 00:59:56.939861
RTM1P49,0.27,0.26,0.28,1000000.0,1000000.0,0,0,55,2026-02-03 00:59:56.939861
RTM1C50,3.13,3.12,3.14,1000000.0,1000000.0,0,0,55,2026-02-03 00:59:56.939861
RTM1P50,0.46,0.45,0.47,1000000.0,1000000.0,0,0,55,2026-02-03 00:59:56.939861
RTM1C51,2.4,2.39,2.41,1000000.0,1000000.0,0,0,55,2026-02-03 00:59:56.939861
RTM1P51,0.74,0.73,0.75,1000000.0,1000000.0,0,0,55,2026-02-03 00:59:56.939861
RTM1C52,1.8,1.79,1.81,1000000.0,1000000.0,0,0,55,2026-02-03 00:59:56.939861
RTM1P52,1.14,1.13,1.15,1000000.0,1000000.0,0,0,55,2026-02-03 00:59:56.939861
RTM1C53,1.28,1.27,1.29,1000000.0,1000000.0,0,0,55,2026-02-03 00:59:56.939861
RTM1P53,1.62,1.61,1.63,1000000.0,1000000.0,0,0,55,2026-02-03 00:59:56.939861
RTM1C54,0.9,0.89,0.91,1000000.0,1000000.0,0,0,55,2026-02-03 00:59:56.939861
RTM1P54,2.24,2.23,2.25,1000000.0,1000000.0,0,0,55,2026-02-03 00:59:56.939861
RTM,52.23,52.22,52.24,100000000.0,100000000.0,0,0,56,2026-02-03 00:59:58.006455
RTM1C45,7.25,7.24,7.26,1000000.0,1000000.0,0,0,56,2026-02-03 00:59:58.006455
RTM1P45,0.02,0.01,0.03,1000000.0,1000000.0,0,0,56,2026-02-03 00:59:58.006455
RTM1C46,6.27,6.26,6.28,1000000.0,1000000.0,0,0,56,2026-02-03 00:59:58.006455
RTM1P46,0.04,0.03,0.05,1000000.0,1000000.0,0,0,56,2026-02-03 00:59:58.006455
RTM1C47,5.32,5.31,5.33,1000000.0,1000000.0,0,0,56,2026-02-03 00:59:58.006455
RTM1P47,0.09,0.08,0.1,1000000.0,1000000.0,0,0,56,2026-02-03 00:59:58.006455
RTM1C48,4.42,4.41,4.43,1000000.0,1000000.0,0,0,56,2026-02-03 00:59:58.006455
RTM1P48,0.19,0.18,0.2,1000000.0,1000000.0,0,0,56,2026-02-03 00:59:58.006455
RTM1C49,3.56,3.55,3.57,1000000.0,1000000.0,0,0,56,2026-02-03 00:59:58.006455
RTM1P49,0.33,0.32,0.34,1000000.0,1000000.0,0,0,56,2026-02-03 00:59:58.006455
RTM1C50,2.8,2.79,2.81,1000000.0,1000000.0,0,0,56,2026-02-03 00:59:58.006455
RTM1P50,0.57,0.56,0.58,1000000.0,1000000.0,0,0,56,2026-02-03 00:59:58.006455
RTM1C51,2.11,2.1,2.12,1000000.0,1000000.0,0,0,56,2026-02-03 00:59:58.006455
RTM1P51,0.88,0.87,0.89,1000000.0,1000000.0,0,0,56,2026-02-03 00:59:58.006455
RTM1C52,1.56,1.55,1.57,1000000.0,1000000.0,0,0,56,2026-02-03 00:59:58.006455
RTM1P52,1.33,1.32,1.34,1000000.0,1000000.0,0,0,56,2026-02-03 00:59:58.006455
RTM1C53,1.09,1.08,1.1,1000000.0,1000000.0,0,0,56,2026-02-03 00:59:58.006455
RTM1P53,1.87,1.86,1.88,1000000.0,1000000.0,0,0,56,2026-02-03 00:59:58.006455
RTM1C54,0.75,0.74,0.76,1000000.0,1000000.0,0,0,56,2026-02-03 00:59:58.006455
RTM1P54,2.52,2.51,2.53,1000000.0,1000000.0,0,0,56,2026-02-03 00:59:58.006455
RTM,52.36,52.35,52.37,100000000.0,100000000.0,0,0,57,2026-02-03 00:59:59.073156
RTM1C45,7.38,7.37,7.39,1000000.0,1000000.0,0,0,57,2026-02-03 00:59:59.073156
RTM1P45,0.02,0.01,0.03,1000000.0,1000000.0,0,0,57,2026-02-03 00:59:59.073156
RTM1C46,6.4,6.39,6.41,1000000.0,1000000.0,0,0,57,2026-02-03 00:59:59.073156
RTM1P46,0.04,0.03,0.05,1000000.0,1000000.0,0,0,57,2026-02-03 00:59:59.073156
RTM1C47,5.45,5.44,5.46,1000000.0,1000000.0,0,0,57,2026-02-03 00:59:59.073156
RTM1P47,0.09,0.08,0.1,1000000.0,1000000.0,0,0,57,2026-02-03 00:59:59.073156
RTM1C48,4.52,4.51,4.53,1000000.0,1000000.0,0,0,57,2026-02-03 00:59:59.073156
RTM1P48,0.16,0.15,0.17,1000000.0,1000000.0,0,0,57,2026-02-03 00:59:59.073156
RTM1C49,3.68,3.67,3.69,1000000.0,1000000.0,0,0,57,2026-02-03 00:59:59.073156
RTM1P49,0.32,0.31,0.33,1000000.0,1000000.0,0,0,57,2026-02-03 00:59:59.073156
RTM1C50,2.9,2.89,2.91,1000000.0,1000000.0,0,0,57,2026-02-03 00:59:59.073156
RTM1P50,0.54,0.53,0.55,1000000.0,1000000.0,0,0,57,2026-02-03 00:59:59.073156
RTM1C51,2.2,2.19,2.21,1000000.0,1000000.0,0,0,57,2026-02-03 00:59:59.073156
RTM1P51,0.84,0.83,0.85,1000000.0,1000000.0,0,0,57,2026-02-03 00:59:59.073156
RTM1C52,1.64,1.63,1.65,1000000.0,1000000.0,0,0,57,2026-02-03 00:59:59.073156
RTM1P52,1.28,1.27,1.29,1000000.0,1000000.0,0,0,57,2026-02-03 00:59:59.073156
RTM1C53,1.15,1.14,1.16,1000000.0,1000000.0,0,0,57,2026-02-03 00:59:59.073156
RTM1P53,1.79,1.78,1.8,1000000.0,1000000.0,0,0,57,2026-02-03 00:59:59.073156
RTM1C54,0.8,0.79,0.81,1000000.0,1000000.0,0,0,57,2026-02-03 00:59:59.073156
RTM1P54,2.44,2.43,2.45,1000000.0,1000000.0,0,0,57,2026-02-03 00:59:59.073156
RTM,52.15,52.14,52.16,100000000.0,100000000.0,0,0,58,2026-02-03 01:00:00.134735
RTM1C45,7.18,7.17,7.19,1000000.0,1000000.0,0,0,58,2026-02-03 01:00:00.134735
RTM1P45,0.02,0.01,0.03,1000000.0,1000000.0,0,0,58,2026-02-03 01:00:00.134735
RTM1C46,6.2,6.19,6.21,1000000.0,1000000.0,0,0,58,2026-02-03 01:00:00.134735
RTM1P46,0.05,0.04,0.06,1000000.0,1000000.0,0,0,58,2026-02-03 01:00:00.134735
RTM1C47,5.25,5.24,5.26,1000000.0,1000000.0,0,0,58,2026-02-03 01:00:00.134735
RTM1P47,0.1,0.09,0.11,1000000.0,1000000.0,0,0,58,2026-02-03 01:00:00.134735
RTM1C48,4.36,4.35,4.37,1000000.0,1000000.0,0,0,58,2026-02-03 01:00:00.134735
RTM1P48,0.21,0.2,0.22,1000000.0,1000000.0,0,0,58,2026-02-03 01:00:00.134735
RTM1C49,3.49,3.48,3.5,1000000.0,1000000.0,0,0,58,2026-02-03 01:00:00.134735
RTM1P49,0.33,0.32,0.34,1000000.0,1000000.0,0,0,58,2026-02-03 01:00:00.134735
RTM1C50,2.73,2.72,2.74,1000000.0,1000000.0,0,0,58,2026-02-03 01:00:00.134735
RTM1P50,0.58,0.57,0.59,1000000.0,1000000.0,0,0,58,2026-02-03 01:00:00.134735
RTM1C51,2.06,2.05,2.07,1000000.0,1000000.0,0,0,58,2026-02-03 01:00:00.134735
RTM1P51,0.91,0.9,0.92,1000000.0,1000000.0,0,0,58,2026-02-03 01:00:00.134735
RTM1C52,1.51,1.5,1.52,1000000.0,1000000.0,0,0,58,2026-02-03 01:00:00.134735
RTM1P52,1.35,1.34,1.36,1000000.0,1000000.0,0,0,58,2026-02-03 01:00:00.134735
RTM1C53,1.09,1.08,1.1,1000000.0,1000000.0,0,0,58,2026-02-03 01:00:00.134735
RTM1P53,1.93,1.92,1.94,1000000.0,1000000.0,0,0,58,2026-02-03 01:00:00.134735
RTM1C54,0.73,0.72,0.74,1000000.0,1000000.0,0,0,58,2026-02-03 01:00:00.134735
RTM1P54,2.58,2.57,2.59,1000000.0,1000000.0,0,0,58,2026-02-03 01:00:00.134735
RTM,52.12,52.11,52.13,100000000.0,100000000.0,0,0,59,2026-02-03 01:00:00.701128
RTM1C45,7.13,7.12,7.14,1000000.0,1000000.0,0,0,59,2026-02-03 01:00:00.701128
RTM1P45,0.02,0.01,0.03,1000000.0,1000000.0,0,0,59,2026-02-03 01:00:00.701128
RTM1C46,6.16,6.15,6.17,1000000.0,1000000.0,0,0,59,2026-02-03 01:00:00.701128
RTM1P46,0.04,0.03,0.05,1000000.0,1000000.0,0,0,59,2026-02-03 01:00:00.701128
RTM1C47,5.23,5.22,5.24,1000000.0,1000000.0,0,0,59,2026-02-03 01:00:00.701128
RTM1P47,0.11,0.1,0.12,1000000.0,1000000.0,0,0,59,2026-02-03 01:00:00.701128
RTM1C48,4.29,4.28,4.3,1000000.0,1000000.0,0,0,59,2026-02-03 01:00:00.701128
RTM1P48,0.18,0.17,0.19,1000000.0,1000000.0,0,0,59,2026-02-03 01:00:00.701128
RTM1C49,3.48,3.47,3.49,1000000.0,1000000.0,0,0,59,2026-02-03 01:00:00.701128
RTM1P49,0.36,0.35,0.37,1000000.0,1000000.0,0,0,59,2026-02-03 01:00:00.701128
RTM1C50,2.72,2.71,2.73,1000000.0,1000000.0,0,0,59,2026-02-03 01:00:00.701128
RTM1P50,0.6,0.59,0.61,1000000.0,1000000.0,0,0,59,2026-02-03 01:00:00.701128
RTM1C51,2.09,2.08,2.1,1000000.0,1000000.0,0,0,59,2026-02-03 01:00:00.701128
RTM1P51,0.97,0.96,0.98,1000000.0,1000000.0,0,0,59,2026-02-03 01:00:00.701128
RTM1C52,1.5,1.49,1.51,1000000.0,1000000.0,0,0,59,2026-02-03 01:00:00.701128
RTM1P52,1.39,1.38,1.4,1000000.0,1000000.0,0,0,59,2026-02-03 01:00:00.701128
RTM1C53,1.08,1.07,1.09,1000000.0,1000000.0,0,0,59,2026-02-03 01:00:00.701128
RTM1P53,1.96,1.95,1.97,1000000.0,1000000.0,0,0,59,2026-02-03 01:00:00.701128
RTM1C54,0.71,0.7,0.72,1000000.0,1000000.0,0,0,59,2026-02-03 01:00:00.701128
RTM1P54,2.59,2.58,2.6,1000000.0,1000000.0,0,0,59,2026-02-03 01:00:00.701128
RTM,52.39,52.38,52.4,100000000.0,100000000.0,0,0,60,2026-02-03 01:00:01.770023
RTM1C45,7.41,7.4,7.42,1000000.0,1000000.0,0,0,60,2026-02-03 01:00:01.770023
RTM1P45,0.02,0.01,0.03,1000000.0,1000000.0,0,0,60,2026-02-03 01:00:01.770023
RTM1C46,6.43,6.42,6.44,1000000.0,1000000.0,0,0,60,2026-02-03 01:00:01.770023
RTM1P46,0.04,0.03,0.05,1000000.0,1000000.0,0,0,60,2026-02-03 01:00:01.770023
RTM1C47,5.47,5.46,5.48,1000000.0,1000000.0,0,0,60,2026-02-03 01:00:01.770023
RTM1P47,0.09,0.08,0.1,1000000.0,1000000.0,0,0,60,2026-02-03 01:00:01.770023
RTM1C48,4.57,4.56,4.58,1000000.0,1000000.0,0,0,60,2026-02-03 01:00:01.770023
RTM1P48,0.18,0.17,0.19,1000000.0,1000000.0,0,0,60,2026-02-03 01:00:01.770023
RTM1C49,3.67,3.66,3.68,1000000.0,1000000.0,0,0,60,2026-02-03 01:00:01.770023
RTM1P49,0.28,0.27,0.29,1000000.0,1000000.0,0,0,60,2026-02-03 01:00:01.770023
RTM1C50,2.89,2.88,2.9,1000000.0,1000000.0,0,0,60,2026-02-03 01:00:01.770023
RTM1P50,0.5,0.49,0.51,1000000.0,1000000.0,0,0,60,2026-02-03 01:00:01.770023
RTM1C51,2.19,2.18,2.2,1000000.0,1000000.0,0,0,60,2026-02-03 01:00:01.770023
RTM1P51,0.8,0.79,0.81,1000000.0,1000000.0,0,0,60,2026-02-03 01:00:01.770023
RTM1C52,1.61,1.6,1.62,1000000.0,1000000.0,0,0,60,2026-02-03 01:00:01.770023
RTM1P52,1.22,1.21,1.23,1000000.0,1000000.0,0,0,60,2026-02-03 01:00:01.770023
RTM1C53,1.17,1.16,1.18,1000000.0,1000000.0,0,0,60,2026-02-03 01:00:01.770023
RTM1P53,1.78,1.77,1.79,1000000.0,1000000.0,0,0,60,2026-02-03 01:00:01.770023
RTM1C54,0.82,0.81,0.83,1000000.0,1000000.0,0,0,60,2026-02-03 01:00:01.770023
RTM1P54,2.43,2.42,2.44,1000000.0,1000000.0,0,0,60,2026-02-03 01:00:01.770023
RTM,52.35,52.34,52.36,100000000.0,100000000.0,0,0,61,2026-02-03 01:00:02.827130
RTM1C45,7.36,7.35,7.37,1000000.0,1000000.0,0,0,61,2026-02-03 01:00:02.827130
RTM1P45,0.02,0.01,0.03,1000000.0,1000000.0,0,0,61,2026-02-03 01:00:02.827130
RTM1C46,6.39,6.38,6.4,1000000.0,1000000.0,0,0,61,2026-02-03 01:00:02.827130
RTM1P46,0.05,0.04,0.06,1000000.0,1000000.0,0,0,61,2026-02-03 01:00:02.827130
RTM1C47,5.44,5.43,5.45,1000000.0,1000000.0,0,0,61,2026-02-03 01:00:02.827130
RTM1P47,0.1,0.09,0.11,1000000.0,1000000.0,0,0,61,2026-02-03 01:00:02.827130
RTM1C48,4.51,4.5,4.52,1000000.0,1000000.0,0,0,61,2026-02-03 01:00:02.827130
RTM1P48,0.16,0.15,0.17,1000000.0,1000000.0,0,0,61,2026-02-03 01:00:02.827130
RTM1C49,3.65,3.64,3.66,1000000.0,1000000.0,0,0,61,2026-02-03 01:00:02.827130
RTM1P49,0.3,0.29,0.31,1000000.0,1000000.0,0,0,61,2026-02-03 01:00:02.827130
RTM1C50,2.88,2.87,2.89,1000000.0,1000000.0,0,0,61,2026-02-03 01:00:02.827130
RTM1P50,0.53,0.52,0.54,1000000.0,1000000.0,0,0,61,2026-02-03 01:00:02.827130
RTM1C51,2.16,2.15,2.17,1000000.0,1000000.0,0,0,61,2026-02-03 01:00:02.827130
RTM1P51,0.81,0.8,0.82,1000000.0,1000000.0,0,0,61,2026-02-03 01:00:02.827130
RTM1C52,1.62,1.61,1.63,1000000.0,1000000.0,0,0,61,2026-02-03 01:00:02.827130
RTM1P52,1.28,1.27,1.29,1000000.0,1000000.0,0,0,61,2026-02-03 01:00:02.827130
RTM1C53,1.17,1.16,1.18,1000000.0,1000000.0,0,0,61,2026-02-03 01:00:02.827130
RTM1P53,1.82,1.81,1.83,1000000.0,1000000.0,0,0,61,2026-02-03 01:00:02.827130
RTM1C54,0.78,0.77,0.79,1000000.0,1000000.0,0,0,61,2026-02-03 01:00:02.827130
RTM1P54,2.44,2.43,2.45,1000000.0,1000000.0,0,0,61,2026-02-03 01:00:02.827130
RTM,52.1,52.09,52.11,100000000.0,100000000.0,0,0,62,2026-02-03 01:00:03.880557
RTM1C45,7.12,7.11,7.13,1000000.0,1000000.0,0,0,62,2026-02-03 01:00:03.880557
RTM1P45,0.02,0.01,0.03,1000000.0,1000000.0,0,0,62,2026-02-03 01:00:03.880557
RTM1C46,6.15,6.14,6.16,1000000.0,1000000.0,0,0,62,2026-02-03 01:00:03.880557
RTM1P46,0.05,0.04,0.06,1000000.0,1000000.0,0,0,62,2026-02-03 01:00:03.880557
RTM1C47,5.21,5.2,5.22,1000000.0,1000000.0,0,0,62,2026-02-03 01:00:03.880557
RTM1P47,0.1,0.09,0.11,1000000.0,1000000.0,0,0,62,2026-02-03 01:00:03.880557
RTM1C48,4.29,4.28,4.3,1000000.0,1000000.0,0,0,62,2026-02-03 01:00:03.880557
RTM1P48,0.18,0.17,0.19,1000000.0,1000000.0,0,0,62,2026-02-03 01:00:03.880557
