ticker,last_price,bid_price,ask_price,BUY_ANON,SELL_GIOT-1,SELL_ANON,BUY_UEBR-3,BUY_GIOT-1,SELL_UEBR-3,tick,timestamp
RTM,0.0,0.0,0.0,0,0,0,0,0,0,0,2026-02-04 14:55:23.117512
RTM1C45,0.0,0.0,0.0,0,0,0,0,0,0,0,2026-02-04 14:55:23.117512
RTM1P45,0.0,0.0,0.0,0,0,0,0,0,0,0,2026-02-04 14:55:23.117512
RTM1C46,0.0,0.0,0.0,0,0,0,0,0,0,0,2026-02-04 14:55:23.117512
RTM1P46,0.0,0.0,0.0,0,0,0,0,0,0,0,2026-02-04 14:55:23.117512
RTM1C47,0.0,0.0,0.0,0,0,0,0,0,0,0,2026-02-04 14:55:23.117512
RTM1P47,0.0,0.0,0.0,0,0,0,0,0,0,0,2026-02-04 14:55:23.117512
RTM1C48,0.0,0.0,0.0,0,0,0,0,0,0,0,2026-02-04 14:55:23.117512
RTM1P48,0.0,0.0,0.0,0,0,0,0,0,0,0,2026-02-04 14:55:23.117512
RTM1C49,0.0,0.0,0.0,0,0,0,0,0,0,0,2026-02-04 14:55:23.117512
RTM1P49,0.0,0.0,0.0,0,0,0,0,0,0,0,2026-02-04 14:55:23.117512
RTM1C50,0.0,0.0,0.0,0,0,0,0,0,0,0,2026-02-04 14:55:23.117512
RTM1P50,0.0,0.0,0.0,0,0,0,0,0,0,0,2026-02-04 14:55:23.117512
RTM1C51,0.0,0.0,0.0,0,0,0,0,0,0,0,2026-02-04 14:55:23.117512
RTM1P51,0.0,0.0,0.0,0,0,0,0,0,0,0,2026-02-04 14:55:23.117512
RTM1C52,0.0,0.0,0.0,0,0,0,0,0,0,0,2026-02-04 14:55:23.117512
RTM1P52,0.0,0.0,0.0,0,0,0,0,0,0,0,2026-02-04 14:55:23.117512
RTM1C53,0.0,0.0,0.0,0,0,0,0,0,0,0,2026-02-04 14:55:23.117512
RTM1P53,0.0,0.0,0.0,0,0,0,0,0,0,0,2026-02-04 14:55:23.117512
RTM1C54,0.0,0.0,0.0,0,0,0,0,0,0,0,2026-02-04 14:55:23.117512
RTM1P54,0.0,0.0,0.0,0,0,0,0,0,0,0,2026-02-04 14:55:23.117512
RTM,50.0,0.0,0.0,100000000.0,100000000.0,0,0,0,0,1,2026-02-04 14:55:23.704441,2.0,1.0,1.0,Week 1,Delta limit and penalty,The delta limit for this sub-heat is 12000 and the penalty percentage is 3%
RTM1C45,5.12,0.0,0.0,1000000.0,1000000.0,0,0,0,0,1,2026-02-04 14:55:23.704441,1.0,1.0,1.0,Week 1,Risk free rate and current annualized volatility of RTM,The current risk free rate is 0%. RTM is an ETF that mimics one of the major indices in the simulated world and its current annualized realized volatility is 21%. This simulation consists of 20 trading days that are each 15 ticks in length.
RTM1P45,0.12,0.0,0.0,1000000.0,1000000.0,0,0,0,0,1,2026-02-04 14:55:23.704441,,,,,,
RTM1C46,4.21,0.0,0.0,1000000.0,1000000.0,0,0,0,0,1,2026-02-04 14:55:23.704441,,,,,,
RTM1P46,0.21,0.0,0.0,1000000.0,1000000.0,0,0,0,0,1,2026-02-04 14:55:23.704441,,,,,,
RTM1C47,3.39,0.0,0.0,1000000.0,1000000.0,0,0,0,0,1,2026-02-04 14:55:23.704441,,,,,,
RTM1P47,0.39,0.0,0.0,1000000.0,1000000.0,0,0,0,0,1,2026-02-04 14:55:23.704441,,,,,,
RTM1C48,2.64,0.0,0.0,1000000.0,1000000.0,0,0,0,0,1,2026-02-04 14:55:23.704441,,,,,,
RTM1P48,0.64,0.0,0.0,1000000.0,1000000.0,0,0,0,0,1,2026-02-04 14:55:23.704441,,,,,,
RTM1C49,2.15,0.0,0.0,1000000.0,1000000.0,0,0,0,0,1,2026-02-04 14:55:23.704441,,,,,,
RTM1P49,1.15,0.0,0.0,1000000.0,1000000.0,0,0,0,0,1,2026-02-04 14:55:23.704441,,,,,,
RTM1C50,1.6,0.0,0.0,1000000.0,1000000.0,0,0,0,0,1,2026-02-04 14:55:23.704441,,,,,,
RTM1P50,1.6,0.0,0.0,1000000.0,1000000.0,0,0,0,0,1,2026-02-04 14:55:23.704441,,,,,,
RTM1C51,1.15,0.0,0.0,1000000.0,1000000.0,0,0,0,0,1,2026-02-04 14:55:23.704441,,,,,,
RTM1P51,2.15,0.0,0.0,1000000.0,1000000.0,0,0,0,0,1,2026-02-04 14:55:23.704441,,,,,,
RTM1C52,0.86,0.0,0.0,1000000.0,1000000.0,0,0,0,0,1,2026-02-04 14:55:23.704441,,,,,,
RTM1P52,2.86,0.0,0.0,1000000.0,1000000.0,0,0,0,0,1,2026-02-04 14:55:23.704441,,,,,,
RTM1C53,0.45,0.0,0.0,1000000.0,1000000.0,0,0,0,0,1,2026-02-04 14:55:23.704441,,,,,,
RTM1P53,3.45,0.0,0.0,1000000.0,1000000.0,0,0,0,0,1,2026-02-04 14:55:23.704441,,,,,,
RTM1C54,0.28,0.0,0.0,1000000.0,1000000.0,0,0,0,0,1,2026-02-04 14:55:23.704441,,,,,,
RTM1P54,4.28,0.0,0.0,1000000.0,1000000.0,0,0,0,0,1,2026-02-04 14:55:23.704441,,,,,,
RTM,49.93,49.92,49.94,100000000.0,100000000.0,0,0,0,0,2,2026-02-04 14:55:24.786803
RTM1C45,5.11,5.1,5.12,1000000.0,1000000.0,0,0,0,0,2,2026-02-04 14:55:24.786803
RTM1P45,0.18,0.17,0.19,1000000.0,1000000.0,0,0,0,0,2,2026-02-04 14:55:24.786803
RTM1C46,4.26,4.25,4.27,1000000.0,1000000.0,0,0,0,0,2,2026-02-04 14:55:24.786803
RTM1P46,0.33,0.32,0.34,1000000.0,1000000.0,0,0,0,0,2,2026-02-04 14:55:24.786803
RTM1C47,3.36,3.35,3.37,1000000.0,1000000.0,0,0,0,0,2,2026-02-04 14:55:24.786803
RTM1P47,0.43,0.42,0.44,1000000.0,1000000.0,0,0,0,0,2,2026-02-04 14:55:24.786803
RTM1C48,2.65,2.64,2.66,1000000.0,1000000.0,0,0,0,0,2,2026-02-04 14:55:24.786803
RTM1P48,0.72,0.71,0.73,1000000.0,1000000.0,0,0,0,0,2,2026-02-04 14:55:24.786803
RTM1C49,1.96,1.95,1.97,1000000.0,1000000.0,0,0,0,0,2,2026-02-04 14:55:24.786803
RTM1P49,1.03,1.02,1.04,1000000.0,1000000.0,0,0,0,0,2,2026-02-04 14:55:24.786803
RTM1C50,1.63,1.62,1.64,1000000.0,1000000.0,0,0,0,0,2,2026-02-04 14:55:24.786803
RTM1P50,1.7,1.69,1.71,1000000.0,1000000.0,0,0,0,0,2,2026-02-04 14:55:24.786803
RTM1C51,1.09,1.08,1.1,1000000.0,1000000.0,0,0,0,0,2,2026-02-04 14:55:24.786803
RTM1P51,2.16,2.15,2.17,1000000.0,1000000.0,0,0,0,0,2,2026-02-04 14:55:24.786803
RTM1C52,0.77,0.76,0.78,1000000.0,1000000.0,0,0,0,0,2,2026-02-04 14:55:24.786803
RTM1P52,2.84,2.83,2.85,1000000.0,1000000.0,0,0,0,0,2,2026-02-04 14:55:24.786803
RTM1C53,0.43,0.42,0.44,1000000.0,1000000.0,0,0,0,0,2,2026-02-04 14:55:24.786803
RTM1P53,3.5,3.49,3.51,1000000.0,1000000.0,0,0,0,0,2,2026-02-04 14:55:24.786803
RTM1C54,0.37,0.36,0.38,1000000.0,1000000.0,0,0,0,0,2,2026-02-04 14:55:24.786803
RTM1P54,4.44,4.43,4.45,1000000.0,1000000.0,0,0,0,0,2,2026-02-04 14:55:24.786803
RTM,50.0,49.99,50.01,100000000.0,100000000.0,0,0,0,0,3,2026-02-04 14:55:25.872941
RTM1C45,5.19,5.18,5.2,1000000.0,1000000.0,0,0,0,0,3,2026-02-04 14:55:25.872941
RTM1P45,0.19,0.18,0.2,1000000.0,1000000.0,0,0,0,0,3,2026-02-04 14:55:25.872941
RTM1C46,4.22,4.21,4.23,1000000.0,1000000.0,0,0,0,0,3,2026-02-04 14:55:25.872941
RTM1P46,0.22,0.21,0.23,1000000.0,1000000.0,0,0,0,0,3,2026-02-04 14:55:25.872941
RTM1C47,3.43,3.42,3.44,1000000.0,1000000.0,0,0,0,0,3,2026-02-04 14:55:25.872941
RTM1P47,0.44,0.43,0.45,1000000.0,1000000.0,0,0,0,0,3,2026-02-04 14:55:25.872941
RTM1C48,2.68,2.67,2.69,1000000.0,1000000.0,0,0,0,0,3,2026-02-04 14:55:25.872941
RTM1P48,0.68,0.67,0.69,1000000.0,1000000.0,0,0,0,0,3,2026-02-04 14:55:25.872941
RTM1C49,1.99,1.98,2.0,1000000.0,1000000.0,0,0,0,0,3,2026-02-04 14:55:25.872941
RTM1P49,1.0,0.99,1.01,1000000.0,1000000.0,0,0,0,0,3,2026-02-04 14:55:25.872941
RTM1C50,1.66,1.65,1.67,1000000.0,1000000.0,0,0,0,0,3,2026-02-04 14:55:25.872941
RTM1P50,1.66,1.65,1.67,1000000.0,1000000.0,0,0,0,0,3,2026-02-04 14:55:25.872941
RTM1C51,1.04,1.03,1.05,1000000.0,1000000.0,0,0,0,0,3,2026-02-04 14:55:25.872941
RTM1P51,2.05,2.04,2.06,1000000.0,1000000.0,0,0,0,0,3,2026-02-04 14:55:25.872941
RTM1C52,0.83,0.82,0.84,1000000.0,1000000.0,0,0,0,0,3,2026-02-04 14:55:25.872941
RTM1P52,2.84,2.83,2.85,1000000.0,1000000.0,0,0,0,0,3,2026-02-04 14:55:25.872941
RTM1C53,0.58,0.57,0.59,1000000.0,1000000.0,0,0,0,0,3,2026-02-04 14:55:25.872941
RTM1P53,3.59,3.58,3.6,1000000.0,1000000.0,0,0,0,0,3,2026-02-04 14:55:25.872941
RTM1C54,0.41,0.4,0.42,1000000.0,1000000.0,0,0,0,0,3,2026-02-04 14:55:25.872941
RTM1P54,4.42,4.41,4.43,1000000.0,1000000.0,0,0,0,0,3,2026-02-04 14:55:25.872941
RTM,50.08,50.07,50.09,100000000.0,100000000.0,0,0,0,0,4,2026-02-04 14:55:26.941291
RTM1C45,5.25,5.24,5.26,1000000.0,1000000.0,0,0,0,0,4,2026-02-04 14:55:26.941291
RTM1P45,0.17,0.16,0.18,1000000.0,1000000.0,0,0,0,0,4,2026-02-04 14:55:26.941291
RTM1C46,4.33,4.32,4.34,1000000.0,1000000.0,0,0,0,0,4,2026-02-04 14:55:26.941291
RTM1P46,0.25,0.24,0.26,1000000.0,1000000.0,0,0,0,0,4,2026-02-04 14:55:26.941291
RTM1C47,3.58,3.57,3.59,1000000.0,1000000.0,0,0,0,0,4,2026-02-04 14:55:26.941291
RTM1P47,0.5,0.49,0.51,1000000.0,1000000.0,0,0,0,0,4,2026-02-04 14:55:26.941291
RTM1C48,2.84,2.83,2.85,1000000.0,1000000.0,0,0,0,0,4,2026-02-04 14:55:26.941291
RTM1P48,0.75,0.74,0.76,1000000.0,1000000.0,0,0,0,0,4,2026-02-04 14:55:26.941291
RTM1C49,2.07,2.06,2.08,1000000.0,1000000.0,0,0,0,0,4,2026-02-04 14:55:26.941291
RTM1P49,0.99,0.98,1.0,1000000.0,1000000.0,0,0,0,0,4,2026-02-04 14:55:26.941291
RTM1C50,1.47,1.46,1.48,1000000.0,1000000.0,0,0,0,0,4,2026-02-04 14:55:26.941291
RTM1P50,1.38,1.37,1.39,1000000.0,1000000.0,0,0,0,0,4,2026-02-04 14:55:26.941291
RTM1C51,1.22,1.21,1.23,1000000.0,1000000.0,0,0,0,0,4,2026-02-04 14:55:26.941291
RTM1P51,2.14,2.13,2.15,1000000.0,1000000.0,0,0,0,0,4,2026-02-04 14:55:26.941291
RTM1C52,0.81,0.8,0.82,1000000.0,1000000.0,0,0,0,0,4,2026-02-04 14:55:26.941291
RTM1P52,2.73,2.72,2.74,1000000.0,1000000.0,0,0,0,0,4,2026-02-04 14:55:26.941291
RTM1C53,0.55,0.54,0.56,1000000.0,1000000.0,0,0,0,0,4,2026-02-04 14:55:26.941291
RTM1P53,3.47,3.46,3.48,1000000.0,1000000.0,0,0,0,0,4,2026-02-04 14:55:26.941291
RTM1C54,0.28,0.27,0.29,1000000.0,1000000.0,0,0,0,0,4,2026-02-04 14:55:26.941291
RTM1P54,4.2,4.19,4.21,1000000.0,1000000.0,0,0,0,0,4,2026-02-04 14:55:26.941291
RTM,50.31,50.31,50.33,100000000.0,100000000.0,0,0,0,0,5,2026-02-04 14:55:28.006521
RTM1C45,5.44,5.43,5.45,1000000.0,1000000.0,0,0,0,0,5,2026-02-04 14:55:28.006521
RTM1P45,0.12,0.11,0.13,1000000.0,1000000.0,0,0,0,0,5,2026-02-04 14:55:28.006521
RTM1C46,4.54,4.53,4.55,1000000.0,1000000.0,0,0,0,0,5,2026-02-04 14:55:28.006521
RTM1P46,0.22,0.21,0.23,1000000.0,1000000.0,0,0,0,0,5,2026-02-04 14:55:28.006521
RTM1C47,3.64,3.63,3.65,1000000.0,1000000.0,0,0,0,0,5,2026-02-04 14:55:28.006521
RTM1P47,0.32,0.31,0.33,1000000.0,1000000.0,0,0,0,0,5,2026-02-04 14:55:28.006521
RTM1C48,2.87,2.86,2.88,1000000.0,1000000.0,0,0,0,0,5,2026-02-04 14:55:28.006521
RTM1P48,0.55,0.54,0.56,1000000.0,1000000.0,0,0,0,0,5,2026-02-04 14:55:28.006521
RTM1C49,2.32,2.31,2.33,1000000.0,1000000.0,0,0,0,0,5,2026-02-04 14:55:28.006521
RTM1P49,1.0,0.99,1.01,1000000.0,1000000.0,0,0,0,0,5,2026-02-04 14:55:28.006521
RTM1C50,1.73,1.72,1.74,1000000.0,1000000.0,0,0,0,0,5,2026-02-04 14:55:28.006521
RTM1P50,1.41,1.4,1.42,1000000.0,1000000.0,0,0,0,0,5,2026-02-04 14:55:28.006521
RTM1C51,1.2,1.19,1.21,1000000.0,1000000.0,0,0,0,0,5,2026-02-04 14:55:28.006521
RTM1P51,1.88,1.87,1.89,1000000.0,1000000.0,0,0,0,0,5,2026-02-04 14:55:28.006521
RTM1C52,0.87,0.86,0.88,1000000.0,1000000.0,0,0,0,0,5,2026-02-04 14:55:28.006521
RTM1P52,2.55,2.54,2.56,1000000.0,1000000.0,0,0,0,0,5,2026-02-04 14:55:28.006521
RTM1C53,0.55,0.54,0.56,1000000.0,1000000.0,0,0,0,0,5,2026-02-04 14:55:28.006521
RTM1P53,3.23,3.22,3.24,1000000.0,1000000.0,0,0,0,0,5,2026-02-04 14:55:28.006521
RTM1C54,0.37,0.36,0.38,1000000.0,1000000.0,0,0,0,0,5,2026-02-04 14:55:28.006521
RTM1P54,4.05,4.04,4.06,1000000.0,1000000.0,0,0,0,0,5,2026-02-04 14:55:28.006521
RTM,50.59,50.57,50.59,100000000.0,100000000.0,0,0,0,0,6,2026-02-04 14:55:29.076675
RTM1C45,5.69,5.68,5.7,1000000.0,1000000.0,0,0,0,0,6,2026-02-04 14:55:29.076675
RTM1P45,0.11,0.1,0.12,1000000.0,1000000.0,0,0,0,0,6,2026-02-04 14:55:29.076675
RTM1C46,4.79,4.78,4.8,1000000.0,1000000.0,0,0,0,0,6,2026-02-04 14:55:29.076675
RTM1P46,0.21,0.2,0.22,1000000.0,1000000.0,0,0,0,0,6,2026-02-04 14:55:29.076675
RTM1C47,3.97,3.96,3.98,1000000.0,1000000.0,0,0,0,0,6,2026-02-04 14:55:29.076675
RTM1P47,0.39,0.38,0.4,1000000.0,1000000.0,0,0,0,0,6,2026-02-04 14:55:29.076675
RTM1C48,3.05,3.04,3.06,1000000.0,1000000.0,0,0,0,0,6,2026-02-04 14:55:29.076675
RTM1P48,0.47,0.46,0.48,1000000.0,1000000.0,0,0,0,0,6,2026-02-04 14:55:29.076675
RTM1C49,2.42,2.41,2.43,1000000.0,1000000.0,0,0,0,0,6,2026-02-04 14:55:29.076675
RTM1P49,0.84,0.83,0.85,1000000.0,1000000.0,0,0,0,0,6,2026-02-04 14:55:29.076675
RTM1C50,1.88,1.87,1.89,1000000.0,1000000.0,0,0,0,0,6,2026-02-04 14:55:29.076675
RTM1P50,1.3,1.29,1.31,1000000.0,1000000.0,0,0,0,0,6,2026-02-04 14:55:29.076675
RTM1C51,1.41,1.4,1.42,1000000.0,1000000.0,0,0,0,0,6,2026-02-04 14:55:29.076675
RTM1P51,1.82,1.81,1.83,1000000.0,1000000.0,0,0,0,0,6,2026-02-04 14:55:29.076675
RTM1C52,1.05,1.04,1.06,1000000.0,1000000.0,0,0,0,0,6,2026-02-04 14:55:29.076675
RTM1P52,2.47,2.46,2.48,1000000.0,1000000.0,0,0,0,0,6,2026-02-04 14:55:29.076675
RTM1C53,0.7,0.69,0.71,1000000.0,1000000.0,0,0,0,0,6,2026-02-04 14:55:29.076675
RTM1P53,3.12,3.11,3.13,1000000.0,1000000.0,0,0,0,0,6,2026-02-04 14:55:29.076675
RTM1C54,0.38,0.37,0.39,1000000.0,1000000.0,0,0,0,0,6,2026-02-04 14:55:29.076675
RTM1P54,3.8,3.79,3.81,1000000.0,1000000.0,0,0,0,0,6,2026-02-04 14:55:29.076675
RTM,50.71,50.7,50.72,100000000.0,100000000.0,0,0,0,0,7,2026-02-04 14:55:30.155843
RTM1C45,5.83,5.82,5.84,1000000.0,1000000.0,0,0,0,0,7,2026-02-04 14:55:30.155843
RTM1P45,0.12,0.11,0.13,1000000.0,1000000.0,0,0,0,0,7,2026-02-04 14:55:30.155843
RTM1C46,4.9,4.89,4.91,1000000.0,1000000.0,0,0,0,0,7,2026-02-04 14:55:30.155843
RTM1P46,0.18,0.17,0.19,1000000.0,1000000.0,0,0,0,0,7,2026-02-04 14:55:30.155843
RTM1C47,4.05,4.04,4.06,1000000.0,1000000.0,0,0,0,0,7,2026-02-04 14:55:30.155843
RTM1P47,0.34,0.33,0.35,1000000.0,1000000.0,0,0,0,0,7,2026-02-04 14:55:30.155843
RTM1C48,3.19,3.18,3.2,1000000.0,1000000.0,0,0,0,0,7,2026-02-04 14:55:30.155843
RTM1P48,0.48,0.47,0.49,1000000.0,1000000.0,0,0,0,0,7,2026-02-04 14:55:30.155843
RTM1C49,2.6,2.59,2.61,1000000.0,1000000.0,0,0,0,0,7,2026-02-04 14:55:30.155843
RTM1P49,0.89,0.88,0.9,1000000.0,1000000.0,0,0,0,0,7,2026-02-04 14:55:30.155843
RTM1C50,1.88,1.87,1.89,1000000.0,1000000.0,0,0,0,0,7,2026-02-04 14:55:30.155843
RTM1P50,1.17,1.16,1.18,1000000.0,1000000.0,0,0,0,0,7,2026-02-04 14:55:30.155843
RTM1C51,1.29,1.28,1.3,1000000.0,1000000.0,0,0,0,0,7,2026-02-04 14:55:30.155843
RTM1P51,1.58,1.57,1.59,1000000.0,1000000.0,0,0,0,0,7,2026-02-04 14:55:30.155843
RTM1C52,1.05,1.04,1.06,1000000.0,1000000.0,0,0,0,0,7,2026-02-04 14:55:30.155843
RTM1P52,2.34,2.33,2.35,1000000.0,1000000.0,0,0,0,0,7,2026-02-04 14:55:30.155843
RTM1C53,0.72,0.71,0.73,1000000.0,1000000.0,0,0,0,0,7,2026-02-04 14:55:30.155843
RTM1P53,3.0,2.99,3.01,1000000.0,1000000.0,0,0,0,0,7,2026-02-04 14:55:30.155843
RTM1C54,0.51,0.5,0.52,1000000.0,1000000.0,0,0,0,0,7,2026-02-04 14:55:30.155843
RTM1P54,3.8,3.79,3.81,1000000.0,1000000.0,0,0,0,0,7,2026-02-04 14:55:30.155843
RTM,50.9,50.89,50.91,100000000.0,100000000.0,0,0,0,0,8,2026-02-04 14:55:30.736575
RTM1C45,5.97,5.96,5.98,1000000.0,1000000.0,0,0,0,0,8,2026-02-04 14:55:30.736575
RTM1P45,0.07,0.06,0.08,1000000.0,1000000.0,0,0,0,0,8,2026-02-04 14:55:30.736575
RTM1C46,5.05,5.04,5.06,1000000.0,1000000.0,0,0,0,0,8,2026-02-04 14:55:30.736575
RTM1P46,0.15,0.14,0.16,1000000.0,1000000.0,0,0,0,0,8,2026-02-04 14:55:30.736575
RTM1C47,4.15,4.14,4.16,1000000.0,1000000.0,0,0,0,0,8,2026-02-04 14:55:30.736575
RTM1P47,0.25,0.24,0.26,1000000.0,1000000.0,0,0,0,0,8,2026-02-04 14:55:30.736575
RTM1C48,3.3,3.29,3.31,1000000.0,1000000.0,0,0,0,0,8,2026-02-04 14:55:30.736575
RTM1P48,0.4,0.39,0.41,1000000.0,1000000.0,0,0,0,0,8,2026-02-04 14:55:30.736575
RTM1C49,2.69,2.68,2.7,1000000.0,1000000.0,0,0,0,0,8,2026-02-04 14:55:30.736575
RTM1P49,0.79,0.78,0.8,1000000.0,1000000.0,0,0,0,0,8,2026-02-04 14:55:30.736575
RTM1C50,2.1,2.09,2.11,1000000.0,1000000.0,0,0,0,0,8,2026-02-04 14:55:30.736575
RTM1P50,1.2,1.19,1.21,1000000.0,1000000.0,0,0,0,0,8,2026-02-04 14:55:30.736575
RTM1C51,1.47,1.46,1.48,1000000.0,1000000.0,0,0,0,0,8,2026-02-04 14:55:30.736575
RTM1P51,1.57,1.56,1.58,1000000.0,1000000.0,0,0,0,0,8,2026-02-04 14:55:30.736575
RTM1C52,0.98,0.97,0.99,1000000.0,1000000.0,0,0,0,0,8,2026-02-04 14:55:30.736575
RTM1P52,2.08,2.07,2.09,1000000.0,1000000.0,0,0,0,0,8,2026-02-04 14:55:30.736575
RTM1C53,0.7,0.69,0.71,1000000.0,1000000.0,0,0,0,0,8,2026-02-04 14:55:30.736575
RTM1P53,2.8,2.79,2.81,1000000.0,1000000.0,0,0,0,0,8,2026-02-04 14:55:30.736575
RTM1C54,0.45,0.44,0.46,1000000.0,1000000.0,0,0,0,0,8,2026-02-04 14:55:30.736575
RTM1P54,3.55,3.54,3.56,1000000.0,1000000.0,0,0,0,0,8,2026-02-04 14:55:30.736575
RTM,51.01,51.0,51.02,100000000.0,100000000.0,0,0,0,0,9,2026-02-04 14:55:31.803021
RTM1C45,6.07,6.06,6.08,1000000.0,1000000.0,0,0,0,0,9,2026-02-04 14:55:31.803021
RTM1P45,0.06,0.05,0.07,1000000.0,1000000.0,0,0,0,0,9,2026-02-04 14:55:31.803021
RTM1C46,5.15,5.14,5.16,1000000.0,1000000.0,0,0,0,0,9,2026-02-04 14:55:31.803021
RTM1P46,0.15,0.14,0.16,1000000.0,1000000.0,0,0,0,0,9,2026-02-04 14:55:31.803021
RTM1C47,4.22,4.21,4.23,1000000.0,1000000.0,0,0,0,0,9,2026-02-04 14:55:31.803021
RTM1P47,0.21,0.2,0.22,1000000.0,1000000.0,0,0,0,0,9,2026-02-04 14:55:31.803021
RTM1C48,3.5,3.49,3.51,1000000.0,1000000.0,0,0,0,0,9,2026-02-04 14:55:31.803021
RTM1P48,0.49,0.48,0.5,1000000.0,1000000.0,0,0,0,0,9,2026-02-04 14:55:31.803021
RTM1C49,2.68,2.67,2.69,1000000.0,1000000.0,0,0,0,0,9,2026-02-04 14:55:31.803021
RTM1P49,0.67,0.66,0.68,1000000.0,1000000.0,0,0,0,0,9,2026-02-04 14:55:31.803021
RTM1C50,2.13,2.12,2.14,1000000.0,1000000.0,0,0,0,0,9,2026-02-04 14:55:31.803021
RTM1P50,1.12,1.11,1.13,1000000.0,1000000.0,0,0,0,0,9,2026-02-04 14:55:31.803021
RTM1C51,1.5,1.49,1.51,1000000.0,1000000.0,0,0,0,0,9,2026-02-04 14:55:31.803021
RTM1P51,1.5,1.49,1.51,1000000.0,1000000.0,0,0,0,0,9,2026-02-04 14:55:31.803021
RTM1C52,1.12,1.11,1.13,1000000.0,1000000.0,0,0,0,0,9,2026-02-04 14:55:31.803021
RTM1P52,2.11,2.1,2.12,1000000.0,1000000.0,0,0,0,0,9,2026-02-04 14:55:31.803021
RTM1C53,0.8,0.79,0.81,1000000.0,1000000.0,0,0,0,0,9,2026-02-04 14:55:31.803021
RTM1P53,2.79,2.78,2.8,1000000.0,1000000.0,0,0,0,0,9,2026-02-04 14:55:31.803021
RTM1C54,0.54,0.53,0.55,1000000.0,1000000.0,0,0,0,0,9,2026-02-04 14:55:31.803021
RTM1P54,3.53,3.52,3.54,1000000.0,1000000.0,0,0,0,0,9,2026-02-04 14:55:31.803021
RTM,50.93,50.92,50.94,100000000.0,100000000.0,0,0,0,0,10,2026-02-04 14:55:32.863834
RTM1C45,5.98,5.97,5.99,1000000.0,1000000.0,0,0,0,0,10,2026-02-04 14:55:32.863834
RTM1P45,0.05,0.04,0.06,1000000.0,1000000.0,0,0,0,0,10,2026-02-04 14:55:32.863834
RTM1C46,5.09,5.08,5.1,1000000.0,1000000.0,0,0,0,0,10,2026-02-04 14:55:32.863834
RTM1P46,0.17,0.16,0.18,1000000.0,1000000.0,0,0,0,0,10,2026-02-04 14:55:32.863834
RTM1C47,4.14,4.13,4.15,1000000.0,1000000.0,0,0,0,0,10,2026-02-04 14:55:32.863834
RTM1P47,0.21,0.2,0.22,1000000.0,1000000.0,0,0,0,0,10,2026-02-04 14:55:32.863834
RTM1C48,3.34,3.33,3.35,1000000.0,1000000.0,0,0,0,0,10,2026-02-04 14:55:32.863834
RTM1P48,0.42,0.41,0.43,1000000.0,1000000.0,0,0,0,0,10,2026-02-04 14:55:32.863834
RTM1C49,2.61,2.6,2.62,1000000.0,1000000.0,0,0,0,0,10,2026-02-04 14:55:32.863834
RTM1P49,0.69,0.68,0.7,1000000.0,1000000.0,0,0,0,0,10,2026-02-04 14:55:32.863834
RTM1C50,2.09,2.08,2.1,1000000.0,1000000.0,0,0,0,0,10,2026-02-04 14:55:32.863834
RTM1P50,1.16,1.15,1.17,1000000.0,1000000.0,0,0,0,0,10,2026-02-04 14:55:32.863834
RTM1C51,1.51,1.5,1.52,1000000.0,1000000.0,0,0,0,0,10,2026-02-04 14:55:32.863834
RTM1P51,1.59,1.58,1.6,1000000.0,1000000.0,0,0,0,0,10,2026-02-04 14:55:32.863834
RTM1C52,0.99,0.98,1.0,1000000.0,1000000.0,0,0,0,0,10,2026-02-04 14:55:32.863834
RTM1P52,2.06,2.05,2.07,1000000.0,1000000.0,0,0,0,0,10,2026-02-04 14:55:32.863834
RTM1C53,0.81,0.8,0.82,1000000.0,1000000.0,0,0,0,0,10,2026-02-04 14:55:32.863834
RTM1P53,2.88,2.87,2.89,1000000.0,1000000.0,0,0,0,0,10,2026-02-04 14:55:32.863834
RTM1C54,0.47,0.46,0.48,1000000.0,1000000.0,0,0,0,0,10,2026-02-04 14:55:32.863834
RTM1P54,3.54,3.53,3.55,1000000.0,1000000.0,0,0,0,0,10,2026-02-04 14:55:32.863834
RTM,50.8,50.79,50.81,100000000.0,100000000.0,0,0,0,0,11,2026-02-04 14:55:33.939675
RTM1C45,5.89,5.88,5.9,1000000.0,1000000.0,0,0,0,0,11,2026-02-04 14:55:33.939675
RTM1P45,0.09,0.08,0.1,1000000.0,1000000.0,0,0,0,0,11,2026-02-04 14:55:33.939675
RTM1C46,4.98,4.97,4.99,1000000.0,1000000.0,0,0,0,0,11,2026-02-04 14:55:33.939675
RTM1P46,0.18,0.17,0.19,1000000.0,1000000.0,0,0,0,0,11,2026-02-04 14:55:33.939675
RTM1C47,4.03,4.02,4.04,1000000.0,1000000.0,0,0,0,0,11,2026-02-04 14:55:33.939675
RTM1P47,0.23,0.22,0.24,1000000.0,1000000.0,0,0,0,0,11,2026-02-04 14:55:33.939675
RTM1C48,3.26,3.25,3.27,1000000.0,1000000.0,0,0,0,0,11,2026-02-04 14:55:33.939675
RTM1P48,0.46,0.45,0.47,1000000.0,1000000.0,0,0,0,0,11,2026-02-04 14:55:33.939675
RTM1C49,2.56,2.55,2.57,1000000.0,1000000.0,0,0,0,0,11,2026-02-04 14:55:33.939675
RTM1P49,0.77,0.76,0.78,1000000.0,1000000.0,0,0,0,0,11,2026-02-04 14:55:33.939675
RTM1C50,1.94,1.93,1.95,1000000.0,1000000.0,0,0,0,0,11,2026-02-04 14:55:33.939675
RTM1P50,1.14,1.13,1.15,1000000.0,1000000.0,0,0,0,0,11,2026-02-04 14:55:33.939675
RTM1C51,1.45,1.44,1.46,1000000.0,1000000.0,0,0,0,0,11,2026-02-04 14:55:33.939675
RTM1P51,1.65,1.64,1.66,1000000.0,1000000.0,0,0,0,0,11,2026-02-04 14:55:33.939675
RTM1C52,0.97,0.96,0.98,1000000.0,1000000.0,0,0,0,0,11,2026-02-04 14:55:33.939675
RTM1P52,2.17,2.16,2.18,1000000.0,1000000.0,0,0,0,0,11,2026-02-04 14:55:33.939675
RTM1C53,0.61,0.6,0.62,1000000.0,1000000.0,0,0,0,0,11,2026-02-04 14:55:33.939675
RTM1P53,2.82,2.81,2.83,1000000.0,1000000.0,0,0,0,0,11,2026-02-04 14:55:33.939675
RTM1C54,0.51,0.5,0.52,1000000.0,1000000.0,0,0,0,0,11,2026-02-04 14:55:33.939675
RTM1P54,3.71,3.7,3.72,1000000.0,1000000.0,0,0,0,0,11,2026-02-04 14:55:33.939675
RTM,50.97,50.96,50.98,100000000.0,100000000.0,0,0,0,0,12,2026-02-04 14:55:35.010477
RTM1C45,6.03,6.02,6.04,1000000.0,1000000.0,0,0,0,0,12,2026-02-04 14:55:35.010477
RTM1P45,0.05,0.04,0.06,1000000.0,1000000.0,0,0,0,0,12,2026-02-04 14:55:35.010477
RTM1C46,5.09,5.08,5.1,1000000.0,1000000.0,0,0,0,0,12,2026-02-04 14:55:35.010477
RTM1P46,0.11,0.1,0.12,1000000.0,1000000.0,0,0,0,0,12,2026-02-04 14:55:35.010477
RTM1C47,4.23,4.22,4.24,1000000.0,1000000.0,0,0,0,0,12,2026-02-04 14:55:35.010477
RTM1P47,0.26,0.25,0.27,1000000.0,1000000.0,0,0,0,0,12,2026-02-04 14:55:35.010477
RTM1C48,3.44,3.43,3.45,1000000.0,1000000.0,0,0,0,0,12,2026-02-04 14:55:35.010477
RTM1P48,0.47,0.46,0.48,1000000.0,1000000.0,0,0,0,0,12,2026-02-04 14:55:35.010477
RTM1C49,2.67,2.66,2.68,1000000.0,1000000.0,0,0,0,0,12,2026-02-04 14:55:35.010477
RTM1P49,0.7,0.69,0.71,1000000.0,1000000.0,0,0,0,0,12,2026-02-04 14:55:35.010477
RTM1C50,2.0,1.99,2.01,1000000.0,1000000.0,0,0,0,0,12,2026-02-04 14:55:35.010477
RTM1P50,1.02,1.01,1.03,1000000.0,1000000.0,0,0,0,0,12,2026-02-04 14:55:35.010477
RTM1C51,1.43,1.42,1.44,1000000.0,1000000.0,0,0,0,0,12,2026-02-04 14:55:35.010477
RTM1P51,1.46,1.45,1.47,1000000.0,1000000.0,0,0,0,0,12,2026-02-04 14:55:35.010477
RTM1C52,0.97,0.96,0.98,1000000.0,1000000.0,0,0,0,0,12,2026-02-04 14:55:35.010477
RTM1P52,1.99,1.98,2.0,1000000.0,1000000.0,0,0,0,0,12,2026-02-04 14:55:35.010477
RTM1C53,0.79,0.78,0.8,1000000.0,1000000.0,0,0,0,0,12,2026-02-04 14:55:35.010477
RTM1P53,2.82,2.81,2.83,1000000.0,1000000.0,0,0,0,0,12,2026-02-04 14:55:35.010477
RTM1C54,0.51,0.5,0.52,1000000.0,1000000.0,0,0,0,0,12,2026-02-04 14:55:35.010477
RTM1P54,3.54,3.53,3.55,1000000.0,1000000.0,0,0,0,0,12,2026-02-04 14:55:35.010477
RTM,50.94,50.93,50.95,100000000.0,100000000.0,0,0,0,0,13,2026-02-04 14:55:36.082960
RTM1C45,5.99,5.98,6.0,1000000.0,1000000.0,0,0,0,0,13,2026-02-04 14:55:36.082960
RTM1P45,0.05,0.04,0.06,1000000.0,1000000.0,0,0,0,0,13,2026-02-04 14:55:36.082960
RTM1C46,5.08,5.07,5.09,1000000.0,1000000.0,0,0,0,0,13,2026-02-04 14:55:36.082960
RTM1P46,0.13,0.12,0.14,1000000.0,1000000.0,0,0,0,0,13,2026-02-04 14:55:36.082960
RTM1C47,4.19,4.18,4.2,1000000.0,1000000.0,0,0,0,0,13,2026-02-04 14:55:36.082960
RTM1P47,0.24,0.23,0.25,1000000.0,1000000.0,0,0,0,0,13,2026-02-04 14:55:36.082960
RTM1C48,3.31,3.3,3.32,1000000.0,1000000.0,0,0,0,0,13,2026-02-04 14:55:36.082960
RTM1P48,0.36,0.35,0.37,1000000.0,1000000.0,0,0,0,0,13,2026-02-04 14:55:36.082960
RTM1C49,2.7,2.69,2.71,1000000.0,1000000.0,0,0,0,0,13,2026-02-04 14:55:36.082960
RTM1P49,0.76,0.75,0.77,1000000.0,1000000.0,0,0,0,0,13,2026-02-04 14:55:36.082960
RTM1C50,2.06,2.05,2.07,1000000.0,1000000.0,0,0,0,0,13,2026-02-04 14:55:36.082960
RTM1P50,1.12,1.11,1.13,1000000.0,1000000.0,0,0,0,0,13,2026-02-04 14:55:36.082960
RTM1C51,1.41,1.4,1.42,1000000.0,1000000.0,0,0,0,0,13,2026-02-04 14:55:36.082960
RTM1P51,1.47,1.46,1.48,1000000.0,1000000.0,0,0,0,0,13,2026-02-04 14:55:36.082960
RTM1C52,1.06,1.05,1.07,1000000.0,1000000.0,0,0,0,0,13,2026-02-04 14:55:36.082960
RTM1P52,2.12,2.11,2.13,1000000.0,1000000.0,0,0,0,0,13,2026-02-04 14:55:36.082960
RTM1C53,0.64,0.63,0.65,1000000.0,1000000.0,0,0,0,0,13,2026-02-04 14:55:36.082960
RTM1P53,2.7,2.69,2.71,1000000.0,1000000.0,0,0,0,0,13,2026-02-04 14:55:36.082960
RTM1C54,0.47,0.46,0.48,1000000.0,1000000.0,0,0,0,0,13,2026-02-04 14:55:36.082960
RTM1P54,3.53,3.52,3.54,1000000.0,1000000.0,0,0,0,0,13,2026-02-04 14:55:36.082960
RTM,51.0,50.99,51.01,100000000.0,100000000.0,0,0,0,0,14,2026-02-04 14:55:37.161553
RTM1C45,6.06,6.05,6.07,1000000.0,1000000.0,0,0,0,0,14,2026-02-04 14:55:37.161553
RTM1P45,0.06,0.05,0.07,1000000.0,1000000.0,0,0,0,0,14,2026-02-04 14:55:37.161553
RTM1C46,5.1,5.09,5.11,1000000.0,1000000.0,0,0,0,0,14,2026-02-04 14:55:37.161553
RTM1P46,0.11,0.1,0.12,1000000.0,1000000.0,0,0,0,0,14,2026-02-04 14:55:37.161553
RTM1C47,4.2,4.19,4.21,1000000.0,1000000.0,0,0,0,0,14,2026-02-04 14:55:37.161553
RTM1P47,0.2,0.19,0.21,1000000.0,1000000.0,0,0,0,0,14,2026-02-04 14:55:37.161553
RTM1C48,3.43,3.42,3.44,1000000.0,1000000.0,0,0,0,0,14,2026-02-04 14:55:37.161553
RTM1P48,0.43,0.42,0.44,1000000.0,1000000.0,0,0,0,0,14,2026-02-04 14:55:37.161553
RTM1C49,2.65,2.64,2.66,1000000.0,1000000.0,0,0,0,0,14,2026-02-04 14:55:37.161553
RTM1P49,0.65,0.64,0.66,1000000.0,1000000.0,0,0,0,0,14,2026-02-04 14:55:37.161553
RTM1C50,1.97,1.96,1.98,1000000.0,1000000.0,0,0,0,0,14,2026-02-04 14:55:37.161553
RTM1P50,0.97,0.96,0.98,1000000.0,1000000.0,0,0,0,0,14,2026-02-04 14:55:37.161553
RTM1C51,1.45,1.44,1.46,1000000.0,1000000.0,0,0,0,0,14,2026-02-04 14:55:37.161553
RTM1P51,1.45,1.44,1.46,1000000.0,1000000.0,0,0,0,0,14,2026-02-04 14:55:37.161553
RTM1C52,1.12,1.11,1.13,1000000.0,1000000.0,0,0,0,0,14,2026-02-04 14:55:37.161553
RTM1P52,2.12,2.11,2.13,1000000.0,1000000.0,0,0,0,0,14,2026-02-04 14:55:37.161553
RTM1C53,0.77,0.76,0.78,1000000.0,1000000.0,0,0,0,0,14,2026-02-04 14:55:37.161553
RTM1P53,2.77,2.76,2.78,1000000.0,1000000.0,0,0,0,0,14,2026-02-04 14:55:37.161553
RTM1C54,0.45,0.44,0.46,1000000.0,1000000.0,0,0,0,0,14,2026-02-04 14:55:37.161553
RTM1P54,3.45,3.44,3.46,1000000.0,1000000.0,0,0,0,0,14,2026-02-04 14:55:37.161553
RTM,50.99,50.98,51.0,100000000.0,100000000.0,0,0,0,0,15,2026-02-04 14:55:38.214523
RTM1C45,6.04,6.03,6.05,1000000.0,1000000.0,0,0,0,0,15,2026-02-04 14:55:38.214523
RTM1P45,0.05,0.04,0.06,1000000.0,1000000.0,0,0,0,0,15,2026-02-04 14:55:38.214523
RTM1C46,5.1,5.09,5.11,1000000.0,1000000.0,0,0,0,0,15,2026-02-04 14:55:38.214523
RTM1P46,0.11,0.1,0.12,1000000.0,1000000.0,0,0,0,0,15,2026-02-04 14:55:38.214523
RTM1C47,4.24,4.23,4.25,1000000.0,1000000.0,0,0,0,0,15,2026-02-04 14:55:38.214523
RTM1P47,0.25,0.24,0.26,1000000.0,1000000.0,0,0,0,0,15,2026-02-04 14:55:38.214523
RTM1C48,3.4,3.39,3.41,1000000.0,1000000.0,0,0,0,0,15,2026-02-04 14:55:38.214523
RTM1P48,0.41,0.4,0.42,1000000.0,1000000.0,0,0,0,0,15,2026-02-04 14:55:38.214523
RTM1C49,2.6,2.59,2.61,1000000.0,1000000.0,0,0,0,0,15,2026-02-04 14:55:38.214523
RTM1P49,0.6,0.59,0.61,1000000.0,1000000.0,0,0,0,0,15,2026-02-04 14:55:38.214523
RTM1C50,1.99,1.98,2.0,1000000.0,1000000.0,0,0,0,0,15,2026-02-04 14:55:38.214523
RTM1P50,1.0,0.99,1.01,1000000.0,1000000.0,0,0,0,0,15,2026-02-04 14:55:38.214523
RTM1C51,1.53,1.52,1.54,1000000.0,1000000.0,0,0,0,0,15,2026-02-04 14:55:38.214523
RTM1P51,1.54,1.53,1.55,1000000.0,1000000.0,0,0,0,0,15,2026-02-04 14:55:38.214523
RTM1C52,1.02,1.01,1.03,1000000.0,1000000.0,0,0,0,0,15,2026-02-04 14:55:38.214523
RTM1P52,2.03,2.02,2.04,1000000.0,1000000.0,0,0,0,0,15,2026-02-04 14:55:38.214523
RTM1C53,0.71,0.7,0.72,1000000.0,1000000.0,0,0,0,0,15,2026-02-04 14:55:38.214523
RTM1P53,2.71,2.7,2.72,1000000.0,1000000.0,0,0,0,0,15,2026-02-04 14:55:38.214523
RTM1C54,0.51,0.5,0.52,1000000.0,1000000.0,0,0,0,0,15,2026-02-04 14:55:38.214523
RTM1P54,3.51,3.5,3.52,1000000.0,1000000.0,0,0,0,0,15,2026-02-04 14:55:38.214523
RTM,50.9,50.89,50.91,100000000.0,100000000.0,0,0,0,0,16,2026-02-04 14:55:38.769171
RTM1C45,5.97,5.96,5.98,1000000.0,1000000.0,0,0,0,0,16,2026-02-04 14:55:38.769171
RTM1P45,0.07,0.06,0.08,1000000.0,1000000.0,0,0,0,0,16,2026-02-04 14:55:38.769171
RTM1C46,5.02,5.01,5.03,1000000.0,1000000.0,0,0,0,0,16,2026-02-04 14:55:38.769171
RTM1P46,0.12,0.11,0.13,1000000.0,1000000.0,0,0,0,0,16,2026-02-04 14:55:38.769171
RTM1C47,4.12,4.11,4.13,1000000.0,1000000.0,0,0,0,0,16,2026-02-04 14:55:38.769171
RTM1P47,0.23,0.22,0.24,1000000.0,1000000.0,0,0,0,0,16,2026-02-04 14:55:38.769171
RTM1C48,3.29,3.28,3.3,1000000.0,1000000.0,0,0,0,0,16,2026-02-04 14:55:38.769171
RTM1P48,0.39,0.38,0.4,1000000.0,1000000.0,0,0,0,0,16,2026-02-04 14:55:38.769171
RTM1C49,2.6,2.59,2.61,1000000.0,1000000.0,0,0,0,0,16,2026-02-04 14:55:38.769171
RTM1P49,0.7,0.69,0.71,1000000.0,1000000.0,0,0,0,0,16,2026-02-04 14:55:38.769171
RTM1C50,1.97,1.96,1.98,1000000.0,1000000.0,0,0,0,0,16,2026-02-04 14:55:38.769171
RTM1P50,1.08,1.07,1.09,1000000.0,1000000.0,0,0,0,0,16,2026-02-04 14:55:38.769171
RTM1C51,1.39,1.38,1.4,1000000.0,1000000.0,0,0,0,0,16,2026-02-04 14:55:38.769171
RTM1P51,1.49,1.48,1.5,1000000.0,1000000.0,0,0,0,0,16,2026-02-04 14:55:38.769171
RTM1C52,1.04,1.03,1.05,1000000.0,1000000.0,0,0,0,0,16,2026-02-04 14:55:38.769171
RTM1P52,2.15,2.14,2.16,1000000.0,1000000.0,0,0,0,0,16,2026-02-04 14:55:38.769171
RTM1C53,0.6,0.59,0.61,1000000.0,1000000.0,0,0,0,0,16,2026-02-04 14:55:38.769171
RTM1P53,2.7,2.69,2.71,1000000.0,1000000.0,0,0,0,0,16,2026-02-04 14:55:38.769171
RTM1C54,0.49,0.48,0.5,1000000.0,1000000.0,0,0,0,0,16,2026-02-04 14:55:38.769171
RTM1P54,3.6,3.59,3.61,1000000.0,1000000.0,0,0,0,0,16,2026-02-04 14:55:38.769171
RTM,50.74,50.73,50.75,100000000.0,100000000.0,0,0,0,0,17,2026-02-04 14:55:39.859805
RTM1C45,5.81,5.8,5.82,1000000.0,1000000.0,0,0,0,0,17,2026-02-04 14:55:39.859805
RTM1P45,0.08,0.07,0.09,1000000.0,1000000.0,0,0,0,0,17,2026-02-04 14:55:39.859805
RTM1C46,4.89,4.88,4.9,1000000.0,1000000.0,0,0,0,0,17,2026-02-04 14:55:39.859805
RTM1P46,0.15,0.14,0.16,1000000.0,1000000.0,0,0,0,0,17,2026-02-04 14:55:39.859805
RTM1C47,4.02,4.01,4.03,1000000.0,1000000.0,0,0,0,0,17,2026-02-04 14:55:39.859805
RTM1P47,0.28,0.27,0.29,1000000.0,1000000.0,0,0,0,0,17,2026-02-04 14:55:39.859805
RTM1C48,3.13,3.12,3.14,1000000.0,1000000.0,0,0,0,0,17,2026-02-04 14:55:39.859805
RTM1P48,0.39,0.38,0.4,1000000.0,1000000.0,0,0,0,0,17,2026-02-04 14:55:39.859805
RTM1C49,2.47,2.46,2.48,1000000.0,1000000.0,0,0,0,0,17,2026-02-04 14:55:39.859805
RTM1P49,0.74,0.73,0.75,1000000.0,1000000.0,0,0,0,0,17,2026-02-04 14:55:39.859805
RTM1C50,1.9,1.89,1.91,1000000.0,1000000.0,0,0,0,0,17,2026-02-04 14:55:39.859805
RTM1P50,1.16,1.15,1.17,1000000.0,1000000.0,0,0,0,0,17,2026-02-04 14:55:39.859805
RTM1C51,1.29,1.28,1.3,1000000.0,1000000.0,0,0,0,0,17,2026-02-04 14:55:39.859805
RTM1P51,1.55,1.54,1.56,1000000.0,1000000.0,0,0,0,0,17,2026-02-04 14:55:39.859805
RTM1C52,0.93,0.92,0.94,1000000.0,1000000.0,0,0,0,0,17,2026-02-04 14:55:39.859805
RTM1P52,2.19,2.18,2.2,1000000.0,1000000.0,0,0,0,0,17,2026-02-04 14:55:39.859805
RTM1C53,0.58,0.57,0.59,1000000.0,1000000.0,0,0,0,0,17,2026-02-04 14:55:39.859805
RTM1P53,2.84,2.83,2.85,1000000.0,1000000.0,0,0,0,0,17,2026-02-04 14:55:39.859805
RTM1C54,0.44,0.43,0.45,1000000.0,1000000.0,0,0,0,0,17,2026-02-04 14:55:39.859805
RTM1P54,3.71,3.7,3.72,1000000.0,1000000.0,0,0,0,0,17,2026-02-04 14:55:39.859805
RTM,50.68,50.67,50.69,100000000.0,100000000.0,0,0,0,0,18,2026-02-04 14:55:40.944924
RTM1C45,5.74,5.73,5.75,1000000.0,1000000.0,0,0,0,0,18,2026-02-04 14:55:40.944924
RTM1P45,0.05,0.04,0.06,1000000.0,1000000.0,0,0,0,0,18,2026-02-04 14:55:40.944924
RTM1C46,4.82,4.81,4.83,1000000.0,1000000.0,0,0,0,0,18,2026-02-04 14:55:40.944924
RTM1P46,0.14,0.13,0.15,1000000.0,1000000.0,0,0,0,0,18,2026-02-04 14:55:40.944924
RTM1C47,3.92,3.91,3.93,1000000.0,1000000.0,0,0,0,0,18,2026-02-04 14:55:40.944924
RTM1P47,0.23,0.22,0.24,1000000.0,1000000.0,0,0,0,0,18,2026-02-04 14:55:40.944924
RTM1C48,3.1,3.09,3.11,1000000.0,1000000.0,0,0,0,0,18,2026-02-04 14:55:40.944924
RTM1P48,0.41,0.4,0.42,1000000.0,1000000.0,0,0,0,0,18,2026-02-04 14:55:40.944924
RTM1C49,2.35,2.34,2.36,1000000.0,1000000.0,0,0,0,0,18,2026-02-04 14:55:40.944924
RTM1P49,0.67,0.66,0.68,1000000.0,1000000.0,0,0,0,0,18,2026-02-04 14:55:40.944924
RTM1C50,1.73,1.72,1.74,1000000.0,1000000.0,0,0,0,0,18,2026-02-04 14:55:40.944924
RTM1P50,1.04,1.03,1.05,1000000.0,1000000.0,0,0,0,0,18,2026-02-04 14:55:40.944924
RTM1C51,1.3,1.29,1.31,1000000.0,1000000.0,0,0,0,0,18,2026-02-04 14:55:40.944924
RTM1P51,1.61,1.6,1.62,1000000.0,1000000.0,0,0,0,0,18,2026-02-04 14:55:40.944924
RTM1C52,0.96,0.95,0.97,1000000.0,1000000.0,0,0,0,0,18,2026-02-04 14:55:40.944924
RTM1P52,2.28,2.27,2.29,1000000.0,1000000.0,0,0,0,0,18,2026-02-04 14:55:40.944924
RTM1C53,0.57,0.56,0.58,1000000.0,1000000.0,0,0,0,0,18,2026-02-04 14:55:40.944924
RTM1P53,2.89,2.88,2.9,1000000.0,1000000.0,0,0,0,0,18,2026-02-04 14:55:40.944924
RTM1C54,0.4,0.39,0.41,1000000.0,1000000.0,0,0,0,0,18,2026-02-04 14:55:40.944924
RTM1P54,3.71,3.7,3.72,1000000.0,1000000.0,0,0,0,0,18,2026-02-04 14:55:40.944924
RTM,50.57,50.56,50.58,100000000.0,100000000.0,0,0,0,0,19,2026-02-04 14:55:42.024186
RTM1C45,5.63,5.62,5.64,1000000.0,1000000.0,0,0,0,0,19,2026-02-04 14:55:42.024186
RTM1P45,0.05,0.04,0.06,1000000.0,1000000.0,0,0,0,0,19,2026-02-04 14:55:42.024186
RTM1C46,4.7,4.69,4.71,1000000.0,1000000.0,0,0,0,0,19,2026-02-04 14:55:42.024186
RTM1P46,0.12,0.11,0.13,1000000.0,1000000.0,0,0,0,0,19,2026-02-04 14:55:42.024186
RTM1C47,3.82,3.81,3.83,1000000.0,1000000.0,0,0,0,0,19,2026-02-04 14:55:42.024186
RTM1P47,0.25,0.24,0.26,1000000.0,1000000.0,0,0,0,0,19,2026-02-04 14:55:42.024186
RTM1C48,3.01,3.0,3.02,1000000.0,1000000.0,0,0,0,0,19,2026-02-04 14:55:42.024186
RTM1P48,0.44,0.43,0.45,1000000.0,1000000.0,0,0,0,0,19,2026-02-04 14:55:42.024186
RTM1C49,2.38,2.37,2.39,1000000.0,1000000.0,0,0,0,0,19,2026-02-04 14:55:42.024186
RTM1P49,0.8,0.79,0.81,1000000.0,1000000.0,0,0,0,0,19,2026-02-04 14:55:42.024186
RTM1C50,1.78,1.77,1.79,1000000.0,1000000.0,0,0,0,0,19,2026-02-04 14:55:42.024186
RTM1P50,1.2,1.19,1.21,1000000.0,1000000.0,0,0,0,0,19,2026-02-04 14:55:42.024186
RTM1C51,1.2,1.19,1.21,1000000.0,1000000.0,0,0,0,0,19,2026-02-04 14:55:42.024186
RTM1P51,1.62,1.61,1.63,1000000.0,1000000.0,0,0,0,0,19,2026-02-04 14:55:42.024186
RTM1C52,0.83,0.82,0.84,1000000.0,1000000.0,0,0,0,0,19,2026-02-04 14:55:42.024186
RTM1P52,2.26,2.25,2.27,1000000.0,1000000.0,0,0,0,0,19,2026-02-04 14:55:42.024186
RTM1C53,0.52,0.51,0.53,1000000.0,1000000.0,0,0,0,0,19,2026-02-04 14:55:42.024186
RTM1P53,2.95,2.94,2.96,1000000.0,1000000.0,0,0,0,0,19,2026-02-04 14:55:42.024186
RTM1C54,0.36,0.35,0.37,1000000.0,1000000.0,0,0,0,0,19,2026-02-04 14:55:42.024186
RTM1P54,3.79,3.78,3.8,1000000.0,1000000.0,0,0,0,0,19,2026-02-04 14:55:42.024186
RTM,50.61,50.6,50.62,100000000.0,100000000.0,0,0,0,0,20,2026-02-04 14:55:43.093616
RTM1C45,5.68,5.67,5.69,1000000.0,1000000.0,0,0,0,0,20,2026-02-04 14:55:43.093616
RTM1P45,0.07,0.06,0.08,1000000.0,1000000.0,0,0,0,0,20,2026-02-04 14:55:43.093616
RTM1C46,4.74,4.73,4.75,1000000.0,1000000.0,0,0,0,0,20,2026-02-04 14:55:43.093616
RTM1P46,0.13,0.12,0.14,1000000.0,1000000.0,0,0,0,0,20,2026-02-04 14:55:43.093616
RTM1C47,3.84,3.83,3.85,1000000.0,1000000.0,0,0,0,0,20,2026-02-04 14:55:43.093616
RTM1P47,0.23,0.22,0.24,1000000.0,1000000.0,0,0,0,0,20,2026-02-04 14:55:43.093616
RTM1C48,3.08,3.07,3.09,1000000.0,1000000.0,0,0,0,0,20,2026-02-04 14:55:43.093616
RTM1P48,0.47,0.46,0.48,1000000.0,1000000.0,0,0,0,0,20,2026-02-04 14:55:43.093616
RTM1C49,2.29,2.28,2.3,1000000.0,1000000.0,0,0,0,0,20,2026-02-04 14:55:43.093616
RTM1P49,0.68,0.67,0.69,1000000.0,1000000.0,0,0,0,0,20,2026-02-04 14:55:43.093616
RTM1C50,1.68,1.67,1.69,1000000.0,1000000.0,0,0,0,0,20,2026-02-04 14:55:43.093616
RTM1P50,1.07,1.06,1.08,1000000.0,1000000.0,0,0,0,0,20,2026-02-04 14:55:43.093616
RTM1C51,1.23,1.22,1.24,1000000.0,1000000.0,0,0,0,0,20,2026-02-04 14:55:43.093616
RTM1P51,1.62,1.61,1.63,1000000.0,1000000.0,0,0,0,0,20,2026-02-04 14:55:43.093616
RTM1C52,0.91,0.9,0.92,1000000.0,1000000.0,0,0,0,0,20,2026-02-04 14:55:43.093616
RTM1P52,2.3,2.29,2.31,1000000.0,1000000.0,0,0,0,0,20,2026-02-04 14:55:43.093616
RTM1C53,0.51,0.5,0.52,1000000.0,1000000.0,0,0,0,0,20,2026-02-04 14:55:43.093616
RTM1P53,2.91,2.9,2.92,1000000.0,1000000.0,0,0,0,0,20,2026-02-04 14:55:43.093616
RTM1C54,0.4,0.39,0.41,1000000.0,1000000.0,0,0,0,0,20,2026-02-04 14:55:43.093616
RTM1P54,3.79,3.78,3.8,1000000.0,1000000.0,0,0,0,0,20,2026-02-04 14:55:43.093616
RTM,50.46,50.45,50.47,100000000.0,100000000.0,0,0,0,0,21,2026-02-04 14:55:44.210889
RTM1C45,5.53,5.52,5.54,1000000.0,1000000.0,0,0,0,0,21,2026-02-04 14:55:44.210889
RTM1P45,0.06,0.05,0.07,1000000.0,1000000.0,0,0,0,0,21,2026-02-04 14:55:44.210889
RTM1C46,4.61,4.6,4.62,1000000.0,1000000.0,0,0,0,0,21,2026-02-04 14:55:44.210889
RTM1P46,0.14,0.13,0.15,1000000.0,1000000.0,0,0,0,0,21,2026-02-04 14:55:44.210889
RTM1C47,3.73,3.72,3.74,1000000.0,1000000.0,0,0,0,0,21,2026-02-04 14:55:44.210889
RTM1P47,0.26,0.25,0.27,1000000.0,1000000.0,0,0,0,0,21,2026-02-04 14:55:44.210889
RTM1C48,2.92,2.91,2.93,1000000.0,1000000.0,0,0,0,0,21,2026-02-04 14:55:44.210889
RTM1P48,0.45,0.44,0.46,1000000.0,1000000.0,0,0,0,0,21,2026-02-04 14:55:44.210889
RTM1C49,2.17,2.16,2.18,1000000.0,1000000.0,0,0,0,0,21,2026-02-04 14:55:44.210889
RTM1P49,0.71,0.7,0.72,1000000.0,1000000.0,0,0,0,0,21,2026-02-04 14:55:44.210889
RTM1C50,1.64,1.63,1.65,1000000.0,1000000.0,0,0,0,0,21,2026-02-04 14:55:44.210889
RTM1P50,1.17,1.16,1.18,1000000.0,1000000.0,0,0,0,0,21,2026-02-04 14:55:44.210889
RTM1C51,1.09,1.08,1.1,1000000.0,1000000.0,0,0,0,0,21,2026-02-04 14:55:44.210889
RTM1P51,1.62,1.61,1.63,1000000.0,1000000.0,0,0,0,0,21,2026-02-04 14:55:44.210889
RTM1C52,0.82,0.81,0.83,1000000.0,1000000.0,0,0,0,0,21,2026-02-04 14:55:44.210889
RTM1P52,2.36,2.35,2.37,1000000.0,1000000.0,0,0,0,0,21,2026-02-04 14:55:44.210889
RTM1C53,0.45,0.44,0.46,1000000.0,1000000.0,0,0,0,0,21,2026-02-04 14:55:44.210889
RTM1P53,2.99,2.98,3.0,1000000.0,1000000.0,0,0,0,0,21,2026-02-04 14:55:44.210889
RTM1C54,0.36,0.35,0.37,1000000.0,1000000.0,0,0,0,0,21,2026-02-04 14:55:44.210889
RTM1P54,3.9,3.89,3.91,1000000.0,1000000.0,0,0,0,0,21,2026-02-04 14:55:44.210889
RTM,50.15,50.14,50.16,100000000.0,100000000.0,0,0,0,0,22,2026-02-04 14:55:44.804558
RTM1C45,5.23,5.22,5.24,1000000.0,1000000.0,0,0,0,0,22,2026-02-04 14:55:44.804558
RTM1P45,0.08,0.07,0.09,1000000.0,1000000.0,0,0,0,0,22,2026-02-04 14:55:44.804558
RTM1C46,4.32,4.31,4.33,1000000.0,1000000.0,0,0,0,0,22,2026-02-04 14:55:44.804558
RTM1P46,0.17,0.16,0.18,1000000.0,1000000.0,0,0,0,0,22,2026-02-04 14:55:44.804558
RTM1C47,3.5,3.49,3.51,1000000.0,1000000.0,0,0,0,0,22,2026-02-04 14:55:44.804558
RTM1P47,0.35,0.34,0.36,1000000.0,1000000.0,0,0,0,0,22,2026-02-04 14:55:44.804558
RTM1C48,2.7,2.69,2.71,1000000.0,1000000.0,0,0,0,0,22,2026-02-04 14:55:44.804558
RTM1P48,0.54,0.53,0.55,1000000.0,1000000.0,0,0,0,0,22,2026-02-04 14:55:44.804558
RTM1C49,1.98,1.97,1.99,1000000.0,1000000.0,0,0,0,0,22,2026-02-04 14:55:44.804558
RTM1P49,0.83,0.82,0.84,1000000.0,1000000.0,0,0,0,0,22,2026-02-04 14:55:44.804558
RTM1C50,1.49,1.48,1.5,1000000.0,1000000.0,0,0,0,0,22,2026-02-04 14:55:44.804558
RTM1P50,1.34,1.33,1.35,1000000.0,1000000.0,0,0,0,0,22,2026-02-04 14:55:44.804558
RTM1C51,1.08,1.07,1.09,1000000.0,1000000.0,0,0,0,0,22,2026-02-04 14:55:44.804558
RTM1P51,1.93,1.92,1.94,1000000.0,1000000.0,0,0,0,0,22,2026-02-04 14:55:44.804558
RTM1C52,0.67,0.66,0.68,1000000.0,1000000.0,0,0,0,0,22,2026-02-04 14:55:44.804558
RTM1P52,2.52,2.51,2.53,1000000.0,1000000.0,0,0,0,0,22,2026-02-04 14:55:44.804558
RTM1C53,0.44,0.43,0.45,1000000.0,1000000.0,0,0,0,0,22,2026-02-04 14:55:44.804558
RTM1P53,3.29,3.28,3.3,1000000.0,1000000.0,0,0,0,0,22,2026-02-04 14:55:44.804558
RTM1C54,0.25,0.24,0.26,1000000.0,1000000.0,0,0,0,0,22,2026-02-04 14:55:44.804558
RTM1P54,4.1,4.09,4.11,1000000.0,1000000.0,0,0,0,0,22,2026-02-04 14:55:44.804558
RTM,50.13,50.12,50.14,100000000.0,100000000.0,0,0,0,0,23,2026-02-04 14:55:45.894243
RTM1C45,5.21,5.2,5.22,1000000.0,1000000.0,0,0,0,0,23,2026-02-04 14:55:45.894243
RTM1P45,0.08,0.07,0.09,1000000.0,1000000.0,0,0,0,0,23,2026-02-04 14:55:45.894243
RTM1C46,4.27,4.26,4.28,1000000.0,1000000.0,0,0,0,0,23,2026-02-04 14:55:45.894243
RTM1P46,0.14,0.13,0.15,1000000.0,1000000.0,0,0,0,0,23,2026-02-04 14:55:45.894243
RTM1C47,3.47,3.46,3.48,1000000.0,1000000.0,0,0,0,0,23,2026-02-04 14:55:45.894243
RTM1P47,0.34,0.33,0.35,1000000.0,1000000.0,0,0,0,0,23,2026-02-04 14:55:45.894243
RTM1C48,2.63,2.62,2.64,1000000.0,1000000.0,0,0,0,0,23,2026-02-04 14:55:45.894243
RTM1P48,0.5,0.49,0.51,1000000.0,1000000.0,0,0,0,0,23,2026-02-04 14:55:45.894243
RTM1C49,1.96,1.95,1.97,1000000.0,1000000.0,0,0,0,0,23,2026-02-04 14:55:45.894243
RTM1P49,0.83,0.82,0.84,1000000.0,1000000.0,0,0,0,0,23,2026-02-04 14:55:45.894243
RTM1C50,1.43,1.42,1.44,1000000.0,1000000.0,0,0,0,0,23,2026-02-04 14:55:45.894243
RTM1P50,1.3,1.29,1.31,1000000.0,1000000.0,0,0,0,0,23,2026-02-04 14:55:45.894243
RTM1C51,1.03,1.02,1.04,1000000.0,1000000.0,0,0,0,0,23,2026-02-04 14:55:45.894243
RTM1P51,1.9,1.89,1.91,1000000.0,1000000.0,0,0,0,0,23,2026-02-04 14:55:45.894243
RTM1C52,0.6,0.59,0.61,1000000.0,1000000.0,0,0,0,0,23,2026-02-04 14:55:45.894243
RTM1P52,2.46,2.45,2.47,1000000.0,1000000.0,0,0,0,0,23,2026-02-04 14:55:45.894243
RTM1C53,0.4,0.39,0.41,1000000.0,1000000.0,0,0,0,0,23,2026-02-04 14:55:45.894243
RTM1P53,3.27,3.26,3.28,1000000.0,1000000.0,0,0,0,0,23,2026-02-04 14:55:45.894243
RTM1C54,0.26,0.25,0.27,1000000.0,1000000.0,0,0,0,0,23,2026-02-04 14:55:45.894243
RTM1P54,4.13,4.12,4.14,1000000.0,1000000.0,0,0,0,0,23,2026-02-04 14:55:45.894243
RTM,50.44,50.43,50.45,100000000.0,100000000.0,0,0,0,0,24,2026-02-04 14:55:46.967992
RTM1C45,5.51,5.5,5.52,1000000.0,1000000.0,0,0,0,0,24,2026-02-04 14:55:46.967992
RTM1P45,0.06,0.05,0.07,1000000.0,1000000.0,0,0,0,0,24,2026-02-04 14:55:46.967992
RTM1C46,4.58,4.57,4.59,1000000.0,1000000.0,0,0,0,0,24,2026-02-04 14:55:46.967992
RTM1P46,0.13,0.12,0.14,1000000.0,1000000.0,0,0,0,0,24,2026-02-04 14:55:46.967992
RTM1C47,3.74,3.73,3.75,1000000.0,1000000.0,0,0,0,0,24,2026-02-04 14:55:46.967992
RTM1P47,0.3,0.29,0.31,1000000.0,1000000.0,0,0,0,0,24,2026-02-04 14:55:46.967992
RTM1C48,2.87,2.86,2.88,1000000.0,1000000.0,0,0,0,0,24,2026-02-04 14:55:46.967992
RTM1P48,0.43,0.42,0.44,1000000.0,1000000.0,0,0,0,0,24,2026-02-04 14:55:46.967992
RTM1C49,2.21,2.2,2.22,1000000.0,1000000.0,0,0,0,0,24,2026-02-04 14:55:46.967992
RTM1P49,0.76,0.75,0.77,1000000.0,1000000.0,0,0,0,0,24,2026-02-04 14:55:46.967992
RTM1C50,1.61,1.6,1.62,1000000.0,1000000.0,0,0,0,0,24,2026-02-04 14:55:46.967992
RTM1P50,1.17,1.16,1.18,1000000.0,1000000.0,0,0,0,0,24,2026-02-04 14:55:46.967992
RTM1C51,1.18,1.17,1.19,1000000.0,1000000.0,0,0,0,0,24,2026-02-04 14:55:46.967992
RTM1P51,1.74,1.73,1.75,1000000.0,1000000.0,0,0,0,0,24,2026-02-04 14:55:46.967992
RTM1C52,0.78,0.77,0.79,1000000.0,1000000.0,0,0,0,0,24,2026-02-04 14:55:46.967992
RTM1P52,2.34,2.33,2.35,1000000.0,1000000.0,0,0,0,0,24,2026-02-04 14:55:46.967992
RTM1C53,0.43,0.42,0.44,1000000.0,1000000.0,0,0,0,0,24,2026-02-04 14:55:46.967992
RTM1P53,2.99,2.98,3.0,1000000.0,1000000.0,0,0,0,0,24,2026-02-04 14:55:46.967992
RTM1C54,0.33,0.32,0.34,1000000.0,1000000.0,0,0,0,0,24,2026-02-04 14:55:46.967992
RTM1P54,3.89,3.88,3.9,1000000.0,1000000.0,0,0,0,0,24,2026-02-04 14:55:46.967992
RTM,50.59,50.58,50.6,100000000.0,100000000.0,0,0,0,0,25,2026-02-04 14:55:48.040454
RTM1C45,5.65,5.64,5.66,1000000.0,1000000.0,0,0,0,0,25,2026-02-04 14:55:48.040454
RTM1P45,0.07,0.06,0.08,1000000.0,1000000.0,0,0,0,0,25,2026-02-04 14:55:48.040454
RTM1C46,4.72,4.71,4.73,1000000.0,1000000.0,0,0,0,0,25,2026-02-04 14:55:48.040454
RTM1P46,0.13,0.12,0.14,1000000.0,1000000.0,0,0,0,0,25,2026-02-04 14:55:48.040454
RTM1C47,3.8,3.79,3.81,1000000.0,1000000.0,0,0,0,0,25,2026-02-04 14:55:48.040454
RTM1P47,0.22,0.21,0.23,1000000.0,1000000.0,0,0,0,0,25,2026-02-04 14:55:48.040454
RTM1C48,3.03,3.02,3.04,1000000.0,1000000.0,0,0,0,0,25,2026-02-04 14:55:48.040454
RTM1P48,0.45,0.44,0.46,1000000.0,1000000.0,0,0,0,0,25,2026-02-04 14:55:48.040454
RTM1C49,2.25,2.24,2.26,1000000.0,1000000.0,0,0,0,0,25,2026-02-04 14:55:48.040454
RTM1P49,0.67,0.66,0.68,1000000.0,1000000.0,0,0,0,0,25,2026-02-04 14:55:48.040454
RTM1C50,1.66,1.65,1.67,1000000.0,1000000.0,0,0,0,0,25,2026-02-04 14:55:48.040454
RTM1P50,1.07,1.06,1.08,1000000.0,1000000.0,0,0,0,0,25,2026-02-04 14:55:48.040454
RTM1C51,1.12,1.11,1.13,1000000.0,1000000.0,0,0,0,0,25,2026-02-04 14:55:48.040454
RTM1P51,1.53,1.52,1.54,1000000.0,1000000.0,0,0,0,0,25,2026-02-04 14:55:48.040454
RTM1C52,0.84,0.83,0.85,1000000.0,1000000.0,0,0,0,0,25,2026-02-04 14:55:48.040454
RTM1P52,2.25,2.24,2.26,1000000.0,1000000.0,0,0,0,0,25,2026-02-04 14:55:48.040454
RTM1C53,0.47,0.46,0.48,1000000.0,1000000.0,0,0,0,0,25,2026-02-04 14:55:48.040454
RTM1P53,2.88,2.87,2.89,1000000.0,1000000.0,0,0,0,0,25,2026-02-04 14:55:48.040454
RTM1C54,0.33,0.32,0.34,1000000.0,1000000.0,0,0,0,0,25,2026-02-04 14:55:48.040454
RTM1P54,3.74,3.73,3.75,1000000.0,1000000.0,0,0,0,0,25,2026-02-04 14:55:48.040454
RTM,50.24,50.24,50.26,100000000.0,100000000.0,0,0,0,0,26,2026-02-04 14:55:49.120856
RTM1C45,5.32,5.31,5.33,1000000.0,1000000.0,0,0,0,0,26,2026-02-04 14:55:49.120856
RTM1P45,0.07,0.06,0.08,1000000.0,1000000.0,0,0,0,0,26,2026-02-04 14:55:49.120856
RTM1C46,4.38,4.37,4.39,1000000.0,1000000.0,0,0,0,0,26,2026-02-04 14:55:49.120856
RTM1P46,0.12,0.11,0.13,1000000.0,1000000.0,0,0,0,0,26,2026-02-04 14:55:49.120856
RTM1C47,3.5,3.49,3.51,1000000.0,1000000.0,0,0,0,0,26,2026-02-04 14:55:49.120856
RTM1P47,0.25,0.24,0.26,1000000.0,1000000.0,0,0,0,0,26,2026-02-04 14:55:49.120856
RTM1C48,2.75,2.74,2.76,1000000.0,1000000.0,0,0,0,0,26,2026-02-04 14:55:49.120856
RTM1P48,0.5,0.49,0.51,1000000.0,1000000.0,0,0,0,0,26,2026-02-04 14:55:49.120856
RTM1C49,2.05,2.04,2.06,1000000.0,1000000.0,0,0,0,0,26,2026-02-04 14:55:49.120856
RTM1P49,0.79,0.78,0.8,1000000.0,1000000.0,0,0,0,0,26,2026-02-04 14:55:49.120856
RTM1C50,1.44,1.43,1.45,1000000.0,1000000.0,0,0,0,0,26,2026-02-04 14:55:49.120856
RTM1P50,1.19,1.18,1.2,1000000.0,1000000.0,0,0,0,0,26,2026-02-04 14:55:49.120856
RTM1C51,1.05,1.04,1.06,1000000.0,1000000.0,0,0,0,0,26,2026-02-04 14:55:49.120856
RTM1P51,1.8,1.79,1.81,1000000.0,1000000.0,0,0,0,0,26,2026-02-04 14:55:49.120856
RTM1C52,0.65,0.64,0.66,1000000.0,1000000.0,0,0,0,0,26,2026-02-04 14:55:49.120856
RTM1P52,2.4,2.39,2.41,1000000.0,1000000.0,0,0,0,0,26,2026-02-04 14:55:49.120856
RTM1C53,0.45,0.44,0.46,1000000.0,1000000.0,0,0,0,0,26,2026-02-04 14:55:49.120856
RTM1P53,3.19,3.18,3.2,1000000.0,1000000.0,0,0,0,0,26,2026-02-04 14:55:49.120856
RTM1C54,0.25,0.24,0.26,1000000.0,1000000.0,0,0,0,0,26,2026-02-04 14:55:49.120856
RTM1P54,4.0,3.99,4.01,1000000.0,1000000.0,0,0,0,0,26,2026-02-04 14:55:49.120856
RTM,49.89,49.89,49.91,100000000.0,100000000.0,0,0,0,0,27,2026-02-04 14:55:50.211982
RTM1C45,4.98,4.97,4.99,1000000.0,1000000.0,0,0,0,0,27,2026-02-04 14:55:50.211982
RTM1P45,0.08,0.07,0.09,1000000.0,1000000.0,0,0,0,0,27,2026-02-04 14:55:50.211982
RTM1C46,4.09,4.08,4.1,1000000.0,1000000.0,0,0,0,0,27,2026-02-04 14:55:50.211982
RTM1P46,0.19,0.18,0.2,1000000.0,1000000.0,0,0,0,0,27,2026-02-04 14:55:50.211982
RTM1C47,3.2,3.19,3.21,1000000.0,1000000.0,0,0,0,0,27,2026-02-04 14:55:50.211982
RTM1P47,0.3,0.29,0.31,1000000.0,1000000.0,0,0,0,0,27,2026-02-04 14:55:50.211982
RTM1C48,2.46,2.45,2.47,1000000.0,1000000.0,0,0,0,0,27,2026-02-04 14:55:50.211982
RTM1P48,0.56,0.55,0.57,1000000.0,1000000.0,0,0,0,0,27,2026-02-04 14:55:50.211982
RTM1C49,1.78,1.77,1.79,1000000.0,1000000.0,0,0,0,0,27,2026-02-04 14:55:50.211982
RTM1P49,0.88,0.87,0.89,1000000.0,1000000.0,0,0,0,0,27,2026-02-04 14:55:50.211982
RTM1C50,1.26,1.25,1.27,1000000.0,1000000.0,0,0,0,0,27,2026-02-04 14:55:50.211982
RTM1P50,1.36,1.35,1.37,1000000.0,1000000.0,0,0,0,0,27,2026-02-04 14:55:50.211982
RTM1C51,0.87,0.86,0.88,1000000.0,1000000.0,0,0,0,0,27,2026-02-04 14:55:50.211982
RTM1P51,1.97,1.96,1.98,1000000.0,1000000.0,0,0,0,0,27,2026-02-04 14:55:50.211982
RTM1C52,0.52,0.51,0.53,1000000.0,1000000.0,0,0,0,0,27,2026-02-04 14:55:50.211982
RTM1P52,2.62,2.61,2.63,1000000.0,1000000.0,0,0,0,0,27,2026-02-04 14:55:50.211982
RTM1C53,0.34,0.33,0.35,1000000.0,1000000.0,0,0,0,0,27,2026-02-04 14:55:50.211982
RTM1P53,3.44,3.43,3.45,1000000.0,1000000.0,0,0,0,0,27,2026-02-04 14:55:50.211982
RTM1C54,0.19,0.18,0.2,1000000.0,1000000.0,0,0,0,0,27,2026-02-04 14:55:50.211982
RTM1P54,4.29,4.28,4.3,1000000.0,1000000.0,0,0,0,0,27,2026-02-04 14:55:50.211982
RTM,49.93,49.92,49.94,100000000.0,100000000.0,0,0,0,0,28,2026-02-04 14:55:51.280108
RTM1C45,5.01,5.0,5.02,1000000.0,1000000.0,0,0,0,0,28,2026-02-04 14:55:51.280108
RTM1P45,0.08,0.07,0.09,1000000.0,1000000.0,0,0,0,0,28,2026-02-04 14:55:51.280108
RTM1C46,4.08,4.07,4.09,1000000.0,1000000.0,0,0,0,0,28,2026-02-04 14:55:51.280108
RTM1P46,0.15,0.14,0.16,1000000.0,1000000.0,0,0,0,0,28,2026-02-04 14:55:51.280108
RTM1C47,3.23,3.22,3.24,1000000.0,1000000.0,0,0,0,0,28,2026-02-04 14:55:51.280108
RTM1P47,0.3,0.29,0.31,1000000.0,1000000.0,0,0,0,0,28,2026-02-04 14:55:51.280108
RTM1C48,2.53,2.52,2.54,1000000.0,1000000.0,0,0,0,0,28,2026-02-04 14:55:51.280108
RTM1P48,0.6,0.59,0.61,1000000.0,1000000.0,0,0,0,0,28,2026-02-04 14:55:51.280108
RTM1C49,1.88,1.87,1.89,1000000.0,1000000.0,0,0,0,0,28,2026-02-04 14:55:51.280108
RTM1P49,0.95,0.94,0.96,1000000.0,1000000.0,0,0,0,0,28,2026-02-04 14:55:51.280108
RTM1C50,1.35,1.34,1.36,1000000.0,1000000.0,0,0,0,0,28,2026-02-04 14:55:51.280108
RTM1P50,1.42,1.41,1.43,1000000.0,1000000.0,0,0,0,0,28,2026-02-04 14:55:51.280108
RTM1C51,0.9,0.89,0.91,1000000.0,1000000.0,0,0,0,0,28,2026-02-04 14:55:51.280108
RTM1P51,1.97,1.96,1.98,1000000.0,1000000.0,0,0,0,0,28,2026-02-04 14:55:51.280108
RTM1C52,0.6,0.59,0.61,1000000.0,1000000.0,0,0,0,0,28,2026-02-04 14:55:51.280108
RTM1P52,2.67,2.66,2.68,1000000.0,1000000.0,0,0,0,0,28,2026-02-04 14:55:51.280108
RTM1C53,0.32,0.31,0.33,1000000.0,1000000.0,0,0,0,0,28,2026-02-04 14:55:51.280108
RTM1P53,3.39,3.38,3.4,1000000.0,1000000.0,0,0,0,0,28,2026-02-04 14:55:51.280108
RTM1C54,0.19,0.18,0.2,1000000.0,1000000.0,0,0,0,0,28,2026-02-04 14:55:51.280108
RTM1P54,4.26,4.25,4.27,1000000.0,1000000.0,0,0,0,0,28,2026-02-04 14:55:51.280108
RTM,50.09,50.08,50.1,100000000.0,100000000.0,0,0,0,0,29,2026-02-04 14:55:51.851350
RTM1C45,5.15,5.14,5.16,1000000.0,1000000.0,0,0,0,0,29,2026-02-04 14:55:51.851350
RTM1P45,0.07,0.06,0.08,1000000.0,1000000.0,0,0,0,0,29,2026-02-04 14:55:51.851350
RTM1C46,4.21,4.2,4.22,1000000.0,1000000.0,0,0,0,0,29,2026-02-04 14:55:51.851350
RTM1P46,0.13,0.12,0.14,1000000.0,1000000.0,0,0,0,0,29,2026-02-04 14:55:51.851350
RTM1C47,3.38,3.37,3.39,1000000.0,1000000.0,0,0,0,0,29,2026-02-04 14:55:51.851350
RTM1P47,0.29,0.28,0.3,1000000.0,1000000.0,0,0,0,0,29,2026-02-04 14:55:51.851350
RTM1C48,2.62,2.61,2.63,1000000.0,1000000.0,0,0,0,0,29,2026-02-04 14:55:51.851350
RTM1P48,0.53,0.52,0.54,1000000.0,1000000.0,0,0,0,0,29,2026-02-04 14:55:51.851350
RTM1C49,1.97,1.96,1.98,1000000.0,1000000.0,0,0,0,0,29,2026-02-04 14:55:51.851350
RTM1P49,0.88,0.87,0.89,1000000.0,1000000.0,0,0,0,0,29,2026-02-04 14:55:51.851350
RTM1C50,1.41,1.4,1.42,1000000.0,1000000.0,0,0,0,0,29,2026-02-04 14:55:51.851350
RTM1P50,1.32,1.31,1.33,1000000.0,1000000.0,0,0,0,0,29,2026-02-04 14:55:51.851350
RTM1C51,0.96,0.95,0.97,1000000.0,1000000.0,0,0,0,0,29,2026-02-04 14:55:51.851350
RTM1P51,1.87,1.86,1.88,1000000.0,1000000.0,0,0,0,0,29,2026-02-04 14:55:51.851350
RTM1C52,0.55,0.54,0.56,1000000.0,1000000.0,0,0,0,0,29,2026-02-04 14:55:51.851350
RTM1P52,2.46,2.45,2.47,1000000.0,1000000.0,0,0,0,0,29,2026-02-04 14:55:51.851350
RTM1C53,0.35,0.34,0.36,1000000.0,1000000.0,0,0,0,0,29,2026-02-04 14:55:51.851350
RTM1P53,3.26,3.25,3.27,1000000.0,1000000.0,0,0,0,0,29,2026-02-04 14:55:51.851350
RTM1C54,0.22,0.21,0.23,1000000.0,1000000.0,0,0,0,0,29,2026-02-04 14:55:51.851350
RTM1P54,4.14,4.13,4.15,1000000.0,1000000.0,0,0,0,0,29,2026-02-04 14:55:51.851350
RTM,50.18,50.17,50.19,100000000.0,100000000.0,0,0,0,0,30,2026-02-04 14:55:52.941804
RTM1C45,5.24,5.23,5.25,1000000.0,1000000.0,0,0,0,0,30,2026-02-04 14:55:52.941804
RTM1P45,0.05,0.04,0.06,1000000.0,1000000.0,0,0,0,0,30,2026-02-04 14:55:52.941804
RTM1C46,4.3,4.29,4.31,1000000.0,1000000.0,0,0,0,0,30,2026-02-04 14:55:52.941804
RTM1P46,0.11,0.1,0.12,1000000.0,1000000.0,0,0,0,0,30,2026-02-04 14:55:52.941804
RTM1C47,3.45,3.44,3.46,1000000.0,1000000.0,0,0,0,0,30,2026-02-04 14:55:52.941804
RTM1P47,0.27,0.26,0.28,1000000.0,1000000.0,0,0,0,0,30,2026-02-04 14:55:52.941804
RTM1C48,2.63,2.62,2.64,1000000.0,1000000.0,0,0,0,0,30,2026-02-04 14:55:52.941804
RTM1P48,0.45,0.44,0.46,1000000.0,1000000.0,0,0,0,0,30,2026-02-04 14:55:52.941804
RTM1C49,2.01,2.0,2.02,1000000.0,1000000.0,0,0,0,0,30,2026-02-04 14:55:52.941804
RTM1P49,0.83,0.82,0.84,1000000.0,1000000.0,0,0,0,0,30,2026-02-04 14:55:52.941804
RTM1C50,1.44,1.43,1.45,1000000.0,1000000.0,0,0,0,0,30,2026-02-04 14:55:52.941804
RTM1P50,1.26,1.25,1.27,1000000.0,1000000.0,0,0,0,0,30,2026-02-04 14:55:52.941804
RTM1C51,1.0,0.99,1.01,1000000.0,1000000.0,0,0,0,0,30,2026-02-04 14:55:52.941804
RTM1P51,1.82,1.81,1.83,1000000.0,1000000.0,0,0,0,0,30,2026-02-04 14:55:52.941804
RTM1C52,0.59,0.58,0.6,1000000.0,1000000.0,0,0,0,0,30,2026-02-04 14:55:52.941804
RTM1P52,2.4,2.39,2.41,1000000.0,1000000.0,0,0,0,0,30,2026-02-04 14:55:52.941804
RTM1C53,0.39,0.38,0.4,1000000.0,1000000.0,0,0,0,0,30,2026-02-04 14:55:52.941804
RTM1P53,3.2,3.19,3.21,1000000.0,1000000.0,0,0,0,0,30,2026-02-04 14:55:52.941804
RTM1C54,0.22,0.21,0.23,1000000.0,1000000.0,0,0,0,0,30,2026-02-04 14:55:52.941804
RTM1P54,4.04,4.03,4.05,1000000.0,1000000.0,0,0,0,0,30,2026-02-04 14:55:52.941804
RTM,50.11,50.1,50.12,100000000.0,100000000.0,0,0,0,0,31,2026-02-04 14:55:54.003253
RTM1C45,5.19,5.18,5.2,1000000.0,1000000.0,0,0,0,0,31,2026-02-04 14:55:54.003253
RTM1P45,0.07,0.06,0.08,1000000.0,1000000.0,0,0,0,0,31,2026-02-04 14:55:54.003253
RTM1C46,4.26,4.25,4.27,1000000.0,1000000.0,0,0,0,0,31,2026-02-04 14:55:54.003253
RTM1P46,0.14,0.13,0.15,1000000.0,1000000.0,0,0,0,0,31,2026-02-04 14:55:54.003253
RTM1C47,3.38,3.37,3.39,1000000.0,1000000.0,0,0,0,0,31,2026-02-04 14:55:54.003253
RTM1P47,0.27,0.26,0.28,1000000.0,1000000.0,0,0,0,0,31,2026-02-04 14:55:54.003253
RTM1C48,2.61,2.6,2.62,1000000.0,1000000.0,0,0,0,0,31,2026-02-04 14:55:54.003253
RTM1P48,0.5,0.49,0.51,1000000.0,1000000.0,0,0,0,0,31,2026-02-04 14:55:54.003253
RTM1C49,1.87,1.86,1.88,1000000.0,1000000.0,0,0,0,0,31,2026-02-04 14:55:54.003253
RTM1P49,0.76,0.75,0.77,1000000.0,1000000.0,0,0,0,0,31,2026-02-04 14:55:54.003253
RTM1C50,1.38,1.37,1.39,1000000.0,1000000.0,0,0,0,0,31,2026-02-04 14:55:54.003253
RTM1P50,1.27,1.26,1.28,1000000.0,1000000.0,0,0,0,0,31,2026-02-04 14:55:54.003253
RTM1C51,0.88,0.87,0.89,1000000.0,1000000.0,0,0,0,0,31,2026-02-04 14:55:54.003253
RTM1P51,1.76,1.75,1.77,1000000.0,1000000.0,0,0,0,0,31,2026-02-04 14:55:54.003253
RTM1C52,0.58,0.57,0.59,1000000.0,1000000.0,0,0,0,0,31,2026-02-04 14:55:54.003253
RTM1P52,2.47,2.46,2.48,1000000.0,1000000.0,0,0,0,0,31,2026-02-04 14:55:54.003253
RTM1C53,0.34,0.33,0.35,1000000.0,1000000.0,0,0,0,0,31,2026-02-04 14:55:54.003253
RTM1P53,3.23,3.22,3.24,1000000.0,1000000.0,0,0,0,0,31,2026-02-04 14:55:54.003253
RTM1C54,0.21,0.2,0.22,1000000.0,1000000.0,0,0,0,0,31,2026-02-04 14:55:54.003253
RTM1P54,4.09,4.08,4.1,1000000.0,1000000.0,0,0,0,0,31,2026-02-04 14:55:54.003253
RTM,49.91,49.9,49.92,100000000.0,100000000.0,0,0,0,0,32,2026-02-04 14:55:55.090870
RTM1C45,4.98,4.97,4.99,1000000.0,1000000.0,0,0,0,0,32,2026-02-04 14:55:55.090870
RTM1P45,0.07,0.06,0.08,1000000.0,1000000.0,0,0,0,0,32,2026-02-04 14:55:55.090870
RTM1C46,4.09,4.08,4.1,1000000.0,1000000.0,0,0,0,0,32,2026-02-04 14:55:55.090870
RTM1P46,0.18,0.17,0.19,1000000.0,1000000.0,0,0,0,0,32,2026-02-04 14:55:55.090870
RTM1C47,3.22,3.21,3.23,1000000.0,1000000.0,0,0,0,0,32,2026-02-04 14:55:55.090870
RTM1P47,0.31,0.3,0.32,1000000.0,1000000.0,0,0,0,0,32,2026-02-04 14:55:55.090870
RTM1C48,2.42,2.41,2.43,1000000.0,1000000.0,0,0,0,0,32,2026-02-04 14:55:55.090870
RTM1P48,0.52,0.51,0.53,1000000.0,1000000.0,0,0,0,0,32,2026-02-04 14:55:55.090870
RTM1C49,1.73,1.72,1.74,1000000.0,1000000.0,0,0,0,0,32,2026-02-04 14:55:55.090870
RTM1P49,0.83,0.82,0.84,1000000.0,1000000.0,0,0,0,0,32,2026-02-04 14:55:55.090870
RTM1C50,1.25,1.24,1.26,1000000.0,1000000.0,0,0,0,0,32,2026-02-04 14:55:55.090870
RTM1P50,1.35,1.34,1.36,1000000.0,1000000.0,0,0,0,0,32,2026-02-04 14:55:55.090870
RTM1C51,0.8,0.79,0.81,1000000.0,1000000.0,0,0,0,0,32,2026-02-04 14:55:55.090870
RTM1P51,1.89,1.88,1.9,1000000.0,1000000.0,0,0,0,0,32,2026-02-04 14:55:55.090870
RTM1C52,0.54,0.53,0.55,1000000.0,1000000.0,0,0,0,0,32,2026-02-04 14:55:55.090870
RTM1P52,2.63,2.62,2.64,1000000.0,1000000.0,0,0,0,0,32,2026-02-04 14:55:55.090870
RTM1C53,0.3,0.29,0.31,1000000.0,1000000.0,0,0,0,0,32,2026-02-04 14:55:55.090870
RTM1P53,3.39,3.38,3.4,1000000.0,1000000.0,0,0,0,0,32,2026-02-04 14:55:55.090870
RTM1C54,0.24,0.23,0.25,1000000.0,1000000.0,0,0,0,0,32,2026-02-04 14:55:55.090870
RTM1P54,4.34,4.33,4.35,1000000.0,1000000.0,0,0,0,0,32,2026-02-04 14:55:55.090870
RTM,49.94,49.93,49.95,100000000.0,100000000.0,0,0,0,0,33,2026-02-04 14:55:56.173271
RTM1C45,5.02,5.01,5.03,1000000.0,1000000.0,0,0,0,0,33,2026-02-04 14:55:56.173271
RTM1P45,0.08,0.07,0.09,1000000.0,1000000.0,0,0,0,0,33,2026-02-04 14:55:56.173271
RTM1C46,4.1,4.09,4.11,1000000.0,1000000.0,0,0,0,0,33,2026-02-04 14:55:56.173271
RTM1P46,0.16,0.15,0.17,1000000.0,1000000.0,0,0,0,0,33,2026-02-04 14:55:56.173271
RTM1C47,3.24,3.23,3.25,1000000.0,1000000.0,0,0,0,0,33,2026-02-04 14:55:56.173271
RTM1P47,0.3,0.29,0.31,1000000.0,1000000.0,0,0,0,0,33,2026-02-04 14:55:56.173271
RTM1C48,2.46,2.45,2.47,1000000.0,1000000.0,0,0,0,0,33,2026-02-04 14:55:56.173271
RTM1P48,0.52,0.51,0.53,1000000.0,1000000.0,0,0,0,0,33,2026-02-04 14:55:56.173271
RTM1C49,1.82,1.81,1.83,1000000.0,1000000.0,0,0,0,0,33,2026-02-04 14:55:56.173271
RTM1P49,0.88,0.87,0.89,1000000.0,1000000.0,0,0,0,0,33,2026-02-04 14:55:56.173271
RTM1C50,1.22,1.21,1.23,1000000.0,1000000.0,0,0,0,0,33,2026-02-04 14:55:56.173271
RTM1P50,1.27,1.26,1.28,1000000.0,1000000.0,0,0,0,0,33,2026-02-04 14:55:56.173271
RTM1C51,0.83,0.82,0.84,1000000.0,1000000.0,0,0,0,0,33,2026-02-04 14:55:56.173271
RTM1P51,1.89,1.88,1.9,1000000.0,1000000.0,0,0,0,0,33,2026-02-04 14:55:56.173271
RTM1C52,0.53,0.52,0.54,1000000.0,1000000.0,0,0,0,0,33,2026-02-04 14:55:56.173271
RTM1P52,2.59,2.58,2.6,1000000.0,1000000.0,0,0,0,0,33,2026-02-04 14:55:56.173271
RTM1C53,0.3,0.29,0.31,1000000.0,1000000.0,0,0,0,0,33,2026-02-04 14:55:56.173271
RTM1P53,3.35,3.34,3.36,1000000.0,1000000.0,0,0,0,0,33,2026-02-04 14:55:56.173271
RTM1C54,0.2,0.19,0.21,1000000.0,1000000.0,0,0,0,0,33,2026-02-04 14:55:56.173271
RTM1P54,4.26,4.25,4.27,1000000.0,1000000.0,0,0,0,0,33,2026-02-04 14:55:56.173271
RTM,49.64,49.64,49.66,100000000.0,100000000.0,0,0,0,0,34,2026-02-04 14:55:57.279362
RTM1C45,4.74,4.73,4.75,1000000.0,1000000.0,0,0,0,0,34,2026-02-04 14:55:57.279362
RTM1P45,0.08,0.07,0.09,1000000.0,1000000.0,0,0,0,0,34,2026-02-04 14:55:57.279362
RTM1C46,3.82,3.81,3.83,1000000.0,1000000.0,0,0,0,0,34,2026-02-04 14:55:57.279362
RTM1P46,0.17,0.16,0.18,1000000.0,1000000.0,0,0,0,0,34,2026-02-04 14:55:57.279362
RTM1C47,2.97,2.96,2.98,1000000.0,1000000.0,0,0,0,0,34,2026-02-04 14:55:57.279362
RTM1P47,0.31,0.3,0.32,1000000.0,1000000.0,0,0,0,0,34,2026-02-04 14:55:57.279362
RTM1C48,2.27,2.26,2.28,1000000.0,1000000.0,0,0,0,0,34,2026-02-04 14:55:57.279362
RTM1P48,0.62,0.61,0.63,1000000.0,1000000.0,0,0,0,0,34,2026-02-04 14:55:57.279362
RTM1C49,1.61,1.6,1.62,1000000.0,1000000.0,0,0,0,0,34,2026-02-04 14:55:57.279362
RTM1P49,0.96,0.95,0.97,1000000.0,1000000.0,0,0,0,0,34,2026-02-04 14:55:57.279362
RTM1C50,1.15,1.14,1.16,1000000.0,1000000.0,0,0,0,0,34,2026-02-04 14:55:57.279362
RTM1P50,1.49,1.48,1.5,1000000.0,1000000.0,0,0,0,0,34,2026-02-04 14:55:57.279362
RTM1C51,0.73,0.72,0.74,1000000.0,1000000.0,0,0,0,0,34,2026-02-04 14:55:57.279362
RTM1P51,2.08,2.07,2.09,1000000.0,1000000.0,0,0,0,0,34,2026-02-04 14:55:57.279362
RTM1C52,0.44,0.43,0.45,1000000.0,1000000.0,0,0,0,0,34,2026-02-04 14:55:57.279362
RTM1P52,2.79,2.78,2.8,1000000.0,1000000.0,0,0,0,0,34,2026-02-04 14:55:57.279362
RTM1C53,0.25,0.24,0.26,1000000.0,1000000.0,0,0,0,0,34,2026-02-04 14:55:57.279362
RTM1P53,3.59,3.58,3.6,1000000.0,1000000.0,0,0,0,0,34,2026-02-04 14:55:57.279362
RTM1C54,0.18,0.17,0.19,1000000.0,1000000.0,0,0,0,0,34,2026-02-04 14:55:57.279362
RTM1P54,4.53,4.52,4.54,1000000.0,1000000.0,0,0,0,0,34,2026-02-04 14:55:57.279362
RTM,49.49,49.48,49.5,100000000.0,100000000.0,0,0,0,0,35,2026-02-04 14:55:57.859039
RTM1C45,4.59,4.58,4.6,1000000.0,1000000.0,0,0,0,0,35,2026-02-04 14:55:57.859039
RTM1P45,0.1,0.09,0.11,1000000.0,1000000.0,0,0,0,0,35,2026-02-04 14:55:57.859039
RTM1C46,3.67,3.66,3.68,1000000.0,1000000.0,0,0,0,0,35,2026-02-04 14:55:57.859039
RTM1P46,0.18,0.17,0.19,1000000.0,1000000.0,0,0,0,0,35,2026-02-04 14:55:57.859039
RTM1C47,2.83,2.82,2.84,1000000.0,1000000.0,0,0,0,0,35,2026-02-04 14:55:57.859039
RTM1P47,0.34,0.33,0.35,1000000.0,1000000.0,0,0,0,0,35,2026-02-04 14:55:57.859039
RTM1C48,2.14,2.13,2.15,1000000.0,1000000.0,0,0,0,0,35,2026-02-04 14:55:57.859039
RTM1P48,0.65,0.64,0.66,1000000.0,1000000.0,0,0,0,0,35,2026-02-04 14:55:57.859039
RTM1C49,1.5,1.49,1.51,1000000.0,1000000.0,0,0,0,0,35,2026-02-04 14:55:57.859039
RTM1P49,1.01,1.0,1.02,1000000.0,1000000.0,0,0,0,0,35,2026-02-04 14:55:57.859039
RTM1C50,1.05,1.04,1.06,1000000.0,1000000.0,0,0,0,0,35,2026-02-04 14:55:57.859039
RTM1P50,1.56,1.55,1.57,1000000.0,1000000.0,0,0,0,0,35,2026-02-04 14:55:57.859039
RTM1C51,0.65,0.64,0.66,1000000.0,1000000.0,0,0,0,0,35,2026-02-04 14:55:57.859039
RTM1P51,2.16,2.15,2.17,1000000.0,1000000.0,0,0,0,0,35,2026-02-04 14:55:57.859039
RTM1C52,0.42,0.41,0.43,1000000.0,1000000.0,0,0,0,0,35,2026-02-04 14:55:57.859039
RTM1P52,2.93,2.92,2.94,1000000.0,1000000.0,0,0,0,0,35,2026-02-04 14:55:57.859039
RTM1C53,0.24,0.23,0.25,1000000.0,1000000.0,0,0,0,0,35,2026-02-04 14:55:57.859039
RTM1P53,3.75,3.74,3.76,1000000.0,1000000.0,0,0,0,0,35,2026-02-04 14:55:57.859039
RTM1C54,0.16,0.15,0.17,1000000.0,1000000.0,0,0,0,0,35,2026-02-04 14:55:57.859039
RTM1P54,4.67,4.66,4.68,1000000.0,1000000.0,0,0,0,0,35,2026-02-04 14:55:57.859039
RTM,49.54,49.53,49.55,100000000.0,100000000.0,0,0,0,0,36,2026-02-04 14:55:58.961275,3.0,1.0,35.0,,News 1,The analysts have informed you that the realized volatility of RTM next week will be between 17% and 22%
RTM1C45,4.63,4.62,4.64,1000000.0,1000000.0,0,0,0,0,36,2026-02-04 14:55:58.961275,,,,,,
RTM1P45,0.09,0.08,0.1,1000000.0,1000000.0,0,0,0,0,36,2026-02-04 14:55:58.961275,,,,,,
RTM1C46,3.72,3.71,3.73,1000000.0,1000000.0,0,0,0,0,36,2026-02-04 14:55:58.961275,,,,,,
RTM1P46,0.18,0.17,0.19,1000000.0,1000000.0,0,0,0,0,36,2026-02-04 14:55:58.961275,,,,,,
RTM1C47,2.88,2.87,2.89,1000000.0,1000000.0,0,0,0,0,36,2026-02-04 14:55:58.961275,,,,,,
RTM1P47,0.33,0.32,0.34,1000000.0,1000000.0,0,0,0,0,36,2026-02-04 14:55:58.961275,,,,,,
RTM1C48,2.14,2.13,2.15,1000000.0,1000000.0,0,0,0,0,36,2026-02-04 14:55:58.961275,,,,,,
RTM1P48,0.6,0.59,0.61,1000000.0,1000000.0,0,0,0,0,36,2026-02-04 14:55:58.961275,,,,,,
RTM1C49,1.5,1.49,1.51,1000000.0,1000000.0,0,0,0,0,36,2026-02-04 14:55:58.961275,,,,,,
RTM1P49,0.96,0.95,0.97,1000000.0,1000000.0,0,0,0,0,36,2026-02-04 14:55:58.961275,,,,,,
RTM1C50,1.04,1.03,1.05,1000000.0,1000000.0,0,0,0,0,36,2026-02-04 14:55:58.961275,,,,,,
RTM1P50,1.5,1.49,1.51,1000000.0,1000000.0,0,0,0,0,36,2026-02-04 14:55:58.961275,,,,,,
RTM1C51,0.63,0.62,0.64,1000000.0,1000000.0,0,0,0,0,36,2026-02-04 14:55:58.961275,,,,,,
RTM1P51,2.09,2.08,2.1,1000000.0,1000000.0,0,0,0,0,36,2026-02-04 14:55:58.961275,,,,,,
RTM1C52,0.37,0.36,0.38,1000000.0,1000000.0,0,0,0,0,36,2026-02-04 14:55:58.961275,,,,,,
RTM1P52,2.83,2.82,2.84,1000000.0,1000000.0,0,0,0,0,36,2026-02-04 14:55:58.961275,,,,,,
RTM1C53,0.26,0.25,0.27,1000000.0,1000000.0,0,0,0,0,36,2026-02-04 14:55:58.961275,,,,,,
RTM1P53,3.72,3.71,3.73,1000000.0,1000000.0,0,0,0,0,36,2026-02-04 14:55:58.961275,,,,,,
RTM1C54,0.15,0.14,0.16,1000000.0,1000000.0,0,0,0,0,36,2026-02-04 14:55:58.961275,,,,,,
RTM1P54,4.61,4.6,4.62,1000000.0,1000000.0,0,0,0,0,36,2026-02-04 14:55:58.961275,,,,,,
RTM,49.62,49.61,49.63,100000000.0,100000000.0,0,0,0,0,37,2026-02-04 14:56:00.066040
RTM1C45,4.7,4.69,4.71,1000000.0,1000000.0,0,0,0,0,37,2026-02-04 14:56:00.066040
RTM1P45,0.08,0.07,0.09,1000000.0,1000000.0,0,0,0,0,37,2026-02-04 14:56:00.066040
RTM1C46,3.77,3.76,3.78,1000000.0,1000000.0,0,0,0,0,37,2026-02-04 14:56:00.066040
RTM1P46,0.16,0.15,0.17,1000000.0,1000000.0,0,0,0,0,37,2026-02-04 14:56:00.066040
RTM1C47,2.94,2.93,2.95,1000000.0,1000000.0,0,0,0,0,37,2026-02-04 14:56:00.066040
RTM1P47,0.32,0.31,0.33,1000000.0,1000000.0,0,0,0,0,37,2026-02-04 14:56:00.066040
RTM1C48,2.22,2.21,2.23,1000000.0,1000000.0,0,0,0,0,37,2026-02-04 14:56:00.066040
RTM1P48,0.6,0.59,0.61,1000000.0,1000000.0,0,0,0,0,37,2026-02-04 14:56:00.066040
RTM1C49,1.55,1.54,1.56,1000000.0,1000000.0,0,0,0,0,37,2026-02-04 14:56:00.066040
RTM1P49,0.94,0.93,0.95,1000000.0,1000000.0,0,0,0,0,37,2026-02-04 14:56:00.066040
RTM1C50,1.09,1.08,1.1,1000000.0,1000000.0,0,0,0,0,37,2026-02-04 14:56:00.066040
RTM1P50,1.47,1.46,1.48,1000000.0,1000000.0,0,0,0,0,37,2026-02-04 14:56:00.066040
RTM1C51,0.68,0.67,0.69,1000000.0,1000000.0,0,0,0,0,37,2026-02-04 14:56:00.066040
RTM1P51,2.06,2.05,2.07,1000000.0,1000000.0,0,0,0,0,37,2026-02-04 14:56:00.066040
RTM1C52,0.39,0.38,0.4,1000000.0,1000000.0,0,0,0,0,37,2026-02-04 14:56:00.066040
RTM1P52,2.78,2.77,2.79,1000000.0,1000000.0,0,0,0,0,37,2026-02-04 14:56:00.066040
RTM1C53,0.26,0.25,0.27,1000000.0,1000000.0,0,0,0,0,37,2026-02-04 14:56:00.066040
RTM1P53,3.64,3.63,3.65,1000000.0,1000000.0,0,0,0,0,37,2026-02-04 14:56:00.066040
RTM1C54,0.15,0.14,0.16,1000000.0,1000000.0,0,0,0,0,37,2026-02-04 14:56:00.066040
RTM1P54,4.54,4.53,4.55,1000000.0,1000000.0,0,0,0,0,37,2026-02-04 14:56:00.066040
RTM,49.88,49.87,49.89,100000000.0,100000000.0,0,0,0,0,38,2026-02-04 14:56:01.129130
RTM1C45,4.95,4.94,4.96,1000000.0,1000000.0,0,0,0,0,38,2026-02-04 14:56:01.129130
RTM1P45,0.06,0.05,0.07,1000000.0,1000000.0,0,0,0,0,38,2026-02-04 14:56:01.129130
RTM1C46,4.02,4.01,4.03,1000000.0,1000000.0,0,0,0,0,38,2026-02-04 14:56:01.129130
RTM1P46,0.14,0.13,0.15,1000000.0,1000000.0,0,0,0,0,38,2026-02-04 14:56:01.129130
RTM1C47,3.14,3.13,3.15,1000000.0,1000000.0,0,0,0,0,38,2026-02-04 14:56:01.129130
RTM1P47,0.26,0.25,0.27,1000000.0,1000000.0,0,0,0,0,38,2026-02-04 14:56:01.129130
RTM1C48,2.36,2.35,2.37,1000000.0,1000000.0,0,0,0,0,38,2026-02-04 14:56:01.129130
RTM1P48,0.48,0.47,0.49,1000000.0,1000000.0,0,0,0,0,38,2026-02-04 14:56:01.129130
RTM1C49,1.69,1.68,1.7,1000000.0,1000000.0,0,0,0,0,38,2026-02-04 14:56:01.129130
RTM1P49,0.8,0.79,0.81,1000000.0,1000000.0,0,0,0,0,38,2026-02-04 14:56:01.129130
RTM1C50,1.18,1.17,1.19,1000000.0,1000000.0,0,0,0,0,38,2026-02-04 14:56:01.129130
RTM1P50,1.3,1.29,1.31,1000000.0,1000000.0,0,0,0,0,38,2026-02-04 14:56:01.129130
RTM1C51,0.78,0.77,0.79,1000000.0,1000000.0,0,0,0,0,38,2026-02-04 14:56:01.129130
RTM1P51,1.89,1.88,1.9,1000000.0,1000000.0,0,0,0,0,38,2026-02-04 14:56:01.129130
RTM1C52,0.47,0.46,0.48,1000000.0,1000000.0,0,0,0,0,38,2026-02-04 14:56:01.129130
RTM1P52,2.59,2.58,2.6,1000000.0,1000000.0,0,0,0,0,38,2026-02-04 14:56:01.129130
RTM1C53,0.26,0.25,0.27,1000000.0,1000000.0,0,0,0,0,38,2026-02-04 14:56:01.129130
RTM1P53,3.38,3.37,3.39,1000000.0,1000000.0,0,0,0,0,38,2026-02-04 14:56:01.129130
RTM1C54,0.18,0.17,0.19,1000000.0,1000000.0,0,0,0,0,38,2026-02-04 14:56:01.129130
RTM1P54,4.3,4.29,4.31,1000000.0,1000000.0,0,0,0,0,38,2026-02-04 14:56:01.129130
RTM,49.79,49.78,49.8,100000000.0,100000000.0,0,0,0,0,39,2026-02-04 14:56:02.183782
RTM1C45,4.85,4.84,4.86,1000000.0,1000000.0,0,0,0,0,39,2026-02-04 14:56:02.183782
RTM1P45,0.06,0.05,0.07,1000000.0,1000000.0,0,0,0,0,39,2026-02-04 14:56:02.183782
RTM1C46,3.93,3.92,3.94,1000000.0,1000000.0,0,0,0,0,39,2026-02-04 14:56:02.183782
RTM1P46,0.13,0.12,0.14,1000000.0,1000000.0,0,0,0,0,39,2026-02-04 14:56:02.183782
RTM1C47,3.1,3.09,3.11,1000000.0,1000000.0,0,0,0,0,39,2026-02-04 14:56:02.183782
RTM1P47,0.3,0.29,0.31,1000000.0,1000000.0,0,0,0,0,39,2026-02-04 14:56:02.183782
RTM1C48,2.32,2.31,2.33,1000000.0,1000000.0,0,0,0,0,39,2026-02-04 14:56:02.183782
RTM1P48,0.52,0.51,0.53,1000000.0,1000000.0,0,0,0,0,39,2026-02-04 14:56:02.183782
RTM1C49,1.66,1.65,1.67,1000000.0,1000000.0,0,0,0,0,39,2026-02-04 14:56:02.183782
RTM1P49,0.87,0.86,0.88,1000000.0,1000000.0,0,0,0,0,39,2026-02-04 14:56:02.183782
RTM1C50,1.1,1.09,1.11,1000000.0,1000000.0,0,0,0,0,39,2026-02-04 14:56:02.183782
RTM1P50,1.31,1.3,1.32,1000000.0,1000000.0,0,0,0,0,39,2026-02-04 14:56:02.183782
RTM1C51,0.71,0.7,0.72,1000000.0,1000000.0,0,0,0,0,39,2026-02-04 14:56:02.183782
RTM1P51,1.92,1.91,1.93,1000000.0,1000000.0,0,0,0,0,39,2026-02-04 14:56:02.183782
RTM1C52,0.45,0.44,0.46,1000000.0,1000000.0,0,0,0,0,39,2026-02-04 14:56:02.183782
RTM1P52,2.66,2.65,2.67,1000000.0,1000000.0,0,0,0,0,39,2026-02-04 14:56:02.183782
RTM1C53,0.25,0.24,0.26,1000000.0,1000000.0,0,0,0,0,39,2026-02-04 14:56:02.183782
RTM1P53,3.46,3.45,3.47,1000000.0,1000000.0,0,0,0,0,39,2026-02-04 14:56:02.183782
RTM1C54,0.14,0.13,0.15,1000000.0,1000000.0,0,0,0,0,39,2026-02-04 14:56:02.183782
RTM1P54,4.34,4.33,4.35,1000000.0,1000000.0,0,0,0,0,39,2026-02-04 14:56:02.183782
RTM,49.54,49.54,49.56,100000000.0,100000000.0,0,0,0,0,40,2026-02-04 14:56:03.256261
RTM1C45,4.62,4.61,4.63,1000000.0,1000000.0,0,0,0,0,40,2026-02-04 14:56:03.256261
RTM1P45,0.07,0.06,0.08,1000000.0,1000000.0,0,0,0,0,40,2026-02-04 14:56:03.256261
RTM1C46,3.71,3.7,3.72,1000000.0,1000000.0,0,0,0,0,40,2026-02-04 14:56:03.256261
RTM1P46,0.16,0.15,0.17,1000000.0,1000000.0,0,0,0,0,40,2026-02-04 14:56:03.256261
RTM1C47,2.88,2.87,2.89,1000000.0,1000000.0,0,0,0,0,40,2026-02-04 14:56:03.256261
RTM1P47,0.33,0.32,0.34,1000000.0,1000000.0,0,0,0,0,40,2026-02-04 14:56:03.256261
RTM1C48,2.1,2.09,2.11,1000000.0,1000000.0,0,0,0,0,40,2026-02-04 14:56:03.256261
RTM1P48,0.55,0.54,0.56,1000000.0,1000000.0,0,0,0,0,40,2026-02-04 14:56:03.256261
RTM1C49,1.49,1.48,1.5,1000000.0,1000000.0,0,0,0,0,40,2026-02-04 14:56:03.256261
RTM1P49,0.94,0.93,0.95,1000000.0,1000000.0,0,0,0,0,40,2026-02-04 14:56:03.256261
RTM1C50,1.03,1.02,1.04,1000000.0,1000000.0,0,0,0,0,40,2026-02-04 14:56:03.256261
RTM1P50,1.48,1.47,1.49,1000000.0,1000000.0,0,0,0,0,40,2026-02-04 14:56:03.256261
RTM1C51,0.63,0.62,0.64,1000000.0,1000000.0,0,0,0,0,40,2026-02-04 14:56:03.256261
RTM1P51,2.08,2.07,2.09,1000000.0,1000000.0,0,0,0,0,40,2026-02-04 14:56:03.256261
RTM1C52,0.37,0.36,0.38,1000000.0,1000000.0,0,0,0,0,40,2026-02-04 14:56:03.256261
RTM1P52,2.82,2.81,2.83,1000000.0,1000000.0,0,0,0,0,40,2026-02-04 14:56:03.256261
RTM1C53,0.23,0.22,0.24,1000000.0,1000000.0,0,0,0,0,40,2026-02-04 14:56:03.256261
RTM1P53,3.68,3.67,3.69,1000000.0,1000000.0,0,0,0,0,40,2026-02-04 14:56:03.256261
RTM1C54,0.11,0.1,0.12,1000000.0,1000000.0,0,0,0,0,40,2026-02-04 14:56:03.256261
RTM1P54,4.56,4.55,4.57,1000000.0,1000000.0,0,0,0,0,40,2026-02-04 14:56:03.256261
RTM,49.2,49.19,49.21,100000000.0,100000000.0,0,0,0,0,41,2026-02-04 14:56:04.318004
RTM1C45,4.3,4.29,4.31,1000000.0,1000000.0,0,0,0,0,41,2026-02-04 14:56:04.318004
RTM1P45,0.1,0.09,0.11,1000000.0,1000000.0,0,0,0,0,41,2026-02-04 14:56:04.318004
RTM1C46,3.39,3.38,3.4,1000000.0,1000000.0,0,0,0,0,41,2026-02-04 14:56:04.318004
RTM1P46,0.19,0.18,0.2,1000000.0,1000000.0,0,0,0,0,41,2026-02-04 14:56:04.318004
RTM1C47,2.57,2.56,2.58,1000000.0,1000000.0,0,0,0,0,41,2026-02-04 14:56:04.318004
RTM1P47,0.37,0.36,0.38,1000000.0,1000000.0,0,0,0,0,41,2026-02-04 14:56:04.318004
RTM1C48,1.88,1.87,1.89,1000000.0,1000000.0,0,0,0,0,41,2026-02-04 14:56:04.318004
RTM1P48,0.67,0.66,0.68,1000000.0,1000000.0,0,0,0,0,41,2026-02-04 14:56:04.318004
RTM1C49,1.3,1.29,1.31,1000000.0,1000000.0,0,0,0,0,41,2026-02-04 14:56:04.318004
RTM1P49,1.09,1.08,1.1,1000000.0,1000000.0,0,0,0,0,41,2026-02-04 14:56:04.318004
RTM1C50,0.83,0.82,0.84,1000000.0,1000000.0,0,0,0,0,41,2026-02-04 14:56:04.318004
RTM1P50,1.62,1.61,1.63,1000000.0,1000000.0,0,0,0,0,41,2026-02-04 14:56:04.318004
RTM1C51,0.5,0.49,0.51,1000000.0,1000000.0,0,0,0,0,41,2026-02-04 14:56:04.318004
RTM1P51,2.29,2.28,2.3,1000000.0,1000000.0,0,0,0,0,41,2026-02-04 14:56:04.318004
RTM1C52,0.3,0.29,0.31,1000000.0,1000000.0,0,0,0,0,41,2026-02-04 14:56:04.318004
RTM1P52,3.09,3.08,3.1,1000000.0,1000000.0,0,0,0,0,41,2026-02-04 14:56:04.318004
RTM1C53,0.15,0.14,0.16,1000000.0,1000000.0,0,0,0,0,41,2026-02-04 14:56:04.318004
RTM1P53,3.95,3.94,3.96,1000000.0,1000000.0,0,0,0,0,41,2026-02-04 14:56:04.318004
RTM1C54,0.09,0.08,0.1,1000000.0,1000000.0,0,0,0,0,41,2026-02-04 14:56:04.318004
RTM1P54,4.88,4.87,4.89,1000000.0,1000000.0,0,0,0,0,41,2026-02-04 14:56:04.318004
RTM,49.11,49.1,49.12,100000000.0,100000000.0,0,0,0,0,42,2026-02-04 14:56:05.369868
RTM1C45,4.21,4.2,4.22,1000000.0,1000000.0,0,0,0,0,42,2026-02-04 14:56:05.369868
RTM1P45,0.1,0.09,0.11,1000000.0,1000000.0,0,0,0,0,42,2026-02-04 14:56:05.369868
RTM1C46,3.32,3.31,3.33,1000000.0,1000000.0,0,0,0,0,42,2026-02-04 14:56:05.369868
RTM1P46,0.21,0.2,0.22,1000000.0,1000000.0,0,0,0,0,42,2026-02-04 14:56:05.369868
RTM1C47,2.52,2.51,2.53,1000000.0,1000000.0,0,0,0,0,42,2026-02-04 14:56:05.369868
RTM1P47,0.41,0.4,0.42,1000000.0,1000000.0,0,0,0,0,42,2026-02-04 14:56:05.369868
RTM1C48,1.79,1.78,1.8,1000000.0,1000000.0,0,0,0,0,42,2026-02-04 14:56:05.369868
RTM1P48,0.68,0.67,0.69,1000000.0,1000000.0,0,0,0,0,42,2026-02-04 14:56:05.369868
RTM1C49,1.23,1.22,1.24,1000000.0,1000000.0,0,0,0,0,42,2026-02-04 14:56:05.369868
RTM1P49,1.12,1.11,1.13,1000000.0,1000000.0,0,0,0,0,42,2026-02-04 14:56:05.369868
RTM1C50,0.8,0.79,0.81,1000000.0,1000000.0,0,0,0,0,42,2026-02-04 14:56:05.369868
RTM1P50,1.69,1.68,1.7,1000000.0,1000000.0,0,0,0,0,42,2026-02-04 14:56:05.369868
RTM1C51,0.49,0.48,0.5,1000000.0,1000000.0,0,0,0,0,42,2026-02-04 14:56:05.369868
RTM1P51,2.37,2.36,2.38,1000000.0,1000000.0,0,0,0,0,42,2026-02-04 14:56:05.369868
RTM1C52,0.28,0.27,0.29,1000000.0,1000000.0,0,0,0,0,42,2026-02-04 14:56:05.369868
RTM1P52,3.17,3.16,3.18,1000000.0,1000000.0,0,0,0,0,42,2026-02-04 14:56:05.369868
RTM1C53,0.16,0.15,0.17,1000000.0,1000000.0,0,0,0,0,42,2026-02-04 14:56:05.369868
RTM1P53,4.05,4.04,4.06,1000000.0,1000000.0,0,0,0,0,42,2026-02-04 14:56:05.369868
RTM1C54,0.09,0.08,0.1,1000000.0,1000000.0,0,0,0,0,42,2026-02-04 14:56:05.369868
RTM1P54,4.98,4.97,4.99,1000000.0,1000000.0,0,0,0,0,42,2026-02-04 14:56:05.369868
RTM,49.25,49.24,49.26,100000000.0,100000000.0,0,0,0,0,43,2026-02-04 14:56:05.945189
RTM1C45,4.33,4.32,4.34,1000000.0,1000000.0,0,0,0,0,43,2026-02-04 14:56:05.945189
RTM1P45,0.08,0.07,0.09,1000000.0,1000000.0,0,0,0,0,43,2026-02-04 14:56:05.945189
RTM1C46,3.44,3.43,3.45,1000000.0,1000000.0,0,0,0,0,43,2026-02-04 14:56:05.945189
RTM1P46,0.19,0.18,0.2,1000000.0,1000000.0,0,0,0,0,43,2026-02-04 14:56:05.945189
RTM1C47,2.61,2.6,2.62,1000000.0,1000000.0,0,0,0,0,43,2026-02-04 14:56:05.945189
RTM1P47,0.36,0.35,0.37,1000000.0,1000000.0,0,0,0,0,43,2026-02-04 14:56:05.945189
RTM1C48,1.92,1.91,1.93,1000000.0,1000000.0,0,0,0,0,43,2026-02-04 14:56:05.945189
RTM1P48,0.67,0.66,0.68,1000000.0,1000000.0,0,0,0,0,43,2026-02-04 14:56:05.945189
RTM1C49,1.29,1.28,1.3,1000000.0,1000000.0,0,0,0,0,43,2026-02-04 14:56:05.945189
RTM1P49,1.04,1.03,1.05,1000000.0,1000000.0,0,0,0,0,43,2026-02-04 14:56:05.945189
RTM1C50,0.86,0.85,0.87,1000000.0,1000000.0,0,0,0,0,43,2026-02-04 14:56:05.945189
RTM1P50,1.61,1.6,1.62,1000000.0,1000000.0,0,0,0,0,43,2026-02-04 14:56:05.945189
RTM1C51,0.54,0.53,0.55,1000000.0,1000000.0,0,0,0,0,43,2026-02-04 14:56:05.945189
RTM1P51,2.28,2.27,2.29,1000000.0,1000000.0,0,0,0,0,43,2026-02-04 14:56:05.945189
RTM1C52,0.3,0.29,0.31,1000000.0,1000000.0,0,0,0,0,43,2026-02-04 14:56:05.945189
RTM1P52,3.04,3.03,3.05,1000000.0,1000000.0,0,0,0,0,43,2026-02-04 14:56:05.945189
RTM1C53,0.17,0.16,0.18,1000000.0,1000000.0,0,0,0,0,43,2026-02-04 14:56:05.945189
RTM1P53,3.91,3.9,3.92,1000000.0,1000000.0,0,0,0,0,43,2026-02-04 14:56:05.945189
RTM1C54,0.08,0.07,0.09,1000000.0,1000000.0,0,0,0,0,43,2026-02-04 14:56:05.945189
RTM1P54,4.83,4.82,4.84,1000000.0,1000000.0,0,0,0,0,43,2026-02-04 14:56:05.945189
RTM,49.5,49.49,49.51,100000000.0,100000000.0,0,0,0,0,44,2026-02-04 14:56:07.022075
RTM1C45,4.57,4.56,4.58,1000000.0,1000000.0,0,0,0,0,44,2026-02-04 14:56:07.022075
RTM1P45,0.07,0.06,0.08,1000000.0,1000000.0,0,0,0,0,44,2026-02-04 14:56:07.022075
RTM1C46,3.66,3.65,3.67,1000000.0,1000000.0,0,0,0,0,44,2026-02-04 14:56:07.022075
RTM1P46,0.16,0.15,0.17,1000000.0,1000000.0,0,0,0,0,44,2026-02-04 14:56:07.022075
RTM1C47,2.8,2.79,2.81,1000000.0,1000000.0,0,0,0,0,44,2026-02-04 14:56:07.022075
RTM1P47,0.3,0.29,0.31,1000000.0,1000000.0,0,0,0,0,44,2026-02-04 14:56:07.022075
RTM1C48,2.11,2.1,2.12,1000000.0,1000000.0,0,0,0,0,44,2026-02-04 14:56:07.022075
RTM1P48,0.61,0.6,0.62,1000000.0,1000000.0,0,0,0,0,44,2026-02-04 14:56:07.022075
RTM1C49,1.42,1.41,1.43,1000000.0,1000000.0,0,0,0,0,44,2026-02-04 14:56:07.022075
RTM1P49,0.92,0.91,0.93,1000000.0,1000000.0,0,0,0,0,44,2026-02-04 14:56:07.022075
RTM1C50,0.95,0.94,0.96,1000000.0,1000000.0,0,0,0,0,44,2026-02-04 14:56:07.022075
RTM1P50,1.45,1.44,1.46,1000000.0,1000000.0,0,0,0,0,44,2026-02-04 14:56:07.022075
RTM1C51,0.59,0.58,0.6,1000000.0,1000000.0,0,0,0,0,44,2026-02-04 14:56:07.022075
RTM1P51,2.08,2.07,2.09,1000000.0,1000000.0,0,0,0,0,44,2026-02-04 14:56:07.022075
RTM1C52,0.35,0.34,0.36,1000000.0,1000000.0,0,0,0,0,44,2026-02-04 14:56:07.022075
RTM1P52,2.84,2.83,2.85,1000000.0,1000000.0,0,0,0,0,44,2026-02-04 14:56:07.022075
RTM1C53,0.2,0.19,0.21,1000000.0,1000000.0,0,0,0,0,44,2026-02-04 14:56:07.022075
RTM1P53,3.7,3.69,3.71,1000000.0,1000000.0,0,0,0,0,44,2026-02-04 14:56:07.022075
RTM1C54,0.09,0.08,0.1,1000000.0,1000000.0,0,0,0,0,44,2026-02-04 14:56:07.022075
RTM1P54,4.59,4.58,4.6,1000000.0,1000000.0,0,0,0,0,44,2026-02-04 14:56:07.022075
RTM,49.59,49.58,49.6,100000000.0,100000000.0,0,0,0,0,45,2026-02-04 14:56:08.099527
RTM1C45,4.65,4.64,4.66,1000000.0,1000000.0,0,0,0,0,45,2026-02-04 14:56:08.099527
RTM1P45,0.06,0.05,0.07,1000000.0,1000000.0,0,0,0,0,45,2026-02-04 14:56:08.099527
RTM1C46,3.72,3.71,3.73,1000000.0,1000000.0,0,0,0,0,45,2026-02-04 14:56:08.099527
RTM1P46,0.13,0.12,0.14,1000000.0,1000000.0,0,0,0,0,45,2026-02-04 14:56:08.099527
RTM1C47,2.87,2.86,2.88,1000000.0,1000000.0,0,0,0,0,45,2026-02-04 14:56:08.099527
RTM1P47,0.28,0.27,0.29,1000000.0,1000000.0,0,0,0,0,45,2026-02-04 14:56:08.099527
RTM1C48,2.14,2.13,2.15,1000000.0,1000000.0,0,0,0,0,45,2026-02-04 14:56:08.099527
RTM1P48,0.55,0.54,0.56,1000000.0,1000000.0,0,0,0,0,45,2026-02-04 14:56:08.099527
RTM1C49,1.48,1.47,1.49,1000000.0,1000000.0,0,0,0,0,45,2026-02-04 14:56:08.099527
RTM1P49,0.89,0.88,0.9,1000000.0,1000000.0,0,0,0,0,45,2026-02-04 14:56:08.099527
RTM1C50,0.97,0.96,0.98,1000000.0,1000000.0,0,0,0,0,45,2026-02-04 14:56:08.099527
RTM1P50,1.38,1.37,1.39,1000000.0,1000000.0,0,0,0,0,45,2026-02-04 14:56:08.099527
RTM1C51,0.6,0.59,0.61,1000000.0,1000000.0,0,0,0,0,45,2026-02-04 14:56:08.099527
RTM1P51,2.01,2.0,2.02,1000000.0,1000000.0,0,0,0,0,45,2026-02-04 14:56:08.099527
RTM1C52,0.35,0.34,0.36,1000000.0,1000000.0,0,0,0,0,45,2026-02-04 14:56:08.099527
RTM1P52,2.76,2.75,2.77,1000000.0,1000000.0,0,0,0,0,45,2026-02-04 14:56:08.099527
RTM1C53,0.2,0.19,0.21,1000000.0,1000000.0,0,0,0,0,45,2026-02-04 14:56:08.099527
RTM1P53,3.61,3.6,3.62,1000000.0,1000000.0,0,0,0,0,45,2026-02-04 14:56:08.099527
RTM1C54,0.11,0.1,0.12,1000000.0,1000000.0,0,0,0,0,45,2026-02-04 14:56:08.099527
RTM1P54,4.52,4.51,4.53,1000000.0,1000000.0,0,0,0,0,45,2026-02-04 14:56:08.099527
RTM,49.7,49.69,49.71,100000000.0,100000000.0,0,0,0,0,46,2026-02-04 14:56:09.172121
RTM1C45,4.76,4.75,4.77,1000000.0,1000000.0,0,0,0,0,46,2026-02-04 14:56:09.172121
RTM1P45,0.06,0.05,0.07,1000000.0,1000000.0,0,0,0,0,46,2026-02-04 14:56:09.172121
RTM1C46,3.82,3.81,3.83,1000000.0,1000000.0,0,0,0,0,46,2026-02-04 14:56:09.172121
RTM1P46,0.12,0.11,0.13,1000000.0,1000000.0,0,0,0,0,46,2026-02-04 14:56:09.172121
RTM1C47,2.95,2.94,2.96,1000000.0,1000000.0,0,0,0,0,46,2026-02-04 14:56:09.172121
RTM1P47,0.25,0.24,0.26,1000000.0,1000000.0,0,0,0,0,46,2026-02-04 14:56:09.172121
RTM1C48,2.23,2.22,2.24,1000000.0,1000000.0,0,0,0,0,46,2026-02-04 14:56:09.172121
RTM1P48,0.53,0.52,0.54,1000000.0,1000000.0,0,0,0,0,46,2026-02-04 14:56:09.172121
RTM1C49,1.56,1.55,1.57,1000000.0,1000000.0,0,0,0,0,46,2026-02-04 14:56:09.172121
RTM1P49,0.86,0.85,0.87,1000000.0,1000000.0,0,0,0,0,46,2026-02-04 14:56:09.172121
RTM1C50,1.01,1.0,1.02,1000000.0,1000000.0,0,0,0,0,46,2026-02-04 14:56:09.172121
RTM1P50,1.31,1.3,1.32,1000000.0,1000000.0,0,0,0,0,46,2026-02-04 14:56:09.172121
RTM1C51,0.65,0.64,0.66,1000000.0,1000000.0,0,0,0,0,46,2026-02-04 14:56:09.172121
RTM1P51,1.95,1.94,1.96,1000000.0,1000000.0,0,0,0,0,46,2026-02-04 14:56:09.172121
RTM1C52,0.37,0.36,0.38,1000000.0,1000000.0,0,0,0,0,46,2026-02-04 14:56:09.172121
RTM1P52,2.67,2.66,2.68,1000000.0,1000000.0,0,0,0,0,46,2026-02-04 14:56:09.172121
RTM1C53,0.21,0.2,0.22,1000000.0,1000000.0,0,0,0,0,46,2026-02-04 14:56:09.172121
RTM1P53,3.51,3.5,3.52,1000000.0,1000000.0,0,0,0,0,46,2026-02-04 14:56:09.172121
RTM1C54,0.11,0.1,0.12,1000000.0,1000000.0,0,0,0,0,46,2026-02-04 14:56:09.172121
RTM1P54,4.41,4.4,4.42,1000000.0,1000000.0,0,0,0,0,46,2026-02-04 14:56:09.172121
RTM,49.41,49.4,49.42,100000000.0,100000000.0,0,0,0,0,47,2026-02-04 14:56:10.255852
RTM1C45,4.47,4.46,4.48,1000000.0,1000000.0,0,0,0,0,47,2026-02-04 14:56:10.255852
RTM1P45,0.06,0.05,0.07,1000000.0,1000000.0,0,0,0,0,47,2026-02-04 14:56:10.255852
RTM1C46,3.55,3.54,3.56,1000000.0,1000000.0,0,0,0,0,47,2026-02-04 14:56:10.255852
RTM1P46,0.15,0.14,0.16,1000000.0,1000000.0,0,0,0,0,47,2026-02-04 14:56:10.255852
RTM1C47,2.71,2.7,2.72,1000000.0,1000000.0,0,0,0,0,47,2026-02-04 14:56:10.255852
RTM1P47,0.3,0.29,0.31,1000000.0,1000000.0,0,0,0,0,47,2026-02-04 14:56:10.255852
RTM1C48,2.0,1.99,2.01,1000000.0,1000000.0,0,0,0,0,47,2026-02-04 14:56:10.255852
RTM1P48,0.6,0.59,0.61,1000000.0,1000000.0,0,0,0,0,47,2026-02-04 14:56:10.255852
RTM1C49,1.37,1.36,1.38,1000000.0,1000000.0,0,0,0,0,47,2026-02-04 14:56:10.255852
RTM1P49,0.96,0.95,0.97,1000000.0,1000000.0,0,0,0,0,47,2026-02-04 14:56:10.255852
RTM1C50,0.88,0.87,0.89,1000000.0,1000000.0,0,0,0,0,47,2026-02-04 14:56:10.255852
RTM1P50,1.47,1.46,1.48,1000000.0,1000000.0,0,0,0,0,47,2026-02-04 14:56:10.255852
RTM1C51,0.53,0.52,0.54,1000000.0,1000000.0,0,0,0,0,47,2026-02-04 14:56:10.255852
RTM1P51,2.12,2.11,2.13,1000000.0,1000000.0,0,0,0,0,47,2026-02-04 14:56:10.255852
RTM1C52,0.32,0.31,0.33,1000000.0,1000000.0,0,0,0,0,47,2026-02-04 14:56:10.255852
RTM1P52,2.91,2.9,2.92,1000000.0,1000000.0,0,0,0,0,47,2026-02-04 14:56:10.255852
RTM1C53,0.17,0.16,0.18,1000000.0,1000000.0,0,0,0,0,47,2026-02-04 14:56:10.255852
RTM1P53,3.76,3.75,3.77,1000000.0,1000000.0,0,0,0,0,47,2026-02-04 14:56:10.255852
RTM1C54,0.08,0.07,0.09,1000000.0,1000000.0,0,0,0,0,47,2026-02-04 14:56:10.255852
RTM1P54,4.67,4.66,4.68,1000000.0,1000000.0,0,0,0,0,47,2026-02-04 14:56:10.255852
RTM,49.45,49.44,49.46,100000000.0,100000000.0,0,0,0,0,48,2026-02-04 14:56:11.318964
RTM1C45,4.51,4.5,4.52,1000000.0,1000000.0,0,0,0,0,48,2026-02-04 14:56:11.318964
RTM1P45,0.06,0.05,0.07,1000000.0,1000000.0,0,0,0,0,48,2026-02-04 14:56:11.318964
RTM1C46,3.59,3.58,3.6,1000000.0,1000000.0,0,0,0,0,48,2026-02-04 14:56:11.318964
RTM1P46,0.14,0.13,0.15,1000000.0,1000000.0,0,0,0,0,48,2026-02-04 14:56:11.318964
RTM1C47,2.75,2.74,2.76,1000000.0,1000000.0,0,0,0,0,48,2026-02-04 14:56:11.318964
RTM1P47,0.3,0.29,0.31,1000000.0,1000000.0,0,0,0,0,48,2026-02-04 14:56:11.318964
RTM1C48,2.01,2.0,2.02,1000000.0,1000000.0,0,0,0,0,48,2026-02-04 14:56:11.318964
RTM1P48,0.56,0.55,0.57,1000000.0,1000000.0,0,0,0,0,48,2026-02-04 14:56:11.318964
RTM1C49,1.39,1.38,1.4,1000000.0,1000000.0,0,0,0,0,48,2026-02-04 14:56:11.318964
RTM1P49,0.94,0.93,0.95,1000000.0,1000000.0,0,0,0,0,48,2026-02-04 14:56:11.318964
RTM1C50,0.89,0.88,0.9,1000000.0,1000000.0,0,0,0,0,48,2026-02-04 14:56:11.318964
RTM1P50,1.44,1.43,1.45,1000000.0,1000000.0,0,0,0,0,48,2026-02-04 14:56:11.318964
RTM1C51,0.55,0.54,0.56,1000000.0,1000000.0,0,0,0,0,48,2026-02-04 14:56:11.318964
RTM1P51,2.1,2.09,2.11,1000000.0,1000000.0,0,0,0,0,48,2026-02-04 14:56:11.318964
RTM1C52,0.31,0.3,0.32,1000000.0,1000000.0,0,0,0,0,48,2026-02-04 14:56:11.318964
RTM1P52,2.86,2.85,2.87,1000000.0,1000000.0,0,0,0,0,48,2026-02-04 14:56:11.318964
RTM1C53,0.17,0.16,0.18,1000000.0,1000000.0,0,0,0,0,48,2026-02-04 14:56:11.318964
RTM1P53,3.72,3.71,3.73,1000000.0,1000000.0,0,0,0,0,48,2026-02-04 14:56:11.318964
RTM1C54,0.08,0.07,0.09,1000000.0,1000000.0,0,0,0,0,48,2026-02-04 14:56:11.318964
RTM1P54,4.63,4.62,4.64,1000000.0,1000000.0,0,0,0,0,48,2026-02-04 14:56:11.318964
RTM,49.64,49.62,49.64,100000000.0,100000000.0,0,0,0,0,49,2026-02-04 14:56:12.405158
RTM1C45,4.67,4.66,4.68,1000000.0,1000000.0,0,0,0,0,49,2026-02-04 14:56:12.405158
RTM1P45,0.05,0.04,0.06,1000000.0,1000000.0,0,0,0,0,49,2026-02-04 14:56:12.405158
RTM1C46,3.75,3.74,3.76,1000000.0,1000000.0,0,0,0,0,49,2026-02-04 14:56:12.405158
RTM1P46,0.12,0.11,0.13,1000000.0,1000000.0,0,0,0,0,49,2026-02-04 14:56:12.405158
RTM1C47,2.88,2.87,2.89,1000000.0,1000000.0,0,0,0,0,49,2026-02-04 14:56:12.405158
RTM1P47,0.26,0.25,0.27,1000000.0,1000000.0,0,0,0,0,49,2026-02-04 14:56:12.405158
RTM1C48,2.13,2.12,2.14,1000000.0,1000000.0,0,0,0,0,49,2026-02-04 14:56:12.405158
RTM1P48,0.5,0.49,0.51,1000000.0,1000000.0,0,0,0,0,49,2026-02-04 14:56:12.405158
RTM1C49,1.48,1.47,1.49,1000000.0,1000000.0,0,0,0,0,49,2026-02-04 14:56:12.405158
RTM1P49,0.86,0.85,0.87,1000000.0,1000000.0,0,0,0,0,49,2026-02-04 14:56:12.405158
RTM1C50,0.96,0.95,0.97,1000000.0,1000000.0,0,0,0,0,49,2026-02-04 14:56:12.405158
RTM1P50,1.34,1.33,1.35,1000000.0,1000000.0,0,0,0,0,49,2026-02-04 14:56:12.405158
RTM1C51,0.6,0.59,0.61,1000000.0,1000000.0,0,0,0,0,49,2026-02-04 14:56:12.405158
RTM1P51,1.97,1.96,1.98,1000000.0,1000000.0,0,0,0,0,49,2026-02-04 14:56:12.405158
RTM1C52,0.35,0.34,0.36,1000000.0,1000000.0,0,0,0,0,49,2026-02-04 14:56:12.405158
RTM1P52,2.72,2.71,2.73,1000000.0,1000000.0,0,0,0,0,49,2026-02-04 14:56:12.405158
RTM1C53,0.18,0.17,0.19,1000000.0,1000000.0,0,0,0,0,49,2026-02-04 14:56:12.405158
RTM1P53,3.56,3.55,3.57,1000000.0,1000000.0,0,0,0,0,49,2026-02-04 14:56:12.405158
RTM1C54,0.09,0.08,0.1,1000000.0,1000000.0,0,0,0,0,49,2026-02-04 14:56:12.405158
RTM1P54,4.47,4.46,4.48,1000000.0,1000000.0,0,0,0,0,49,2026-02-04 14:56:12.405158
RTM,49.65,49.64,49.66,100000000.0,100000000.0,0,0,0,0,50,2026-02-04 14:56:12.971902
RTM1C45,4.69,4.68,4.7,1000000.0,1000000.0,0,0,0,0,50,2026-02-04 14:56:12.971902
RTM1P45,0.05,0.04,0.06,1000000.0,1000000.0,0,0,0,0,50,2026-02-04 14:56:12.971902
RTM1C46,3.76,3.75,3.77,1000000.0,1000000.0,0,0,0,0,50,2026-02-04 14:56:12.971902
RTM1P46,0.12,0.11,0.13,1000000.0,1000000.0,0,0,0,0,50,2026-02-04 14:56:12.971902
RTM1C47,2.9,2.89,2.91,1000000.0,1000000.0,0,0,0,0,50,2026-02-04 14:56:12.971902
RTM1P47,0.25,0.24,0.26,1000000.0,1000000.0,0,0,0,0,50,2026-02-04 14:56:12.971902
RTM1C48,2.12,2.11,2.13,1000000.0,1000000.0,0,0,0,0,50,2026-02-04 14:56:12.971902
RTM1P48,0.48,0.47,0.49,1000000.0,1000000.0,0,0,0,0,50,2026-02-04 14:56:12.971902
RTM1C49,1.47,1.46,1.48,1000000.0,1000000.0,0,0,0,0,50,2026-02-04 14:56:12.971902
RTM1P49,0.82,0.81,0.83,1000000.0,1000000.0,0,0,0,0,50,2026-02-04 14:56:12.971902
RTM1C50,0.97,0.96,0.98,1000000.0,1000000.0,0,0,0,0,50,2026-02-04 14:56:12.971902
RTM1P50,1.32,1.31,1.33,1000000.0,1000000.0,0,0,0,0,50,2026-02-04 14:56:12.971902
RTM1C51,0.6,0.59,0.61,1000000.0,1000000.0,0,0,0,0,50,2026-02-04 14:56:12.971902
RTM1P51,1.96,1.95,1.97,1000000.0,1000000.0,0,0,0,0,50,2026-02-04 14:56:12.971902
RTM1C52,0.35,0.34,0.36,1000000.0,1000000.0,0,0,0,0,50,2026-02-04 14:56:12.971902
RTM1P52,2.7,2.69,2.71,1000000.0,1000000.0,0,0,0,0,50,2026-02-04 14:56:12.971902
RTM1C53,0.19,0.18,0.2,1000000.0,1000000.0,0,0,0,0,50,2026-02-04 14:56:12.971902
RTM1P53,3.54,3.53,3.55,1000000.0,1000000.0,0,0,0,0,50,2026-02-04 14:56:12.971902
RTM1C54,0.09,0.08,0.1,1000000.0,1000000.0,0,0,0,0,50,2026-02-04 14:56:12.971902
RTM1P54,4.44,4.43,4.45,1000000.0,1000000.0,0,0,0,0,50,2026-02-04 14:56:12.971902
RTM,49.49,49.48,49.5,100000000.0,100000000.0,0,0,0,0,51,2026-02-04 14:56:14.083994
RTM1C45,4.54,4.53,4.55,1000000.0,1000000.0,0,0,0,0,51,2026-02-04 14:56:14.083994
RTM1P45,0.05,0.04,0.06,1000000.0,1000000.0,0,0,0,0,51,2026-02-04 14:56:14.083994
RTM1C46,3.62,3.61,3.63,1000000.0,1000000.0,0,0,0,0,51,2026-02-04 14:56:14.083994
RTM1P46,0.13,0.12,0.14,1000000.0,1000000.0,0,0,0,0,51,2026-02-04 14:56:14.083994
RTM1C47,2.76,2.75,2.77,1000000.0,1000000.0,0,0,0,0,51,2026-02-04 14:56:14.083994
RTM1P47,0.27,0.26,0.28,1000000.0,1000000.0,0,0,0,0,51,2026-02-04 14:56:14.083994
RTM1C48,2.01,2.0,2.02,1000000.0,1000000.0,0,0,0,0,51,2026-02-04 14:56:14.083994
RTM1P48,0.52,0.51,0.53,1000000.0,1000000.0,0,0,0,0,51,2026-02-04 14:56:14.083994
RTM1C49,1.38,1.37,1.39,1000000.0,1000000.0,0,0,0,0,51,2026-02-04 14:56:14.083994
RTM1P49,0.9,0.89,0.91,1000000.0,1000000.0,0,0,0,0,51,2026-02-04 14:56:14.083994
RTM1C50,0.89,0.88,0.9,1000000.0,1000000.0,0,0,0,0,51,2026-02-04 14:56:14.083994
RTM1P50,1.4,1.39,1.41,1000000.0,1000000.0,0,0,0,0,51,2026-02-04 14:56:14.083994
RTM1C51,0.54,0.53,0.55,1000000.0,1000000.0,0,0,0,0,51,2026-02-04 14:56:14.083994
RTM1P51,2.05,2.04,2.06,1000000.0,1000000.0,0,0,0,0,51,2026-02-04 14:56:14.083994
RTM1C52,0.31,0.3,0.32,1000000.0,1000000.0,0,0,0,0,51,2026-02-04 14:56:14.083994
RTM1P52,2.82,2.81,2.83,1000000.0,1000000.0,0,0,0,0,51,2026-02-04 14:56:14.083994
RTM1C53,0.16,0.15,0.17,1000000.0,1000000.0,0,0,0,0,51,2026-02-04 14:56:14.083994
RTM1P53,3.67,3.66,3.68,1000000.0,1000000.0,0,0,0,0,51,2026-02-04 14:56:14.083994
RTM1C54,0.08,0.07,0.09,1000000.0,1000000.0,0,0,0,0,51,2026-02-04 14:56:14.083994
RTM1P54,4.59,4.58,4.6,1000000.0,1000000.0,0,0,0,0,51,2026-02-04 14:56:14.083994
RTM,49.65,49.64,49.66,100000000.0,100000000.0,0,0,0,0,52,2026-02-04 14:56:15.159070
RTM1C45,4.69,4.68,4.7,1000000.0,1000000.0,0,0,0,0,52,2026-02-04 14:56:15.159070
RTM1P45,0.04,0.03,0.05,1000000.0,1000000.0,0,0,0,0,52,2026-02-04 14:56:15.159070
RTM1C46,3.75,3.74,3.76,1000000.0,1000000.0,0,0,0,0,52,2026-02-04 14:56:15.159070
RTM1P46,0.11,0.1,0.12,1000000.0,1000000.0,0,0,0,0,52,2026-02-04 14:56:15.159070
RTM1C47,2.89,2.88,2.9,1000000.0,1000000.0,0,0,0,0,52,2026-02-04 14:56:15.159070
RTM1P47,0.24,0.23,0.25,1000000.0,1000000.0,0,0,0,0,52,2026-02-04 14:56:15.159070
RTM1C48,2.11,2.1,2.12,1000000.0,1000000.0,0,0,0,0,52,2026-02-04 14:56:15.159070
RTM1P48,0.47,0.46,0.48,1000000.0,1000000.0,0,0,0,0,52,2026-02-04 14:56:15.159070
RTM1C49,1.47,1.46,1.48,1000000.0,1000000.0,0,0,0,0,52,2026-02-04 14:56:15.159070
RTM1P49,0.82,0.81,0.83,1000000.0,1000000.0,0,0,0,0,52,2026-02-04 14:56:15.159070
RTM1C50,0.94,0.93,0.95,1000000.0,1000000.0,0,0,0,0,52,2026-02-04 14:56:15.159070
RTM1P50,1.3,1.29,1.31,1000000.0,1000000.0,0,0,0,0,52,2026-02-04 14:56:15.159070
RTM1C51,0.59,0.58,0.6,1000000.0,1000000.0,0,0,0,0,52,2026-02-04 14:56:15.159070
RTM1P51,1.94,1.93,1.95,1000000.0,1000000.0,0,0,0,0,52,2026-02-04 14:56:15.159070
RTM1C52,0.33,0.32,0.34,1000000.0,1000000.0,0,0,0,0,52,2026-02-04 14:56:15.159070
RTM1P52,2.69,2.68,2.7,1000000.0,1000000.0,0,0,0,0,52,2026-02-04 14:56:15.159070
RTM1C53,0.17,0.16,0.18,1000000.0,1000000.0,0,0,0,0,52,2026-02-04 14:56:15.159070
RTM1P53,3.53,3.52,3.54,1000000.0,1000000.0,0,0,0,0,52,2026-02-04 14:56:15.159070
RTM1C54,0.09,0.08,0.1,1000000.0,1000000.0,0,0,0,0,52,2026-02-04 14:56:15.159070
RTM1P54,4.44,4.43,4.45,1000000.0,1000000.0,0,0,0,0,52,2026-02-04 14:56:15.159070
RTM,49.86,49.85,49.87,100000000.0,100000000.0,0,0,0,0,53,2026-02-04 14:56:16.256111
RTM1C45,4.9,4.89,4.91,1000000.0,1000000.0,0,0,0,0,53,2026-02-04 14:56:16.256111
RTM1P45,0.04,0.03,0.05,1000000.0,1000000.0,0,0,0,0,53,2026-02-04 14:56:16.256111
RTM1C46,3.95,3.94,3.96,1000000.0,1000000.0,0,0,0,0,53,2026-02-04 14:56:16.256111
RTM1P46,0.09,0.08,0.1,1000000.0,1000000.0,0,0,0,0,53,2026-02-04 14:56:16.256111
RTM1C47,3.07,3.06,3.08,1000000.0,1000000.0,0,0,0,0,53,2026-02-04 14:56:16.256111
RTM1P47,0.2,0.19,0.21,1000000.0,1000000.0,0,0,0,0,53,2026-02-04 14:56:16.256111
RTM1C48,2.27,2.26,2.28,1000000.0,1000000.0,0,0,0,0,53,2026-02-04 14:56:16.256111
RTM1P48,0.41,0.4,0.42,1000000.0,1000000.0,0,0,0,0,53,2026-02-04 14:56:16.256111
RTM1C49,1.58,1.57,1.59,1000000.0,1000000.0,0,0,0,0,53,2026-02-04 14:56:16.256111
RTM1P49,0.72,0.71,0.73,1000000.0,1000000.0,0,0,0,0,53,2026-02-04 14:56:16.256111
RTM1C50,1.04,1.03,1.05,1000000.0,1000000.0,0,0,0,0,53,2026-02-04 14:56:16.256111
RTM1P50,1.18,1.17,1.19,1000000.0,1000000.0,0,0,0,0,53,2026-02-04 14:56:16.256111
RTM1C51,0.64,0.63,0.65,1000000.0,1000000.0,0,0,0,0,53,2026-02-04 14:56:16.256111
RTM1P51,1.78,1.77,1.79,1000000.0,1000000.0,0,0,0,0,53,2026-02-04 14:56:16.256111
RTM1C52,0.37,0.36,0.38,1000000.0,1000000.0,0,0,0,0,53,2026-02-04 14:56:16.256111
RTM1P52,2.51,2.5,2.52,1000000.0,1000000.0,0,0,0,0,53,2026-02-04 14:56:16.256111
RTM1C53,0.2,0.19,0.21,1000000.0,1000000.0,0,0,0,0,53,2026-02-04 14:56:16.256111
RTM1P53,3.34,3.33,3.35,1000000.0,1000000.0,0,0,0,0,53,2026-02-04 14:56:16.256111
RTM1C54,0.1,0.09,0.11,1000000.0,1000000.0,0,0,0,0,53,2026-02-04 14:56:16.256111
RTM1P54,4.24,4.23,4.25,1000000.0,1000000.0,0,0,0,0,53,2026-02-04 14:56:16.256111
RTM,50.0,49.99,50.01,100000000.0,100000000.0,0,0,0,0,54,2026-02-04 14:56:17.345108
RTM1C45,5.03,5.02,5.04,1000000.0,1000000.0,0,0,0,0,54,2026-02-04 14:56:17.345108
RTM1P45,0.03,0.02,0.04,1000000.0,1000000.0,0,0,0,0,54,2026-02-04 14:56:17.345108
RTM1C46,4.07,4.06,4.08,1000000.0,1000000.0,0,0,0,0,54,2026-02-04 14:56:17.345108
RTM1P46,0.08,0.07,0.09,1000000.0,1000000.0,0,0,0,0,54,2026-02-04 14:56:17.345108
RTM1C47,3.18,3.17,3.19,1000000.0,1000000.0,0,0,0,0,54,2026-02-04 14:56:17.345108
RTM1P47,0.18,0.17,0.19,1000000.0,1000000.0,0,0,0,0,54,2026-02-04 14:56:17.345108
RTM1C48,2.36,2.35,2.37,1000000.0,1000000.0,0,0,0,0,54,2026-02-04 14:56:17.345108
RTM1P48,0.37,0.36,0.38,1000000.0,1000000.0,0,0,0,0,54,2026-02-04 14:56:17.345108
RTM1C49,1.67,1.66,1.68,1000000.0,1000000.0,0,0,0,0,54,2026-02-04 14:56:17.345108
RTM1P49,0.67,0.66,0.68,1000000.0,1000000.0,0,0,0,0,54,2026-02-04 14:56:17.345108
RTM1C50,1.11,1.1,1.12,1000000.0,1000000.0,0,0,0,0,54,2026-02-04 14:56:17.345108
RTM1P50,1.11,1.1,1.12,1000000.0,1000000.0,0,0,0,0,54,2026-02-04 14:56:17.345108
RTM1C51,0.69,0.68,0.7,1000000.0,1000000.0,0,0,0,0,54,2026-02-04 14:56:17.345108
RTM1P51,1.69,1.68,1.7,1000000.0,1000000.0,0,0,0,0,54,2026-02-04 14:56:17.345108
RTM1C52,0.41,0.4,0.42,1000000.0,1000000.0,0,0,0,0,54,2026-02-04 14:56:17.345108
RTM1P52,2.42,2.41,2.43,1000000.0,1000000.0,0,0,0,0,54,2026-02-04 14:56:17.345108
RTM1C53,0.21,0.2,0.22,1000000.0,1000000.0,0,0,0,0,54,2026-02-04 14:56:17.345108
RTM1P53,3.22,3.21,3.23,1000000.0,1000000.0,0,0,0,0,54,2026-02-04 14:56:17.345108
RTM1C54,0.11,0.1,0.12,1000000.0,1000000.0,0,0,0,0,54,2026-02-04 14:56:17.345108
RTM1P54,4.11,4.1,4.12,1000000.0,1000000.0,0,0,0,0,54,2026-02-04 14:56:17.345108
RTM,49.82,49.81,49.83,100000000.0,100000000.0,0,0,0,0,55,2026-02-04 14:56:18.411089
RTM1C45,4.86,4.85,4.87,1000000.0,1000000.0,0,0,0,0,55,2026-02-04 14:56:18.411089
RTM1P45,0.04,0.03,0.05,1000000.0,1000000.0,0,0,0,0,55,2026-02-04 14:56:18.411089
RTM1C46,3.91,3.9,3.92,1000000.0,1000000.0,0,0,0,0,55,2026-02-04 14:56:18.411089
RTM1P46,0.09,0.08,0.1,1000000.0,1000000.0,0,0,0,0,55,2026-02-04 14:56:18.411089
RTM1C47,3.02,3.01,3.03,1000000.0,1000000.0,0,0,0,0,55,2026-02-04 14:56:18.411089
RTM1P47,0.2,0.19,0.21,1000000.0,1000000.0,0,0,0,0,55,2026-02-04 14:56:18.411089
RTM1C48,2.24,2.23,2.25,1000000.0,1000000.0,0,0,0,0,55,2026-02-04 14:56:18.411089
RTM1P48,0.42,0.41,0.43,1000000.0,1000000.0,0,0,0,0,55,2026-02-04 14:56:18.411089
RTM1C49,1.55,1.54,1.56,1000000.0,1000000.0,0,0,0,0,55,2026-02-04 14:56:18.411089
RTM1P49,0.73,0.72,0.74,1000000.0,1000000.0,0,0,0,0,55,2026-02-04 14:56:18.411089
RTM1C50,1.06,1.05,1.07,1000000.0,1000000.0,0,0,0,0,55,2026-02-04 14:56:18.411089
RTM1P50,1.24,1.23,1.25,1000000.0,1000000.0,0,0,0,0,55,2026-02-04 14:56:18.411089
RTM1C51,0.65,0.64,0.66,1000000.0,1000000.0,0,0,0,0,55,2026-02-04 14:56:18.411089
RTM1P51,1.82,1.81,1.83,1000000.0,1000000.0,0,0,0,0,55,2026-02-04 14:56:18.411089
RTM1C52,0.38,0.37,0.39,1000000.0,1000000.0,0,0,0,0,55,2026-02-04 14:56:18.411089
RTM1P52,2.55,2.54,2.56,1000000.0,1000000.0,0,0,0,0,55,2026-02-04 14:56:18.411089
RTM1C53,0.19,0.18,0.2,1000000.0,1000000.0,0,0,0,0,55,2026-02-04 14:56:18.411089
RTM1P53,3.37,3.36,3.38,1000000.0,1000000.0,0,0,0,0,55,2026-02-04 14:56:18.411089
RTM1C54,0.09,0.08,0.1,1000000.0,1000000.0,0,0,0,0,55,2026-02-04 14:56:18.411089
RTM1P54,4.27,4.26,4.28,1000000.0,1000000.0,0,0,0,0,55,2026-02-04 14:56:18.411089
RTM,49.89,49.88,49.9,100000000.0,100000000.0,0,0,0,0,56,2026-02-04 14:56:18.983688
RTM1C45,4.92,4.91,4.93,1000000.0,1000000.0,0,0,0,0,56,2026-02-04 14:56:18.983688
RTM1P45,0.03,0.02,0.04,1000000.0,1000000.0,0,0,0,0,56,2026-02-04 14:56:18.983688
RTM1C46,3.98,3.97,3.99,1000000.0,1000000.0,0,0,0,0,56,2026-02-04 14:56:18.983688
RTM1P46,0.09,0.08,0.1,1000000.0,1000000.0,0,0,0,0,56,2026-02-04 14:56:18.983688
RTM1C47,3.08,3.07,3.09,1000000.0,1000000.0,0,0,0,0,56,2026-02-04 14:56:18.983688
RTM1P47,0.2,0.19,0.21,1000000.0,1000000.0,0,0,0,0,56,2026-02-04 14:56:18.983688
RTM1C48,2.24,2.23,2.25,1000000.0,1000000.0,0,0,0,0,56,2026-02-04 14:56:18.983688
RTM1P48,0.36,0.35,0.37,1000000.0,1000000.0,0,0,0,0,56,2026-02-04 14:56:18.983688
RTM1C49,1.61,1.6,1.62,1000000.0,1000000.0,0,0,0,0,56,2026-02-04 14:56:18.983688
RTM1P49,0.72,0.71,0.73,1000000.0,1000000.0,0,0,0,0,56,2026-02-04 14:56:18.983688
RTM1C50,1.05,1.04,1.06,1000000.0,1000000.0,0,0,0,0,56,2026-02-04 14:56:18.983688
RTM1P50,1.17,1.16,1.18,1000000.0,1000000.0,0,0,0,0,56,2026-02-04 14:56:18.983688
RTM1C51,0.66,0.65,0.67,1000000.0,1000000.0,0,0,0,0,56,2026-02-04 14:56:18.983688
RTM1P51,1.77,1.76,1.78,1000000.0,1000000.0,0,0,0,0,56,2026-02-04 14:56:18.983688
RTM1C52,0.39,0.38,0.4,1000000.0,1000000.0,0,0,0,0,56,2026-02-04 14:56:18.983688
RTM1P52,2.5,2.49,2.51,1000000.0,1000000.0,0,0,0,0,56,2026-02-04 14:56:18.983688
RTM1C53,0.22,0.21,0.23,1000000.0,1000000.0,0,0,0,0,56,2026-02-04 14:56:18.983688
RTM1P53,3.34,3.33,3.35,1000000.0,1000000.0,0,0,0,0,56,2026-02-04 14:56:18.983688
RTM1C54,0.09,0.08,0.1,1000000.0,1000000.0,0,0,0,0,56,2026-02-04 14:56:18.983688
RTM1P54,4.21,4.2,4.22,1000000.0,1000000.0,0,0,0,0,56,2026-02-04 14:56:18.983688
RTM,50.0,49.99,50.01,100000000.0,100000000.0,0,0,0,0,57,2026-02-04 14:56:20.053825
RTM1C45,5.03,5.02,5.04,1000000.0,1000000.0,0,0,0,0,57,2026-02-04 14:56:20.053825
RTM1P45,0.03,0.02,0.04,1000000.0,1000000.0,0,0,0,0,57,2026-02-04 14:56:20.053825
RTM1C46,4.08,4.07,4.09,1000000.0,1000000.0,0,0,0,0,57,2026-02-04 14:56:20.053825
RTM1P46,0.08,0.07,0.09,1000000.0,1000000.0,0,0,0,0,57,2026-02-04 14:56:20.053825
RTM1C47,3.17,3.16,3.18,1000000.0,1000000.0,0,0,0,0,57,2026-02-04 14:56:20.053825
RTM1P47,0.17,0.16,0.18,1000000.0,1000000.0,0,0,0,0,57,2026-02-04 14:56:20.053825
RTM1C48,2.33,2.32,2.34,1000000.0,1000000.0,0,0,0,0,57,2026-02-04 14:56:20.053825
RTM1P48,0.33,0.32,0.34,1000000.0,1000000.0,0,0,0,0,57,2026-02-04 14:56:20.053825
RTM1C49,1.64,1.63,1.65,1000000.0,1000000.0,0,0,0,0,57,2026-02-04 14:56:20.053825
RTM1P49,0.64,0.63,0.65,1000000.0,1000000.0,0,0,0,0,57,2026-02-04 14:56:20.053825
RTM1C50,1.12,1.11,1.13,1000000.0,1000000.0,0,0,0,0,57,2026-02-04 14:56:20.053825
RTM1P50,1.12,1.11,1.13,1000000.0,1000000.0,0,0,0,0,57,2026-02-04 14:56:20.053825
RTM1C51,0.68,0.67,0.69,1000000.0,1000000.0,0,0,0,0,57,2026-02-04 14:56:20.053825
RTM1P51,1.67,1.66,1.68,1000000.0,1000000.0,0,0,0,0,57,2026-02-04 14:56:20.053825
RTM1C52,0.41,0.4,0.42,1000000.0,1000000.0,0,0,0,0,57,2026-02-04 14:56:20.053825
RTM1P52,2.4,2.39,2.41,1000000.0,1000000.0,0,0,0,0,57,2026-02-04 14:56:20.053825
RTM1C53,0.25,0.24,0.26,1000000.0,1000000.0,0,0,0,0,57,2026-02-04 14:56:20.053825
RTM1P53,3.24,3.23,3.25,1000000.0,1000000.0,0,0,0,0,57,2026-02-04 14:56:20.053825
RTM1C54,0.1,0.09,0.11,1000000.0,1000000.0,0,0,0,0,57,2026-02-04 14:56:20.053825
RTM1P54,4.09,4.08,4.1,1000000.0,1000000.0,0,0,0,0,57,2026-02-04 14:56:20.053825
RTM,50.0,49.99,50.01,100000000.0,100000000.0,0,0,0,0,58,2026-02-04 14:56:21.105343
RTM1C45,5.04,5.03,5.05,1000000.0,1000000.0,0,0,0,0,58,2026-02-04 14:56:21.105343
RTM1P45,0.03,0.02,0.04,1000000.0,1000000.0,0,0,0,0,58,2026-02-04 14:56:21.105343
RTM1C46,4.09,4.08,4.1,1000000.0,1000000.0,0,0,0,0,58,2026-02-04 14:56:21.105343
RTM1P46,0.09,0.08,0.1,1000000.0,1000000.0,0,0,0,0,58,2026-02-04 14:56:21.105343
RTM1C47,3.17,3.16,3.18,1000000.0,1000000.0,0,0,0,0,58,2026-02-04 14:56:21.105343
RTM1P47,0.17,0.16,0.18,1000000.0,1000000.0,0,0,0,0,58,2026-02-04 14:56:21.105343
RTM1C48,2.39,2.38,2.4,1000000.0,1000000.0,0,0,0,0,58,2026-02-04 14:56:21.105343
RTM1P48,0.39,0.38,0.4,1000000.0,1000000.0,0,0,0,0,58,2026-02-04 14:56:21.105343
RTM1C49,1.65,1.64,1.66,1000000.0,1000000.0,0,0,0,0,58,2026-02-04 14:56:21.105343
RTM1P49,0.64,0.63,0.65,1000000.0,1000000.0,0,0,0,0,58,2026-02-04 14:56:21.105343
RTM1C50,1.08,1.07,1.09,1000000.0,1000000.0,0,0,0,0,58,2026-02-04 14:56:21.105343
RTM1P50,1.08,1.07,1.09,1000000.0,1000000.0,0,0,0,0,58,2026-02-04 14:56:21.105343
RTM1C51,0.66,0.65,0.67,1000000.0,1000000.0,0,0,0,0,58,2026-02-04 14:56:21.105343
RTM1P51,1.66,1.65,1.67,1000000.0,1000000.0,0,0,0,0,58,2026-02-04 14:56:21.105343
RTM1C52,0.39,0.38,0.4,1000000.0,1000000.0,0,0,0,0,58,2026-02-04 14:56:21.105343
