ticker,last_price,bid_price,ask_price,BUY_ANON,SELL_GIOT-1,SELL_ANON,BUY_UEBR-3,BUY_GIOT-1,BUY_UBCT-2,SELL_UBCT-2,SELL_UEBR-3,tick,timestamp
RTM,0.0,0.0,0.0,0,0,0,0,0,0,0,0,0,2026-02-04 18:02:35.367724
RTM1C45,0.0,0.0,0.0,0,0,0,0,0,0,0,0,0,2026-02-04 18:02:35.367724
RTM1P45,0.0,0.0,0.0,0,0,0,0,0,0,0,0,0,2026-02-04 18:02:35.367724
RTM1C46,0.0,0.0,0.0,0,0,0,0,0,0,0,0,0,2026-02-04 18:02:35.367724
RTM1P46,0.0,0.0,0.0,0,0,0,0,0,0,0,0,0,2026-02-04 18:02:35.367724
RTM1C47,0.0,0.0,0.0,0,0,0,0,0,0,0,0,0,2026-02-04 18:02:35.367724
RTM1P47,0.0,0.0,0.0,0,0,0,0,0,0,0,0,0,2026-02-04 18:02:35.367724
RTM1C48,0.0,0.0,0.0,0,0,0,0,0,0,0,0,0,2026-02-04 18:02:35.367724
RTM1P48,0.0,0.0,0.0,0,0,0,0,0,0,0,0,0,2026-02-04 18:02:35.367724
RTM1C49,0.0,0.0,0.0,0,0,0,0,0,0,0,0,0,2026-02-04 18:02:35.367724
RTM1P49,0.0,0.0,0.0,0,0,0,0,0,0,0,0,0,2026-02-04 18:02:35.367724
RTM1C50,0.0,0.0,0.0,0,0,0,0,0,0,0,0,0,2026-02-04 18:02:35.367724
RTM1P50,0.0,0.0,0.0,0,0,0,0,0,0,0,0,0,2026-02-04 18:02:35.367724
RTM1C51,0.0,0.0,0.0,0,0,0,0,0,0,0,0,0,2026-02-04 18:02:35.367724
RTM1P51,0.0,0.0,0.0,0,0,0,0,0,0,0,0,0,2026-02-04 18:02:35.367724
RTM1C52,0.0,0.0,0.0,0,0,0,0,0,0,0,0,0,2026-02-04 18:02:35.367724
RTM1P52,0.0,0.0,0.0,0,0,0,0,0,0,0,0,0,2026-02-04 18:02:35.367724
RTM1C53,0.0,0.0,0.0,0,0,0,0,0,0,0,0,0,2026-02-04 18:02:35.367724
RTM1P53,0.0,0.0,0.0,0,0,0,0,0,0,0,0,0,2026-02-04 18:02:35.367724
RTM1C54,0.0,0.0,0.0,0,0,0,0,0,0,0,0,0,2026-02-04 18:02:35.367724
RTM1P54,0.0,0.0,0.0,0,0,0,0,0,0,0,0,0,2026-02-04 18:02:35.367724
RTM,50.0,0.0,0.0,100000000.0,100000000.0,0,0,0,0,0,0,1,2026-02-04 18:02:35.978670,2.0,1.0,1.0,Week 1,Delta limit and penalty,The delta limit for this sub-heat is 10000 and the penalty percentage is 3%
RTM1C45,5.08,0.0,0.0,1000000.0,1000000.0,0,0,0,0,0,0,1,2026-02-04 18:02:35.978670,1.0,1.0,1.0,Week 1,Risk free rate and current annualized volatility of RTM,The current risk free rate is 0%. RTM is an ETF that mimics one of the major indices in the simulated world and its current annualized realized volatility is 31%. This simulation consists of 20 trading days that are each 15 ticks in length.
RTM1P45,0.08,0.0,0.0,1000000.0,1000000.0,0,0,0,0,0,0,1,2026-02-04 18:02:35.978670,,,,,,
RTM1C46,4.17,0.0,0.0,1000000.0,1000000.0,0,0,0,0,0,0,1,2026-02-04 18:02:35.978670,,,,,,
RTM1P46,0.17,0.0,0.0,1000000.0,1000000.0,0,0,0,0,0,0,1,2026-02-04 18:02:35.978670,,,,,,
RTM1C47,3.32,0.0,0.0,1000000.0,1000000.0,0,0,0,0,0,0,1,2026-02-04 18:02:35.978670,,,,,,
RTM1P47,0.32,0.0,0.0,1000000.0,1000000.0,0,0,0,0,0,0,1,2026-02-04 18:02:35.978670,,,,,,
RTM1C48,2.55,0.0,0.0,1000000.0,1000000.0,0,0,0,0,0,0,1,2026-02-04 18:02:35.978670,,,,,,
RTM1P48,0.55,0.0,0.0,1000000.0,1000000.0,0,0,0,0,0,0,1,2026-02-04 18:02:35.978670,,,,,,
RTM1C49,1.7,0.0,0.0,1000000.0,1000000.0,0,0,0,0,0,0,1,2026-02-04 18:02:35.978670,,,,,,
RTM1P49,0.7,0.0,0.0,1000000.0,1000000.0,0,0,0,0,0,0,1,2026-02-04 18:02:35.978670,,,,,,
RTM1C50,1.14,0.0,0.0,1000000.0,1000000.0,0,0,0,0,0,0,1,2026-02-04 18:02:35.978670,,,,,,
RTM1P50,1.14,0.0,0.0,1000000.0,1000000.0,0,0,0,0,0,0,1,2026-02-04 18:02:35.978670,,,,,,
RTM1C51,0.77,0.0,0.0,1000000.0,1000000.0,0,0,0,0,0,0,1,2026-02-04 18:02:35.978670,,,,,,
RTM1P51,1.77,0.0,0.0,1000000.0,1000000.0,0,0,0,0,0,0,1,2026-02-04 18:02:35.978670,,,,,,
RTM1C52,0.54,0.0,0.0,1000000.0,1000000.0,0,0,0,0,0,0,1,2026-02-04 18:02:35.978670,,,,,,
RTM1P52,2.54,0.0,0.0,1000000.0,1000000.0,0,0,0,0,0,0,1,2026-02-04 18:02:35.978670,,,,,,
RTM1C53,0.35,0.0,0.0,1000000.0,1000000.0,0,0,0,0,0,0,1,2026-02-04 18:02:35.978670,,,,,,
RTM1P53,3.35,0.0,0.0,1000000.0,1000000.0,0,0,0,0,0,0,1,2026-02-04 18:02:35.978670,,,,,,
RTM1C54,0.22,0.0,0.0,1000000.0,1000000.0,0,0,0,0,0,0,1,2026-02-04 18:02:35.978670,,,,,,
RTM1P54,4.22,0.0,0.0,1000000.0,1000000.0,0,0,0,0,0,0,1,2026-02-04 18:02:35.978670,,,,,,
RTM,49.98,49.97,49.99,100000000.0,100000000.0,0,0,0,0,0,0,2,2026-02-04 18:02:37.124377
RTM1C45,5.03,5.02,5.04,1000000.0,1000000.0,0,0,0,0,0,0,2,2026-02-04 18:02:37.124377
RTM1P45,0.05,0.04,0.06,1000000.0,1000000.0,0,0,0,0,0,0,2,2026-02-04 18:02:37.124377
RTM1C46,4.1,4.09,4.11,1000000.0,1000000.0,0,0,0,0,0,0,2,2026-02-04 18:02:37.124377
RTM1P46,0.12,0.11,0.13,1000000.0,1000000.0,0,0,0,0,0,0,2,2026-02-04 18:02:37.124377
RTM1C47,3.33,3.32,3.34,1000000.0,1000000.0,0,0,0,0,0,0,2,2026-02-04 18:02:37.124377
RTM1P47,0.35,0.34,0.36,1000000.0,1000000.0,0,0,0,0,0,0,2,2026-02-04 18:02:37.124377
RTM1C48,2.41,2.4,2.42,1000000.0,1000000.0,0,0,0,0,0,0,2,2026-02-04 18:02:37.124377
RTM1P48,0.43,0.42,0.44,1000000.0,1000000.0,0,0,0,0,0,0,2,2026-02-04 18:02:37.124377
RTM1C49,1.71,1.7,1.72,1000000.0,1000000.0,0,0,0,0,0,0,2,2026-02-04 18:02:37.124377
RTM1P49,0.73,0.72,0.74,1000000.0,1000000.0,0,0,0,0,0,0,2,2026-02-04 18:02:37.124377
RTM1C50,1.18,1.16,1.18,1000000.0,1000000.0,0,0,0,0,0,0,2,2026-02-04 18:02:37.124377
RTM1P50,1.19,1.18,1.2,1000000.0,1000000.0,0,0,0,0,0,0,2,2026-02-04 18:02:37.124377
RTM1C51,0.75,0.74,0.76,1000000.0,1000000.0,0,0,0,0,0,0,2,2026-02-04 18:02:37.124377
RTM1P51,1.77,1.76,1.78,1000000.0,1000000.0,0,0,0,0,0,0,2,2026-02-04 18:02:37.124377
RTM1C52,0.43,0.42,0.44,1000000.0,1000000.0,0,0,0,0,0,0,2,2026-02-04 18:02:37.124377
RTM1P52,2.45,2.44,2.46,1000000.0,1000000.0,0,0,0,0,0,0,2,2026-02-04 18:02:37.124377
RTM1C53,0.26,0.25,0.27,1000000.0,1000000.0,0,0,0,0,0,0,2,2026-02-04 18:02:37.124377
RTM1P53,3.28,3.27,3.29,1000000.0,1000000.0,0,0,0,0,0,0,2,2026-02-04 18:02:37.124377
RTM1C54,0.12,0.11,0.13,1000000.0,1000000.0,0,0,0,0,0,0,2,2026-02-04 18:02:37.124377
RTM1P54,4.14,4.13,4.15,1000000.0,1000000.0,0,0,0,0,0,0,2,2026-02-04 18:02:37.124377
RTM,49.85,49.85,49.87,100000000.0,100000000.0,0,0,0,0,0,0,3,2026-02-04 18:02:38.231420
RTM1C45,4.97,4.96,4.98,1000000.0,1000000.0,0,0,0,0,0,0,3,2026-02-04 18:02:38.231420
RTM1P45,0.1,0.09,0.11,1000000.0,1000000.0,0,0,0,0,0,0,3,2026-02-04 18:02:38.231420
RTM1C46,3.96,3.95,3.97,1000000.0,1000000.0,0,0,0,0,0,0,3,2026-02-04 18:02:38.231420
RTM1P46,0.09,0.08,0.1,1000000.0,1000000.0,0,0,0,0,0,0,3,2026-02-04 18:02:38.231420
RTM1C47,3.24,3.23,3.25,1000000.0,1000000.0,0,0,0,0,0,0,3,2026-02-04 18:02:38.231420
RTM1P47,0.37,0.36,0.38,1000000.0,1000000.0,0,0,0,0,0,0,3,2026-02-04 18:02:38.231420
RTM1C48,2.28,2.27,2.29,1000000.0,1000000.0,0,0,0,0,0,0,3,2026-02-04 18:02:38.231420
RTM1P48,0.41,0.4,0.42,1000000.0,1000000.0,0,0,0,0,0,0,3,2026-02-04 18:02:38.231420
RTM1C49,1.58,1.57,1.59,1000000.0,1000000.0,0,0,0,0,0,0,3,2026-02-04 18:02:38.231420
RTM1P49,0.72,0.71,0.73,1000000.0,1000000.0,0,0,0,0,0,0,3,2026-02-04 18:02:38.231420
RTM1C50,1.25,1.25,1.27,1000000.0,1000000.0,0,0,0,0,0,0,3,2026-02-04 18:02:38.231420
RTM1P50,1.4,1.39,1.41,1000000.0,1000000.0,0,0,0,0,0,0,3,2026-02-04 18:02:38.231420
RTM1C51,0.8,0.79,0.81,1000000.0,1000000.0,0,0,0,0,0,0,3,2026-02-04 18:02:38.231420
RTM1P51,1.94,1.93,1.95,1000000.0,1000000.0,0,0,0,0,0,0,3,2026-02-04 18:02:38.231420
RTM1C52,0.6,0.59,0.61,1000000.0,1000000.0,0,0,0,0,0,0,3,2026-02-04 18:02:38.231420
RTM1P52,2.74,2.73,2.75,1000000.0,1000000.0,0,0,0,0,0,0,3,2026-02-04 18:02:38.231420
RTM1C53,0.29,0.28,0.3,1000000.0,1000000.0,0,0,0,0,0,0,3,2026-02-04 18:02:38.231420
RTM1P53,3.43,3.42,3.44,1000000.0,1000000.0,0,0,0,0,0,0,3,2026-02-04 18:02:38.231420
RTM1C54,0.26,0.25,0.27,1000000.0,1000000.0,0,0,0,0,0,0,3,2026-02-04 18:02:38.231420
RTM1P54,4.39,4.38,4.4,1000000.0,1000000.0,0,0,0,0,0,0,3,2026-02-04 18:02:38.231420
RTM,50.1,50.08,50.1,100000000.0,100000000.0,0,0,0,0,0,0,4,2026-02-04 18:02:39.294940
RTM1C45,5.12,5.11,5.13,1000000.0,1000000.0,0,0,0,0,0,0,4,2026-02-04 18:02:39.294940
RTM1P45,0.03,0.02,0.04,1000000.0,1000000.0,0,0,0,0,0,0,4,2026-02-04 18:02:39.294940
RTM1C46,4.23,4.22,4.24,1000000.0,1000000.0,0,0,0,0,0,0,4,2026-02-04 18:02:39.294940
RTM1P46,0.14,0.13,0.15,1000000.0,1000000.0,0,0,0,0,0,0,4,2026-02-04 18:02:39.294940
RTM1C47,3.33,3.32,3.34,1000000.0,1000000.0,0,0,0,0,0,0,4,2026-02-04 18:02:39.294940
RTM1P47,0.24,0.23,0.25,1000000.0,1000000.0,0,0,0,0,0,0,4,2026-02-04 18:02:39.294940
RTM1C48,2.49,2.48,2.5,1000000.0,1000000.0,0,0,0,0,0,0,4,2026-02-04 18:02:39.294940
RTM1P48,0.4,0.39,0.41,1000000.0,1000000.0,0,0,0,0,0,0,4,2026-02-04 18:02:39.294940
RTM1C49,2.02,2.02,2.04,1000000.0,1000000.0,0,0,0,0,0,0,4,2026-02-04 18:02:39.294940
RTM1P49,0.94,0.93,0.95,1000000.0,1000000.0,0,0,0,0,0,0,4,2026-02-04 18:02:39.294940
RTM1C50,1.38,1.37,1.39,1000000.0,1000000.0,0,0,0,0,0,0,4,2026-02-04 18:02:39.294940
RTM1P50,1.29,1.28,1.3,1000000.0,1000000.0,0,0,0,0,0,0,4,2026-02-04 18:02:39.294940
RTM1C51,1.02,1.01,1.03,1000000.0,1000000.0,0,0,0,0,0,0,4,2026-02-04 18:02:39.294940
RTM1P51,1.93,1.92,1.94,1000000.0,1000000.0,0,0,0,0,0,0,4,2026-02-04 18:02:39.294940
RTM1C52,0.57,0.56,0.58,1000000.0,1000000.0,0,0,0,0,0,0,4,2026-02-04 18:02:39.294940
RTM1P52,2.48,2.47,2.49,1000000.0,1000000.0,0,0,0,0,0,0,4,2026-02-04 18:02:39.294940
RTM1C53,0.44,0.43,0.45,1000000.0,1000000.0,0,0,0,0,0,0,4,2026-02-04 18:02:39.294940
RTM1P53,3.35,3.34,3.36,1000000.0,1000000.0,0,0,0,0,0,0,4,2026-02-04 18:02:39.294940
RTM1C54,0.26,0.25,0.27,1000000.0,1000000.0,0,0,0,0,0,0,4,2026-02-04 18:02:39.294940
RTM1P54,4.17,4.16,4.18,1000000.0,1000000.0,0,0,0,0,0,0,4,2026-02-04 18:02:39.294940
RTM,50.62,50.61,50.63,100000000.0,100000000.0,0,0,0,0,0,0,5,2026-02-04 18:02:39.883208
RTM1C45,5.67,5.66,5.68,1000000.0,1000000.0,0,0,0,0,0,0,5,2026-02-04 18:02:39.883208
RTM1P45,0.06,0.05,0.07,1000000.0,1000000.0,0,0,0,0,0,0,5,2026-02-04 18:02:39.883208
RTM1C46,4.77,4.76,4.78,1000000.0,1000000.0,0,0,0,0,0,0,5,2026-02-04 18:02:39.883208
RTM1P46,0.15,0.14,0.16,1000000.0,1000000.0,0,0,0,0,0,0,5,2026-02-04 18:02:39.883208
RTM1C47,3.81,3.8,3.82,1000000.0,1000000.0,0,0,0,0,0,0,5,2026-02-04 18:02:39.883208
RTM1P47,0.19,0.18,0.2,1000000.0,1000000.0,0,0,0,0,0,0,5,2026-02-04 18:02:39.883208
RTM1C48,2.95,2.94,2.96,1000000.0,1000000.0,0,0,0,0,0,0,5,2026-02-04 18:02:39.883208
RTM1P48,0.33,0.32,0.34,1000000.0,1000000.0,0,0,0,0,0,0,5,2026-02-04 18:02:39.883208
RTM1C49,2.37,2.36,2.38,1000000.0,1000000.0,0,0,0,0,0,0,5,2026-02-04 18:02:39.883208
RTM1P49,0.75,0.74,0.76,1000000.0,1000000.0,0,0,0,0,0,0,5,2026-02-04 18:02:39.883208
RTM1C50,1.73,1.72,1.74,1000000.0,1000000.0,0,0,0,0,0,0,5,2026-02-04 18:02:39.883208
RTM1P50,1.11,1.1,1.12,1000000.0,1000000.0,0,0,0,0,0,0,5,2026-02-04 18:02:39.883208
RTM1C51,1.25,1.24,1.26,1000000.0,1000000.0,0,0,0,0,0,0,5,2026-02-04 18:02:39.883208
RTM1P51,1.63,1.62,1.64,1000000.0,1000000.0,0,0,0,0,0,0,5,2026-02-04 18:02:39.883208
RTM1C52,0.75,0.74,0.76,1000000.0,1000000.0,0,0,0,0,0,0,5,2026-02-04 18:02:39.883208
RTM1P52,2.13,2.12,2.14,1000000.0,1000000.0,0,0,0,0,0,0,5,2026-02-04 18:02:39.883208
RTM1C53,0.54,0.53,0.55,1000000.0,1000000.0,0,0,0,0,0,0,5,2026-02-04 18:02:39.883208
RTM1P53,2.92,2.91,2.93,1000000.0,1000000.0,0,0,0,0,0,0,5,2026-02-04 18:02:39.883208
RTM1C54,0.38,0.37,0.39,1000000.0,1000000.0,0,0,0,0,0,0,5,2026-02-04 18:02:39.883208
RTM1P54,3.76,3.75,3.77,1000000.0,1000000.0,0,0,0,0,0,0,5,2026-02-04 18:02:39.883208
RTM,50.89,50.88,50.9,100000000.0,100000000.0,0,0,0,0,0,0,6,2026-02-04 18:02:40.973491
RTM1C45,5.94,5.93,5.95,1000000.0,1000000.0,0,0,0,0,0,0,6,2026-02-04 18:02:40.973491
RTM1P45,0.05,0.04,0.06,1000000.0,1000000.0,0,0,0,0,0,0,6,2026-02-04 18:02:40.973491
RTM1C46,4.98,4.97,4.99,1000000.0,1000000.0,0,0,0,0,0,0,6,2026-02-04 18:02:40.973491
RTM1P46,0.09,0.08,0.1,1000000.0,1000000.0,0,0,0,0,0,0,6,2026-02-04 18:02:40.973491
RTM1C47,4.13,4.12,4.14,1000000.0,1000000.0,0,0,0,0,0,0,6,2026-02-04 18:02:40.973491
RTM1P47,0.24,0.23,0.25,1000000.0,1000000.0,0,0,0,0,0,0,6,2026-02-04 18:02:40.973491
RTM1C48,3.15,3.14,3.16,1000000.0,1000000.0,0,0,0,0,0,0,6,2026-02-04 18:02:40.973491
RTM1P48,0.26,0.25,0.27,1000000.0,1000000.0,0,0,0,0,0,0,6,2026-02-04 18:02:40.973491
RTM1C49,2.45,2.44,2.46,1000000.0,1000000.0,0,0,0,0,0,0,6,2026-02-04 18:02:40.973491
RTM1P49,0.56,0.55,0.57,1000000.0,1000000.0,0,0,0,0,0,0,6,2026-02-04 18:02:40.973491
RTM1C50,1.69,1.68,1.7,1000000.0,1000000.0,0,0,0,0,0,0,6,2026-02-04 18:02:40.973491
RTM1P50,0.8,0.79,0.81,1000000.0,1000000.0,0,0,0,0,0,0,6,2026-02-04 18:02:40.973491
RTM1C51,1.29,1.28,1.3,1000000.0,1000000.0,0,0,0,0,0,0,6,2026-02-04 18:02:40.973491
RTM1P51,1.4,1.39,1.41,1000000.0,1000000.0,0,0,0,0,0,0,6,2026-02-04 18:02:40.973491
RTM1C52,0.85,0.84,0.86,1000000.0,1000000.0,0,0,0,0,0,0,6,2026-02-04 18:02:40.973491
RTM1P52,1.96,1.95,1.97,1000000.0,1000000.0,0,0,0,0,0,0,6,2026-02-04 18:02:40.973491
RTM1C53,0.44,0.43,0.45,1000000.0,1000000.0,0,0,0,0,0,0,6,2026-02-04 18:02:40.973491
RTM1P53,2.55,2.54,2.56,1000000.0,1000000.0,0,0,0,0,0,0,6,2026-02-04 18:02:40.973491
RTM1C54,0.44,0.43,0.45,1000000.0,1000000.0,0,0,0,0,0,0,6,2026-02-04 18:02:40.973491
RTM1P54,3.55,3.54,3.56,1000000.0,1000000.0,0,0,0,0,0,0,6,2026-02-04 18:02:40.973491
RTM,50.83,50.82,50.84,100000000.0,100000000.0,0,0,0,0,0,0,7,2026-02-04 18:02:42.183315
RTM1C45,5.87,5.86,5.88,1000000.0,1000000.0,0,0,0,0,0,0,7,2026-02-04 18:02:42.183315
RTM1P45,0.03,0.02,0.04,1000000.0,1000000.0,0,0,0,0,0,0,7,2026-02-04 18:02:42.183315
RTM1C46,4.95,4.94,4.96,1000000.0,1000000.0,0,0,0,0,0,0,7,2026-02-04 18:02:42.183315
RTM1P46,0.12,0.11,0.13,1000000.0,1000000.0,0,0,0,0,0,0,7,2026-02-04 18:02:42.183315
RTM1C47,4.0,3.99,4.01,1000000.0,1000000.0,0,0,0,0,0,0,7,2026-02-04 18:02:42.183315
RTM1P47,0.16,0.15,0.17,1000000.0,1000000.0,0,0,0,0,0,0,7,2026-02-04 18:02:42.183315
RTM1C48,3.13,3.12,3.14,1000000.0,1000000.0,0,0,0,0,0,0,7,2026-02-04 18:02:42.183315
RTM1P48,0.3,0.29,0.31,1000000.0,1000000.0,0,0,0,0,0,0,7,2026-02-04 18:02:42.183315
RTM1C49,2.49,2.48,2.5,1000000.0,1000000.0,0,0,0,0,0,0,7,2026-02-04 18:02:42.183315
RTM1P49,0.66,0.65,0.67,1000000.0,1000000.0,0,0,0,0,0,0,7,2026-02-04 18:02:42.183315
RTM1C50,1.67,1.66,1.68,1000000.0,1000000.0,0,0,0,0,0,0,7,2026-02-04 18:02:42.183315
RTM1P50,0.83,0.82,0.84,1000000.0,1000000.0,0,0,0,0,0,0,7,2026-02-04 18:02:42.183315
RTM1C51,1.21,1.2,1.22,1000000.0,1000000.0,0,0,0,0,0,0,7,2026-02-04 18:02:42.183315
RTM1P51,1.38,1.37,1.39,1000000.0,1000000.0,0,0,0,0,0,0,7,2026-02-04 18:02:42.183315
RTM1C52,0.79,0.78,0.8,1000000.0,1000000.0,0,0,0,0,0,0,7,2026-02-04 18:02:42.183315
RTM1P52,1.96,1.95,1.97,1000000.0,1000000.0,0,0,0,0,0,0,7,2026-02-04 18:02:42.183315
RTM1C53,0.46,0.45,0.47,1000000.0,1000000.0,0,0,0,0,0,0,7,2026-02-04 18:02:42.183315
RTM1P53,2.63,2.62,2.64,1000000.0,1000000.0,0,0,0,0,0,0,7,2026-02-04 18:02:42.183315
RTM1C54,0.27,0.26,0.28,1000000.0,1000000.0,0,0,0,0,0,0,7,2026-02-04 18:02:42.183315
RTM1P54,3.43,3.42,3.44,1000000.0,1000000.0,0,0,0,0,0,0,7,2026-02-04 18:02:42.183315
RTM,50.51,50.49,50.51,100000000.0,100000000.0,0,0,0,0,0,0,8,2026-02-04 18:02:43.351964
RTM1C45,5.58,5.56,5.58,1000000.0,1000000.0,0,0,0,0,0,0,8,2026-02-04 18:02:43.351964
RTM1P45,0.08,0.07,0.09,1000000.0,1000000.0,0,0,0,0,0,0,8,2026-02-04 18:02:43.351964
RTM1C46,4.66,4.65,4.67,1000000.0,1000000.0,0,0,0,0,0,0,8,2026-02-04 18:02:43.351964
RTM1P46,0.16,0.15,0.17,1000000.0,1000000.0,0,0,0,0,0,0,8,2026-02-04 18:02:43.351964
RTM1C47,3.74,3.73,3.75,1000000.0,1000000.0,0,0,0,0,0,0,8,2026-02-04 18:02:43.351964
RTM1P47,0.24,0.23,0.25,1000000.0,1000000.0,0,0,0,0,0,0,8,2026-02-04 18:02:43.351964
RTM1C48,2.84,2.83,2.85,1000000.0,1000000.0,0,0,0,0,0,0,8,2026-02-04 18:02:43.351964
RTM1P48,0.35,0.34,0.36,1000000.0,1000000.0,0,0,0,0,0,0,8,2026-02-04 18:02:43.351964
RTM1C49,2.1,2.09,2.11,1000000.0,1000000.0,0,0,0,0,0,0,8,2026-02-04 18:02:43.351964
RTM1P49,0.6,0.59,0.61,1000000.0,1000000.0,0,0,0,0,0,0,8,2026-02-04 18:02:43.351964
RTM1C50,1.52,1.51,1.53,1000000.0,1000000.0,0,0,0,0,0,0,8,2026-02-04 18:02:43.351964
RTM1P50,1.03,1.02,1.04,1000000.0,1000000.0,0,0,0,0,0,0,8,2026-02-04 18:02:43.351964
RTM1C51,0.96,0.95,0.97,1000000.0,1000000.0,0,0,0,0,0,0,8,2026-02-04 18:02:43.351964
RTM1P51,1.47,1.46,1.48,1000000.0,1000000.0,0,0,0,0,0,0,8,2026-02-04 18:02:43.351964
RTM1C52,0.78,0.78,0.8,1000000.0,1000000.0,0,0,0,0,0,0,8,2026-02-04 18:02:43.351964
RTM1P52,2.29,2.28,2.3,1000000.0,1000000.0,0,0,0,0,0,0,8,2026-02-04 18:02:43.351964
RTM1C53,0.48,0.47,0.49,1000000.0,1000000.0,0,0,0,0,0,0,8,2026-02-04 18:02:43.351964
RTM1P53,2.98,2.97,2.99,1000000.0,1000000.0,0,0,0,0,0,0,8,2026-02-04 18:02:43.351964
RTM1C54,0.36,0.35,0.37,1000000.0,1000000.0,0,0,0,0,0,0,8,2026-02-04 18:02:43.351964
RTM1P54,3.86,3.85,3.87,1000000.0,1000000.0,0,0,0,0,0,0,8,2026-02-04 18:02:43.351964
RTM,50.77,50.76,50.78,100000000.0,100000000.0,0,0,0,0,0,0,9,2026-02-04 18:02:44.043330
RTM1C45,5.79,5.78,5.8,1000000.0,1000000.0,0,0,0,0,0,0,9,2026-02-04 18:02:44.043330
RTM1P45,0.02,0.01,0.03,1000000.0,1000000.0,0,0,0,0,0,0,9,2026-02-04 18:02:44.043330
RTM1C46,4.9,4.89,4.91,1000000.0,1000000.0,0,0,0,0,0,0,9,2026-02-04 18:02:44.043330
RTM1P46,0.13,0.12,0.14,1000000.0,1000000.0,0,0,0,0,0,0,9,2026-02-04 18:02:44.043330
RTM1C47,4.01,4.0,4.02,1000000.0,1000000.0,0,0,0,0,0,0,9,2026-02-04 18:02:44.043330
RTM1P47,0.24,0.23,0.25,1000000.0,1000000.0,0,0,0,0,0,0,9,2026-02-04 18:02:44.043330
RTM1C48,3.08,3.07,3.09,1000000.0,1000000.0,0,0,0,0,0,0,9,2026-02-04 18:02:44.043330
RTM1P48,0.31,0.3,0.32,1000000.0,1000000.0,0,0,0,0,0,0,9,2026-02-04 18:02:44.043330
RTM1C49,2.36,2.35,2.37,1000000.0,1000000.0,0,0,0,0,0,0,9,2026-02-04 18:02:44.043330
RTM1P49,0.59,0.58,0.6,1000000.0,1000000.0,0,0,0,0,0,0,9,2026-02-04 18:02:44.043330
RTM1C50,1.71,1.7,1.72,1000000.0,1000000.0,0,0,0,0,0,0,9,2026-02-04 18:02:44.043330
RTM1P50,0.94,0.93,0.95,1000000.0,1000000.0,0,0,0,0,0,0,9,2026-02-04 18:02:44.043330
RTM1C51,1.12,1.11,1.13,1000000.0,1000000.0,0,0,0,0,0,0,9,2026-02-04 18:02:44.043330
RTM1P51,1.35,1.34,1.36,1000000.0,1000000.0,0,0,0,0,0,0,9,2026-02-04 18:02:44.043330
RTM1C52,0.95,0.94,0.96,1000000.0,1000000.0,0,0,0,0,0,0,9,2026-02-04 18:02:44.043330
RTM1P52,2.18,2.17,2.19,1000000.0,1000000.0,0,0,0,0,0,0,9,2026-02-04 18:02:44.043330
RTM1C53,0.62,0.61,0.63,1000000.0,1000000.0,0,0,0,0,0,0,9,2026-02-04 18:02:44.043330
RTM1P53,2.85,2.84,2.86,1000000.0,1000000.0,0,0,0,0,0,0,9,2026-02-04 18:02:44.043330
RTM1C54,0.33,0.32,0.34,1000000.0,1000000.0,0,0,0,0,0,0,9,2026-02-04 18:02:44.043330
RTM1P54,3.56,3.55,3.57,1000000.0,1000000.0,0,0,0,0,0,0,9,2026-02-04 18:02:44.043330
RTM,50.59,50.58,50.6,100000000.0,100000000.0,0,0,0,0,0,0,10,2026-02-04 18:02:45.292707
RTM1C45,5.63,5.62,5.64,1000000.0,1000000.0,0,0,0,0,0,0,10,2026-02-04 18:02:45.292707
RTM1P45,0.04,0.03,0.05,1000000.0,1000000.0,0,0,0,0,0,0,10,2026-02-04 18:02:45.292707
RTM1C46,4.67,4.66,4.68,1000000.0,1000000.0,0,0,0,0,0,0,10,2026-02-04 18:02:45.292707
RTM1P46,0.08,0.07,0.09,1000000.0,1000000.0,0,0,0,0,0,0,10,2026-02-04 18:02:45.292707
RTM1C47,3.77,3.76,3.78,1000000.0,1000000.0,0,0,0,0,0,0,10,2026-02-04 18:02:45.292707
RTM1P47,0.18,0.17,0.19,1000000.0,1000000.0,0,0,0,0,0,0,10,2026-02-04 18:02:45.292707
RTM1C48,3.0,2.99,3.01,1000000.0,1000000.0,0,0,0,0,0,0,10,2026-02-04 18:02:45.292707
RTM1P48,0.41,0.4,0.42,1000000.0,1000000.0,0,0,0,0,0,0,10,2026-02-04 18:02:45.292707
RTM1C49,2.33,2.32,2.34,1000000.0,1000000.0,0,0,0,0,0,0,10,2026-02-04 18:02:45.292707
RTM1P49,0.74,0.73,0.75,1000000.0,1000000.0,0,0,0,0,0,0,10,2026-02-04 18:02:45.292707
RTM1C50,1.75,1.74,1.76,1000000.0,1000000.0,0,0,0,0,0,0,10,2026-02-04 18:02:45.292707
RTM1P50,1.16,1.15,1.17,1000000.0,1000000.0,0,0,0,0,0,0,10,2026-02-04 18:02:45.292707
RTM1C51,1.21,1.2,1.22,1000000.0,1000000.0,0,0,0,0,0,0,10,2026-02-04 18:02:45.292707
RTM1P51,1.62,1.61,1.63,1000000.0,1000000.0,0,0,0,0,0,0,10,2026-02-04 18:02:45.292707
RTM1C52,0.9,0.89,0.91,1000000.0,1000000.0,0,0,0,0,0,0,10,2026-02-04 18:02:45.292707
RTM1P52,2.31,2.3,2.32,1000000.0,1000000.0,0,0,0,0,0,0,10,2026-02-04 18:02:45.292707
RTM1C53,0.55,0.54,0.56,1000000.0,1000000.0,0,0,0,0,0,0,10,2026-02-04 18:02:45.292707
RTM1P53,2.96,2.95,2.97,1000000.0,1000000.0,0,0,0,0,0,0,10,2026-02-04 18:02:45.292707
RTM1C54,0.36,0.35,0.37,1000000.0,1000000.0,0,0,0,0,0,0,10,2026-02-04 18:02:45.292707
RTM1P54,3.77,3.76,3.78,1000000.0,1000000.0,0,0,0,0,0,0,10,2026-02-04 18:02:45.292707
RTM,50.88,50.87,50.89,100000000.0,100000000.0,0,0,0,0,0,0,11,2026-02-04 18:02:46.376664
RTM1C45,5.91,5.9,5.92,1000000.0,1000000.0,0,0,0,0,0,0,11,2026-02-04 18:02:46.376664
RTM1P45,0.03,0.02,0.04,1000000.0,1000000.0,0,0,0,0,0,0,11,2026-02-04 18:02:46.376664
RTM1C46,4.98,4.97,4.99,1000000.0,1000000.0,0,0,0,0,0,0,11,2026-02-04 18:02:46.376664
RTM1P46,0.1,0.09,0.11,1000000.0,1000000.0,0,0,0,0,0,0,11,2026-02-04 18:02:46.376664
RTM1C47,4.07,4.06,4.08,1000000.0,1000000.0,0,0,0,0,0,0,11,2026-02-04 18:02:46.376664
RTM1P47,0.18,0.17,0.19,1000000.0,1000000.0,0,0,0,0,0,0,11,2026-02-04 18:02:46.376664
RTM1C48,3.31,3.3,3.32,1000000.0,1000000.0,0,0,0,0,0,0,11,2026-02-04 18:02:46.376664
RTM1P48,0.43,0.42,0.44,1000000.0,1000000.0,0,0,0,0,0,0,11,2026-02-04 18:02:46.376664
RTM1C49,2.6,2.59,2.61,1000000.0,1000000.0,0,0,0,0,0,0,11,2026-02-04 18:02:46.376664
RTM1P49,0.72,0.71,0.73,1000000.0,1000000.0,0,0,0,0,0,0,11,2026-02-04 18:02:46.376664
RTM1C50,1.89,1.88,1.9,1000000.0,1000000.0,0,0,0,0,0,0,11,2026-02-04 18:02:46.376664
RTM1P50,1.01,1.0,1.02,1000000.0,1000000.0,0,0,0,0,0,0,11,2026-02-04 18:02:46.376664
RTM1C51,1.37,1.36,1.38,1000000.0,1000000.0,0,0,0,0,0,0,11,2026-02-04 18:02:46.376664
RTM1P51,1.49,1.48,1.5,1000000.0,1000000.0,0,0,0,0,0,0,11,2026-02-04 18:02:46.376664
RTM1C52,0.92,0.91,0.93,1000000.0,1000000.0,0,0,0,0,0,0,11,2026-02-04 18:02:46.376664
RTM1P52,2.03,2.02,2.04,1000000.0,1000000.0,0,0,0,0,0,0,11,2026-02-04 18:02:46.376664
RTM1C53,0.71,0.7,0.72,1000000.0,1000000.0,0,0,0,0,0,0,11,2026-02-04 18:02:46.376664
RTM1P53,2.83,2.82,2.84,1000000.0,1000000.0,0,0,0,0,0,0,11,2026-02-04 18:02:46.376664
RTM1C54,0.34,0.33,0.35,1000000.0,1000000.0,0,0,0,0,0,0,11,2026-02-04 18:02:46.376664
RTM1P54,3.46,3.45,3.47,1000000.0,1000000.0,0,0,0,0,0,0,11,2026-02-04 18:02:46.376664
RTM,50.82,50.81,50.83,100000000.0,100000000.0,0,0,0,0,0,0,12,2026-02-04 18:02:46.973529
RTM1C45,5.86,5.85,5.87,1000000.0,1000000.0,0,0,0,0,0,0,12,2026-02-04 18:02:46.973529
RTM1P45,0.04,0.03,0.05,1000000.0,1000000.0,0,0,0,0,0,0,12,2026-02-04 18:02:46.973529
RTM1C46,4.9,4.89,4.91,1000000.0,1000000.0,0,0,0,0,0,0,12,2026-02-04 18:02:46.973529
RTM1P46,0.08,0.07,0.09,1000000.0,1000000.0,0,0,0,0,0,0,12,2026-02-04 18:02:46.973529
RTM1C47,4.08,4.07,4.09,1000000.0,1000000.0,0,0,0,0,0,0,12,2026-02-04 18:02:46.973529
RTM1P47,0.26,0.25,0.27,1000000.0,1000000.0,0,0,0,0,0,0,12,2026-02-04 18:02:46.973529
RTM1C48,3.21,3.2,3.22,1000000.0,1000000.0,0,0,0,0,0,0,12,2026-02-04 18:02:46.973529
RTM1P48,0.4,0.39,0.41,1000000.0,1000000.0,0,0,0,0,0,0,12,2026-02-04 18:02:46.973529
RTM1C49,2.55,2.54,2.56,1000000.0,1000000.0,0,0,0,0,0,0,12,2026-02-04 18:02:46.973529
RTM1P49,0.73,0.72,0.74,1000000.0,1000000.0,0,0,0,0,0,0,12,2026-02-04 18:02:46.973529
RTM1C50,1.7,1.69,1.71,1000000.0,1000000.0,0,0,0,0,0,0,12,2026-02-04 18:02:46.973529
RTM1P50,0.89,0.88,0.9,1000000.0,1000000.0,0,0,0,0,0,0,12,2026-02-04 18:02:46.973529
RTM1C51,1.19,1.18,1.2,1000000.0,1000000.0,0,0,0,0,0,0,12,2026-02-04 18:02:46.973529
RTM1P51,1.37,1.36,1.38,1000000.0,1000000.0,0,0,0,0,0,0,12,2026-02-04 18:02:46.973529
RTM1C52,0.86,0.85,0.87,1000000.0,1000000.0,0,0,0,0,0,0,12,2026-02-04 18:02:46.973529
RTM1P52,2.04,2.03,2.05,1000000.0,1000000.0,0,0,0,0,0,0,12,2026-02-04 18:02:46.973529
RTM1C53,0.58,0.57,0.59,1000000.0,1000000.0,0,0,0,0,0,0,12,2026-02-04 18:02:46.973529
RTM1P53,2.76,2.75,2.77,1000000.0,1000000.0,0,0,0,0,0,0,12,2026-02-04 18:02:46.973529
RTM1C54,0.35,0.34,0.36,1000000.0,1000000.0,0,0,0,0,0,0,12,2026-02-04 18:02:46.973529
RTM1P54,3.53,3.52,3.54,1000000.0,1000000.0,0,0,0,0,0,0,12,2026-02-04 18:02:46.973529
RTM,50.84,50.83,50.85,100000000.0,100000000.0,0,0,0,0,0,0,13,2026-02-04 18:02:48.070551
RTM1C45,5.89,5.88,5.9,1000000.0,1000000.0,0,0,0,0,0,0,13,2026-02-04 18:02:48.070551
RTM1P45,0.05,0.04,0.06,1000000.0,1000000.0,0,0,0,0,0,0,13,2026-02-04 18:02:48.070551
RTM1C46,4.94,4.93,4.95,1000000.0,1000000.0,0,0,0,0,0,0,13,2026-02-04 18:02:48.070551
RTM1P46,0.1,0.09,0.11,1000000.0,1000000.0,0,0,0,0,0,0,13,2026-02-04 18:02:48.070551
RTM1C47,4.12,4.11,4.13,1000000.0,1000000.0,0,0,0,0,0,0,13,2026-02-04 18:02:48.070551
RTM1P47,0.28,0.27,0.29,1000000.0,1000000.0,0,0,0,0,0,0,13,2026-02-04 18:02:48.070551
RTM1C48,3.19,3.18,3.2,1000000.0,1000000.0,0,0,0,0,0,0,13,2026-02-04 18:02:48.070551
RTM1P48,0.35,0.34,0.36,1000000.0,1000000.0,0,0,0,0,0,0,13,2026-02-04 18:02:48.070551
RTM1C49,2.55,2.54,2.56,1000000.0,1000000.0,0,0,0,0,0,0,13,2026-02-04 18:02:48.070551
RTM1P49,0.71,0.7,0.72,1000000.0,1000000.0,0,0,0,0,0,0,13,2026-02-04 18:02:48.070551
RTM1C50,1.77,1.76,1.78,1000000.0,1000000.0,0,0,0,0,0,0,13,2026-02-04 18:02:48.070551
RTM1P50,0.93,0.92,0.94,1000000.0,1000000.0,0,0,0,0,0,0,13,2026-02-04 18:02:48.070551
RTM1C51,1.43,1.42,1.44,1000000.0,1000000.0,0,0,0,0,0,0,13,2026-02-04 18:02:48.070551
RTM1P51,1.59,1.58,1.6,1000000.0,1000000.0,0,0,0,0,0,0,13,2026-02-04 18:02:48.070551
RTM1C52,0.9,0.89,0.91,1000000.0,1000000.0,0,0,0,0,0,0,13,2026-02-04 18:02:48.070551
RTM1P52,2.06,2.05,2.07,1000000.0,1000000.0,0,0,0,0,0,0,13,2026-02-04 18:02:48.070551
RTM1C53,0.54,0.53,0.55,1000000.0,1000000.0,0,0,0,0,0,0,13,2026-02-04 18:02:48.070551
RTM1P53,2.7,2.69,2.71,1000000.0,1000000.0,0,0,0,0,0,0,13,2026-02-04 18:02:48.070551
RTM1C54,0.31,0.3,0.32,1000000.0,1000000.0,0,0,0,0,0,0,13,2026-02-04 18:02:48.070551
RTM1P54,3.47,3.46,3.48,1000000.0,1000000.0,0,0,0,0,0,0,13,2026-02-04 18:02:48.070551
RTM,51.25,51.24,51.26,100000000.0,100000000.0,0,0,0,0,0,0,14,2026-02-04 18:02:49.169642
RTM1C45,6.29,6.28,6.3,1000000.0,1000000.0,0,0,0,0,0,0,14,2026-02-04 18:02:49.169642
RTM1P45,0.03,0.02,0.04,1000000.0,1000000.0,0,0,0,0,0,0,14,2026-02-04 18:02:49.169642
RTM1C46,5.35,5.34,5.36,1000000.0,1000000.0,0,0,0,0,0,0,14,2026-02-04 18:02:49.169642
RTM1P46,0.1,0.09,0.11,1000000.0,1000000.0,0,0,0,0,0,0,14,2026-02-04 18:02:49.169642
RTM1C47,4.44,4.43,4.45,1000000.0,1000000.0,0,0,0,0,0,0,14,2026-02-04 18:02:49.169642
RTM1P47,0.18,0.17,0.19,1000000.0,1000000.0,0,0,0,0,0,0,14,2026-02-04 18:02:49.169642
RTM1C48,3.52,3.51,3.53,1000000.0,1000000.0,0,0,0,0,0,0,14,2026-02-04 18:02:49.169642
RTM1P48,0.27,0.26,0.28,1000000.0,1000000.0,0,0,0,0,0,0,14,2026-02-04 18:02:49.169642
RTM1C49,2.81,2.8,2.82,1000000.0,1000000.0,0,0,0,0,0,0,14,2026-02-04 18:02:49.169642
RTM1P49,0.56,0.55,0.57,1000000.0,1000000.0,0,0,0,0,0,0,14,2026-02-04 18:02:49.169642
RTM1C50,2.0,1.99,2.01,1000000.0,1000000.0,0,0,0,0,0,0,14,2026-02-04 18:02:49.169642
RTM1P50,0.74,0.73,0.75,1000000.0,1000000.0,0,0,0,0,0,0,14,2026-02-04 18:02:49.169642
RTM1C51,1.65,1.64,1.66,1000000.0,1000000.0,0,0,0,0,0,0,14,2026-02-04 18:02:49.169642
RTM1P51,1.4,1.39,1.41,1000000.0,1000000.0,0,0,0,0,0,0,14,2026-02-04 18:02:49.169642
RTM1C52,1.13,1.12,1.14,1000000.0,1000000.0,0,0,0,0,0,0,14,2026-02-04 18:02:49.169642
RTM1P52,1.88,1.87,1.89,1000000.0,1000000.0,0,0,0,0,0,0,14,2026-02-04 18:02:49.169642
RTM1C53,0.76,0.75,0.77,1000000.0,1000000.0,0,0,0,0,0,0,14,2026-02-04 18:02:49.169642
RTM1P53,2.51,2.5,2.52,1000000.0,1000000.0,0,0,0,0,0,0,14,2026-02-04 18:02:49.169642
RTM1C54,0.47,0.46,0.48,1000000.0,1000000.0,0,0,0,0,0,0,14,2026-02-04 18:02:49.169642
RTM1P54,3.22,3.21,3.23,1000000.0,1000000.0,0,0,0,0,0,0,14,2026-02-04 18:02:49.169642
RTM,51.34,51.33,51.35,100000000.0,100000000.0,0,0,0,0,0,0,15,2026-02-04 18:02:50.279991
RTM1C45,6.39,6.38,6.4,1000000.0,1000000.0,0,0,0,0,0,0,15,2026-02-04 18:02:50.279991
RTM1P45,0.04,0.03,0.05,1000000.0,1000000.0,0,0,0,0,0,0,15,2026-02-04 18:02:50.279991
RTM1C46,5.41,5.4,5.42,1000000.0,1000000.0,0,0,0,0,0,0,15,2026-02-04 18:02:50.279991
RTM1P46,0.07,0.06,0.08,1000000.0,1000000.0,0,0,0,0,0,0,15,2026-02-04 18:02:50.279991
RTM1C47,4.49,4.48,4.5,1000000.0,1000000.0,0,0,0,0,0,0,15,2026-02-04 18:02:50.279991
RTM1P47,0.14,0.13,0.15,1000000.0,1000000.0,0,0,0,0,0,0,15,2026-02-04 18:02:50.279991
RTM1C48,3.65,3.64,3.66,1000000.0,1000000.0,0,0,0,0,0,0,15,2026-02-04 18:02:50.279991
RTM1P48,0.31,0.3,0.32,1000000.0,1000000.0,0,0,0,0,0,0,15,2026-02-04 18:02:50.279991
RTM1C49,2.82,2.81,2.83,1000000.0,1000000.0,0,0,0,0,0,0,15,2026-02-04 18:02:50.279991
RTM1P49,0.48,0.47,0.49,1000000.0,1000000.0,0,0,0,0,0,0,15,2026-02-04 18:02:50.279991
RTM1C50,2.19,2.18,2.2,1000000.0,1000000.0,0,0,0,0,0,0,15,2026-02-04 18:02:50.279991
RTM1P50,0.85,0.84,0.86,1000000.0,1000000.0,0,0,0,0,0,0,15,2026-02-04 18:02:50.279991
RTM1C51,1.56,1.55,1.57,1000000.0,1000000.0,0,0,0,0,0,0,15,2026-02-04 18:02:50.279991
RTM1P51,1.22,1.21,1.23,1000000.0,1000000.0,0,0,0,0,0,0,15,2026-02-04 18:02:50.279991
RTM1C52,1.13,1.12,1.14,1000000.0,1000000.0,0,0,0,0,0,0,15,2026-02-04 18:02:50.279991
RTM1P52,1.79,1.78,1.8,1000000.0,1000000.0,0,0,0,0,0,0,15,2026-02-04 18:02:50.279991
RTM1C53,0.82,0.81,0.83,1000000.0,1000000.0,0,0,0,0,0,0,15,2026-02-04 18:02:50.279991
RTM1P53,2.48,2.47,2.49,1000000.0,1000000.0,0,0,0,0,0,0,15,2026-02-04 18:02:50.279991
RTM1C54,0.46,0.45,0.47,1000000.0,1000000.0,0,0,0,0,0,0,15,2026-02-04 18:02:50.279991
RTM1P54,3.12,3.11,3.13,1000000.0,1000000.0,0,0,0,0,0,0,15,2026-02-04 18:02:50.279991
RTM,51.08,51.06,51.08,100000000.0,100000000.0,0,0,0,0,0,0,16,2026-02-04 18:02:51.354555
RTM1C45,6.1,6.09,6.11,1000000.0,1000000.0,0,0,0,0,0,0,16,2026-02-04 18:02:51.354555
RTM1P45,0.03,0.02,0.04,1000000.0,1000000.0,0,0,0,0,0,0,16,2026-02-04 18:02:51.354555
RTM1C46,5.16,5.15,5.17,1000000.0,1000000.0,0,0,0,0,0,0,16,2026-02-04 18:02:51.354555
RTM1P46,0.09,0.08,0.1,1000000.0,1000000.0,0,0,0,0,0,0,16,2026-02-04 18:02:51.354555
RTM1C47,4.23,4.22,4.24,1000000.0,1000000.0,0,0,0,0,0,0,16,2026-02-04 18:02:51.354555
RTM1P47,0.16,0.15,0.17,1000000.0,1000000.0,0,0,0,0,0,0,16,2026-02-04 18:02:51.354555
RTM1C48,3.46,3.45,3.47,1000000.0,1000000.0,0,0,0,0,0,0,16,2026-02-04 18:02:51.354555
RTM1P48,0.39,0.38,0.4,1000000.0,1000000.0,0,0,0,0,0,0,16,2026-02-04 18:02:51.354555
RTM1C49,2.61,2.6,2.62,1000000.0,1000000.0,0,0,0,0,0,0,16,2026-02-04 18:02:51.354555
RTM1P49,0.54,0.53,0.55,1000000.0,1000000.0,0,0,0,0,0,0,16,2026-02-04 18:02:51.354555
RTM1C50,1.99,1.98,2.0,1000000.0,1000000.0,0,0,0,0,0,0,16,2026-02-04 18:02:51.354555
RTM1P50,0.92,0.91,0.93,1000000.0,1000000.0,0,0,0,0,0,0,16,2026-02-04 18:02:51.354555
RTM1C51,1.46,1.45,1.47,1000000.0,1000000.0,0,0,0,0,0,0,16,2026-02-04 18:02:51.354555
RTM1P51,1.39,1.38,1.4,1000000.0,1000000.0,0,0,0,0,0,0,16,2026-02-04 18:02:51.354555
RTM1C52,1.09,1.08,1.1,1000000.0,1000000.0,0,0,0,0,0,0,16,2026-02-04 18:02:51.354555
RTM1P52,2.02,2.01,2.03,1000000.0,1000000.0,0,0,0,0,0,0,16,2026-02-04 18:02:51.354555
RTM1C53,0.77,0.76,0.78,1000000.0,1000000.0,0,0,0,0,0,0,16,2026-02-04 18:02:51.354555
RTM1P53,2.7,2.69,2.71,1000000.0,1000000.0,0,0,0,0,0,0,16,2026-02-04 18:02:51.354555
RTM1C54,0.41,0.4,0.42,1000000.0,1000000.0,0,0,0,0,0,0,16,2026-02-04 18:02:51.354555
RTM1P54,3.34,3.33,3.35,1000000.0,1000000.0,0,0,0,0,0,0,16,2026-02-04 18:02:51.354555
RTM,50.88,50.87,50.89,100000000.0,100000000.0,0,0,0,0,0,0,17,2026-02-04 18:02:51.978196
RTM1C45,5.95,5.94,5.96,1000000.0,1000000.0,0,0,0,0,0,0,17,2026-02-04 18:02:51.978196
RTM1P45,0.07,0.06,0.08,1000000.0,1000000.0,0,0,0,0,0,0,17,2026-02-04 18:02:51.978196
RTM1C46,5.02,5.01,5.03,1000000.0,1000000.0,0,0,0,0,0,0,17,2026-02-04 18:02:51.978196
RTM1P46,0.15,0.14,0.16,1000000.0,1000000.0,0,0,0,0,0,0,17,2026-02-04 18:02:51.978196
RTM1C47,4.07,4.06,4.08,1000000.0,1000000.0,0,0,0,0,0,0,17,2026-02-04 18:02:51.978196
RTM1P47,0.19,0.18,0.2,1000000.0,1000000.0,0,0,0,0,0,0,17,2026-02-04 18:02:51.978196
RTM1C48,3.29,3.28,3.3,1000000.0,1000000.0,0,0,0,0,0,0,17,2026-02-04 18:02:51.978196
RTM1P48,0.41,0.4,0.42,1000000.0,1000000.0,0,0,0,0,0,0,17,2026-02-04 18:02:51.978196
RTM1C49,2.56,2.55,2.57,1000000.0,1000000.0,0,0,0,0,0,0,17,2026-02-04 18:02:51.978196
RTM1P49,0.68,0.67,0.69,1000000.0,1000000.0,0,0,0,0,0,0,17,2026-02-04 18:02:51.978196
RTM1C50,1.83,1.82,1.84,1000000.0,1000000.0,0,0,0,0,0,0,17,2026-02-04 18:02:51.978196
RTM1P50,0.95,0.94,0.96,1000000.0,1000000.0,0,0,0,0,0,0,17,2026-02-04 18:02:51.978196
RTM1C51,1.33,1.32,1.34,1000000.0,1000000.0,0,0,0,0,0,0,17,2026-02-04 18:02:51.978196
RTM1P51,1.45,1.44,1.46,1000000.0,1000000.0,0,0,0,0,0,0,17,2026-02-04 18:02:51.978196
RTM1C52,1.04,1.03,1.05,1000000.0,1000000.0,0,0,0,0,0,0,17,2026-02-04 18:02:51.978196
RTM1P52,2.16,2.15,2.17,1000000.0,1000000.0,0,0,0,0,0,0,17,2026-02-04 18:02:51.978196
RTM1C53,0.71,0.7,0.72,1000000.0,1000000.0,0,0,0,0,0,0,17,2026-02-04 18:02:51.978196
RTM1P53,2.83,2.82,2.84,1000000.0,1000000.0,0,0,0,0,0,0,17,2026-02-04 18:02:51.978196
RTM1C54,0.36,0.35,0.37,1000000.0,1000000.0,0,0,0,0,0,0,17,2026-02-04 18:02:51.978196
RTM1P54,3.48,3.47,3.49,1000000.0,1000000.0,0,0,0,0,0,0,17,2026-02-04 18:02:51.978196
RTM,50.79,50.78,50.8,100000000.0,100000000.0,0,0,0,0,0,0,18,2026-02-04 18:02:53.038265
RTM1C45,5.87,5.86,5.88,1000000.0,1000000.0,0,0,0,0,0,0,18,2026-02-04 18:02:53.038265
RTM1P45,0.08,0.07,0.09,1000000.0,1000000.0,0,0,0,0,0,0,18,2026-02-04 18:02:53.038265
RTM1C46,4.95,4.94,4.96,1000000.0,1000000.0,0,0,0,0,0,0,18,2026-02-04 18:02:53.038265
RTM1P46,0.16,0.15,0.17,1000000.0,1000000.0,0,0,0,0,0,0,18,2026-02-04 18:02:53.038265
RTM1C47,3.99,3.98,4.0,1000000.0,1000000.0,0,0,0,0,0,0,18,2026-02-04 18:02:53.038265
RTM1P47,0.2,0.19,0.21,1000000.0,1000000.0,0,0,0,0,0,0,18,2026-02-04 18:02:53.038265
RTM1C48,3.15,3.14,3.16,1000000.0,1000000.0,0,0,0,0,0,0,18,2026-02-04 18:02:53.038265
RTM1P48,0.36,0.35,0.37,1000000.0,1000000.0,0,0,0,0,0,0,18,2026-02-04 18:02:53.038265
RTM1C49,2.53,2.52,2.54,1000000.0,1000000.0,0,0,0,0,0,0,18,2026-02-04 18:02:53.038265
RTM1P49,0.74,0.73,0.75,1000000.0,1000000.0,0,0,0,0,0,0,18,2026-02-04 18:02:53.038265
RTM1C50,1.91,1.9,1.92,1000000.0,1000000.0,0,0,0,0,0,0,18,2026-02-04 18:02:53.038265
RTM1P50,1.12,1.11,1.13,1000000.0,1000000.0,0,0,0,0,0,0,18,2026-02-04 18:02:53.038265
RTM1C51,1.35,1.34,1.36,1000000.0,1000000.0,0,0,0,0,0,0,18,2026-02-04 18:02:53.038265
RTM1P51,1.56,1.55,1.57,1000000.0,1000000.0,0,0,0,0,0,0,18,2026-02-04 18:02:53.038265
RTM1C52,0.99,0.98,1.0,1000000.0,1000000.0,0,0,0,0,0,0,18,2026-02-04 18:02:53.038265
RTM1P52,2.2,2.19,2.21,1000000.0,1000000.0,0,0,0,0,0,0,18,2026-02-04 18:02:53.038265
RTM1C53,0.68,0.67,0.69,1000000.0,1000000.0,0,0,0,0,0,0,18,2026-02-04 18:02:53.038265
RTM1P53,2.88,2.87,2.89,1000000.0,1000000.0,0,0,0,0,0,0,18,2026-02-04 18:02:53.038265
RTM1C54,0.35,0.34,0.36,1000000.0,1000000.0,0,0,0,0,0,0,18,2026-02-04 18:02:53.038265
RTM1P54,3.56,3.55,3.57,1000000.0,1000000.0,0,0,0,0,0,0,18,2026-02-04 18:02:53.038265
RTM,50.75,50.74,50.76,100000000.0,100000000.0,0,0,0,0,0,0,19,2026-02-04 18:02:54.208929
RTM1C45,5.81,5.8,5.82,1000000.0,1000000.0,0,0,0,0,0,0,19,2026-02-04 18:02:54.208929
RTM1P45,0.06,0.05,0.07,1000000.0,1000000.0,0,0,0,0,0,0,19,2026-02-04 18:02:54.208929
RTM1C46,4.9,4.89,4.91,1000000.0,1000000.0,0,0,0,0,0,0,19,2026-02-04 18:02:54.208929
RTM1P46,0.15,0.14,0.16,1000000.0,1000000.0,0,0,0,0,0,0,19,2026-02-04 18:02:54.208929
RTM1C47,4.04,4.03,4.05,1000000.0,1000000.0,0,0,0,0,0,0,19,2026-02-04 18:02:54.208929
RTM1P47,0.28,0.27,0.29,1000000.0,1000000.0,0,0,0,0,0,0,19,2026-02-04 18:02:54.208929
RTM1C48,3.17,3.16,3.18,1000000.0,1000000.0,0,0,0,0,0,0,19,2026-02-04 18:02:54.208929
RTM1P48,0.42,0.41,0.43,1000000.0,1000000.0,0,0,0,0,0,0,19,2026-02-04 18:02:54.208929
RTM1C49,2.42,2.41,2.43,1000000.0,1000000.0,0,0,0,0,0,0,19,2026-02-04 18:02:54.208929
RTM1P49,0.67,0.66,0.68,1000000.0,1000000.0,0,0,0,0,0,0,19,2026-02-04 18:02:54.208929
RTM1C50,1.75,1.74,1.76,1000000.0,1000000.0,0,0,0,0,0,0,19,2026-02-04 18:02:54.208929
RTM1P50,1.0,0.99,1.01,1000000.0,1000000.0,0,0,0,0,0,0,19,2026-02-04 18:02:54.208929
RTM1C51,1.24,1.23,1.25,1000000.0,1000000.0,0,0,0,0,0,0,19,2026-02-04 18:02:54.208929
RTM1P51,1.49,1.48,1.5,1000000.0,1000000.0,0,0,0,0,0,0,19,2026-02-04 18:02:54.208929
RTM1C52,0.85,0.84,0.86,1000000.0,1000000.0,0,0,0,0,0,0,19,2026-02-04 18:02:54.208929
RTM1P52,2.1,2.09,2.11,1000000.0,1000000.0,0,0,0,0,0,0,19,2026-02-04 18:02:54.208929
RTM1C53,0.65,0.64,0.66,1000000.0,1000000.0,0,0,0,0,0,0,19,2026-02-04 18:02:54.208929
RTM1P53,2.9,2.89,2.91,1000000.0,1000000.0,0,0,0,0,0,0,19,2026-02-04 18:02:54.208929
RTM1C54,0.44,0.43,0.45,1000000.0,1000000.0,0,0,0,0,0,0,19,2026-02-04 18:02:54.208929
RTM1P54,3.69,3.68,3.7,1000000.0,1000000.0,0,0,0,0,0,0,19,2026-02-04 18:02:54.208929
RTM,51.12,51.11,51.13,100000000.0,100000000.0,0,0,0,0,0,0,20,2026-02-04 18:02:55.318732
RTM1C45,6.17,6.16,6.18,1000000.0,1000000.0,0,0,0,0,0,0,20,2026-02-04 18:02:55.318732
RTM1P45,0.05,0.04,0.06,1000000.0,1000000.0,0,0,0,0,0,0,20,2026-02-04 18:02:55.318732
RTM1C46,5.26,5.25,5.27,1000000.0,1000000.0,0,0,0,0,0,0,20,2026-02-04 18:02:55.318732
RTM1P46,0.14,0.13,0.15,1000000.0,1000000.0,0,0,0,0,0,0,20,2026-02-04 18:02:55.318732
RTM1C47,4.36,4.35,4.37,1000000.0,1000000.0,0,0,0,0,0,0,20,2026-02-04 18:02:55.318732
RTM1P47,0.24,0.23,0.25,1000000.0,1000000.0,0,0,0,0,0,0,20,2026-02-04 18:02:55.318732
RTM1C48,3.44,3.43,3.45,1000000.0,1000000.0,0,0,0,0,0,0,20,2026-02-04 18:02:55.318732
RTM1P48,0.32,0.31,0.33,1000000.0,1000000.0,0,0,0,0,0,0,20,2026-02-04 18:02:55.318732
RTM1C49,2.71,2.7,2.72,1000000.0,1000000.0,0,0,0,0,0,0,20,2026-02-04 18:02:55.318732
RTM1P49,0.59,0.58,0.6,1000000.0,1000000.0,0,0,0,0,0,0,20,2026-02-04 18:02:55.318732
RTM1C50,2.04,2.03,2.05,1000000.0,1000000.0,0,0,0,0,0,0,20,2026-02-04 18:02:55.318732
RTM1P50,0.92,0.91,0.93,1000000.0,1000000.0,0,0,0,0,0,0,20,2026-02-04 18:02:55.318732
RTM1C51,1.58,1.57,1.59,1000000.0,1000000.0,0,0,0,0,0,0,20,2026-02-04 18:02:55.318732
RTM1P51,1.46,1.45,1.47,1000000.0,1000000.0,0,0,0,0,0,0,20,2026-02-04 18:02:55.318732
RTM1C52,1.07,1.06,1.08,1000000.0,1000000.0,0,0,0,0,0,0,20,2026-02-04 18:02:55.318732
RTM1P52,1.95,1.94,1.96,1000000.0,1000000.0,0,0,0,0,0,0,20,2026-02-04 18:02:55.318732
RTM1C53,0.78,0.77,0.79,1000000.0,1000000.0,0,0,0,0,0,0,20,2026-02-04 18:02:55.318732
RTM1P53,2.66,2.65,2.67,1000000.0,1000000.0,0,0,0,0,0,0,20,2026-02-04 18:02:55.318732
RTM1C54,0.51,0.5,0.52,1000000.0,1000000.0,0,0,0,0,0,0,20,2026-02-04 18:02:55.318732
RTM1P54,3.39,3.38,3.4,1000000.0,1000000.0,0,0,0,0,0,0,20,2026-02-04 18:02:55.318732
RTM,51.49,51.49,51.51,100000000.0,100000000.0,0,0,0,0,0,0,21,2026-02-04 18:02:56.400235
RTM1C45,6.55,6.54,6.56,1000000.0,1000000.0,0,0,0,0,0,0,21,2026-02-04 18:02:56.400235
RTM1P45,0.05,0.04,0.06,1000000.0,1000000.0,0,0,0,0,0,0,21,2026-02-04 18:02:56.400235
RTM1C46,5.59,5.58,5.6,1000000.0,1000000.0,0,0,0,0,0,0,21,2026-02-04 18:02:56.400235
RTM1P46,0.09,0.08,0.1,1000000.0,1000000.0,0,0,0,0,0,0,21,2026-02-04 18:02:56.400235
RTM1C47,4.71,4.7,4.72,1000000.0,1000000.0,0,0,0,0,0,0,21,2026-02-04 18:02:56.400235
RTM1P47,0.21,0.2,0.22,1000000.0,1000000.0,0,0,0,0,0,0,21,2026-02-04 18:02:56.400235
RTM1C48,3.8,3.79,3.81,1000000.0,1000000.0,0,0,0,0,0,0,21,2026-02-04 18:02:56.400235
RTM1P48,0.3,0.29,0.31,1000000.0,1000000.0,0,0,0,0,0,0,21,2026-02-04 18:02:56.400235
RTM1C49,3.06,3.05,3.07,1000000.0,1000000.0,0,0,0,0,0,0,21,2026-02-04 18:02:56.400235
RTM1P49,0.57,0.56,0.58,1000000.0,1000000.0,0,0,0,0,0,0,21,2026-02-04 18:02:56.400235
RTM1C50,2.31,2.3,2.32,1000000.0,1000000.0,0,0,0,0,0,0,21,2026-02-04 18:02:56.400235
RTM1P50,0.82,0.81,0.83,1000000.0,1000000.0,0,0,0,0,0,0,21,2026-02-04 18:02:56.400235
RTM1C51,1.72,1.71,1.73,1000000.0,1000000.0,0,0,0,0,0,0,21,2026-02-04 18:02:56.400235
RTM1P51,1.22,1.21,1.23,1000000.0,1000000.0,0,0,0,0,0,0,21,2026-02-04 18:02:56.400235
RTM1C52,1.29,1.28,1.3,1000000.0,1000000.0,0,0,0,0,0,0,21,2026-02-04 18:02:56.400235
RTM1P52,1.79,1.78,1.8,1000000.0,1000000.0,0,0,0,0,0,0,21,2026-02-04 18:02:56.400235
RTM1C53,0.81,0.8,0.82,1000000.0,1000000.0,0,0,0,0,0,0,21,2026-02-04 18:02:56.400235
RTM1P53,2.31,2.3,2.32,1000000.0,1000000.0,0,0,0,0,0,0,21,2026-02-04 18:02:56.400235
RTM1C54,0.59,0.58,0.6,1000000.0,1000000.0,0,0,0,0,0,0,21,2026-02-04 18:02:56.400235
RTM1P54,3.09,3.08,3.1,1000000.0,1000000.0,0,0,0,0,0,0,21,2026-02-04 18:02:56.400235
RTM,51.09,51.08,51.1,100000000.0,100000000.0,0,0,0,0,0,0,22,2026-02-04 18:02:57.051096
RTM1C45,6.15,6.14,6.16,1000000.0,1000000.0,0,0,0,0,0,0,22,2026-02-04 18:02:57.051096
RTM1P45,0.06,0.05,0.07,1000000.0,1000000.0,0,0,0,0,0,0,22,2026-02-04 18:02:57.051096
RTM1C46,5.21,5.2,5.22,1000000.0,1000000.0,0,0,0,0,0,0,22,2026-02-04 18:02:57.051096
RTM1P46,0.12,0.11,0.13,1000000.0,1000000.0,0,0,0,0,0,0,22,2026-02-04 18:02:57.051096
RTM1C47,4.34,4.33,4.35,1000000.0,1000000.0,0,0,0,0,0,0,22,2026-02-04 18:02:57.051096
RTM1P47,0.25,0.24,0.26,1000000.0,1000000.0,0,0,0,0,0,0,22,2026-02-04 18:02:57.051096
RTM1C48,3.48,3.47,3.49,1000000.0,1000000.0,0,0,0,0,0,0,22,2026-02-04 18:02:57.051096
RTM1P48,0.39,0.38,0.4,1000000.0,1000000.0,0,0,0,0,0,0,22,2026-02-04 18:02:57.051096
RTM1C49,2.79,2.78,2.8,1000000.0,1000000.0,0,0,0,0,0,0,22,2026-02-04 18:02:57.051096
RTM1P49,0.7,0.69,0.71,1000000.0,1000000.0,0,0,0,0,0,0,22,2026-02-04 18:02:57.051096
RTM1C50,1.88,1.87,1.89,1000000.0,1000000.0,0,0,0,0,0,0,22,2026-02-04 18:02:57.051096
RTM1P50,0.79,0.78,0.8,1000000.0,1000000.0,0,0,0,0,0,0,22,2026-02-04 18:02:57.051096
RTM1C51,1.6,1.59,1.61,1000000.0,1000000.0,0,0,0,0,0,0,22,2026-02-04 18:02:57.051096
RTM1P51,1.51,1.5,1.52,1000000.0,1000000.0,0,0,0,0,0,0,22,2026-02-04 18:02:57.051096
RTM1C52,1.15,1.14,1.16,1000000.0,1000000.0,0,0,0,0,0,0,22,2026-02-04 18:02:57.051096
RTM1P52,2.06,2.05,2.07,1000000.0,1000000.0,0,0,0,0,0,0,22,2026-02-04 18:02:57.051096
RTM1C53,0.67,0.66,0.68,1000000.0,1000000.0,0,0,0,0,0,0,22,2026-02-04 18:02:57.051096
RTM1P53,2.58,2.57,2.59,1000000.0,1000000.0,0,0,0,0,0,0,22,2026-02-04 18:02:57.051096
RTM1C54,0.55,0.54,0.56,1000000.0,1000000.0,0,0,0,0,0,0,22,2026-02-04 18:02:57.051096
RTM1P54,3.46,3.45,3.47,1000000.0,1000000.0,0,0,0,0,0,0,22,2026-02-04 18:02:57.051096
RTM,51.19,51.18,51.2,100000000.0,100000000.0,0,0,0,0,0,0,23,2026-02-04 18:02:58.210161
RTM1C45,6.23,6.22,6.24,1000000.0,1000000.0,0,0,0,0,0,0,23,2026-02-04 18:02:58.210161
RTM1P45,0.04,0.03,0.05,1000000.0,1000000.0,0,0,0,0,0,0,23,2026-02-04 18:02:58.210161
RTM1C46,5.29,5.28,5.3,1000000.0,1000000.0,0,0,0,0,0,0,23,2026-02-04 18:02:58.210161
RTM1P46,0.1,0.09,0.11,1000000.0,1000000.0,0,0,0,0,0,0,23,2026-02-04 18:02:58.210161
RTM1C47,4.41,4.4,4.42,1000000.0,1000000.0,0,0,0,0,0,0,23,2026-02-04 18:02:58.210161
RTM1P47,0.22,0.21,0.23,1000000.0,1000000.0,0,0,0,0,0,0,23,2026-02-04 18:02:58.210161
RTM1C48,3.6,3.59,3.61,1000000.0,1000000.0,0,0,0,0,0,0,23,2026-02-04 18:02:58.210161
RTM1P48,0.41,0.4,0.42,1000000.0,1000000.0,0,0,0,0,0,0,23,2026-02-04 18:02:58.210161
RTM1C49,2.8,2.79,2.81,1000000.0,1000000.0,0,0,0,0,0,0,23,2026-02-04 18:02:58.210161
RTM1P49,0.61,0.6,0.62,1000000.0,1000000.0,0,0,0,0,0,0,23,2026-02-04 18:02:58.210161
RTM1C50,2.01,2.0,2.02,1000000.0,1000000.0,0,0,0,0,0,0,23,2026-02-04 18:02:58.210161
RTM1P50,0.82,0.81,0.83,1000000.0,1000000.0,0,0,0,0,0,0,23,2026-02-04 18:02:58.210161
RTM1C51,1.61,1.6,1.62,1000000.0,1000000.0,0,0,0,0,0,0,23,2026-02-04 18:02:58.210161
RTM1P51,1.42,1.41,1.43,1000000.0,1000000.0,0,0,0,0,0,0,23,2026-02-04 18:02:58.210161
RTM1C52,1.08,1.07,1.09,1000000.0,1000000.0,0,0,0,0,0,0,23,2026-02-04 18:02:58.210161
RTM1P52,1.89,1.88,1.9,1000000.0,1000000.0,0,0,0,0,0,0,23,2026-02-04 18:02:58.210161
RTM1C53,0.78,0.77,0.79,1000000.0,1000000.0,0,0,0,0,0,0,23,2026-02-04 18:02:58.210161
RTM1P53,2.59,2.58,2.6,1000000.0,1000000.0,0,0,0,0,0,0,23,2026-02-04 18:02:58.210161
RTM1C54,0.51,0.5,0.52,1000000.0,1000000.0,0,0,0,0,0,0,23,2026-02-04 18:02:58.210161
RTM1P54,3.32,3.31,3.33,1000000.0,1000000.0,0,0,0,0,0,0,23,2026-02-04 18:02:58.210161
RTM,51.55,51.54,51.56,100000000.0,100000000.0,0,0,0,0,0,0,24,2026-02-04 18:02:59.452693
RTM1C45,6.59,6.58,6.6,1000000.0,1000000.0,0,0,0,0,0,0,24,2026-02-04 18:02:59.452693
RTM1P45,0.04,0.03,0.05,1000000.0,1000000.0,0,0,0,0,0,0,24,2026-02-04 18:02:59.452693
RTM1C46,5.65,5.64,5.66,1000000.0,1000000.0,0,0,0,0,0,0,24,2026-02-04 18:02:59.452693
RTM1P46,0.1,0.09,0.11,1000000.0,1000000.0,0,0,0,0,0,0,24,2026-02-04 18:02:59.452693
RTM1C47,4.67,4.66,4.68,1000000.0,1000000.0,0,0,0,0,0,0,24,2026-02-04 18:02:59.452693
RTM1P47,0.12,0.11,0.13,1000000.0,1000000.0,0,0,0,0,0,0,24,2026-02-04 18:02:59.452693
RTM1C48,3.85,3.84,3.86,1000000.0,1000000.0,0,0,0,0,0,0,24,2026-02-04 18:02:59.452693
RTM1P48,0.3,0.29,0.31,1000000.0,1000000.0,0,0,0,0,0,0,24,2026-02-04 18:02:59.452693
RTM1C49,3.09,3.08,3.1,1000000.0,1000000.0,0,0,0,0,0,0,24,2026-02-04 18:02:59.452693
RTM1P49,0.54,0.53,0.55,1000000.0,1000000.0,0,0,0,0,0,0,24,2026-02-04 18:02:59.452693
RTM1C50,2.25,2.24,2.26,1000000.0,1000000.0,0,0,0,0,0,0,24,2026-02-04 18:02:59.452693
RTM1P50,0.7,0.69,0.71,1000000.0,1000000.0,0,0,0,0,0,0,24,2026-02-04 18:02:59.452693
RTM1C51,1.86,1.85,1.87,1000000.0,1000000.0,0,0,0,0,0,0,24,2026-02-04 18:02:59.452693
RTM1P51,1.31,1.3,1.32,1000000.0,1000000.0,0,0,0,0,0,0,24,2026-02-04 18:02:59.452693
RTM1C52,1.33,1.32,1.34,1000000.0,1000000.0,0,0,0,0,0,0,24,2026-02-04 18:02:59.452693
RTM1P52,1.78,1.77,1.79,1000000.0,1000000.0,0,0,0,0,0,0,24,2026-02-04 18:02:59.452693
RTM1C53,0.92,0.91,0.93,1000000.0,1000000.0,0,0,0,0,0,0,24,2026-02-04 18:02:59.452693
RTM1P53,2.37,2.36,2.38,1000000.0,1000000.0,0,0,0,0,0,0,24,2026-02-04 18:02:59.452693
RTM1C54,0.59,0.58,0.6,1000000.0,1000000.0,0,0,0,0,0,0,24,2026-02-04 18:02:59.452693
RTM1P54,3.04,3.03,3.05,1000000.0,1000000.0,0,0,0,0,0,0,24,2026-02-04 18:02:59.452693
RTM,51.26,51.25,51.27,100000000.0,100000000.0,0,0,0,0,0,0,25,2026-02-04 18:03:00.173546
RTM1C45,6.31,6.3,6.32,1000000.0,1000000.0,0,0,0,0,0,0,25,2026-02-04 18:03:00.173546
RTM1P45,0.05,0.04,0.06,1000000.0,1000000.0,0,0,0,0,0,0,25,2026-02-04 18:03:00.173546
RTM1C46,5.38,5.37,5.39,1000000.0,1000000.0,0,0,0,0,0,0,25,2026-02-04 18:03:00.173546
RTM1P46,0.12,0.11,0.13,1000000.0,1000000.0,0,0,0,0,0,0,25,2026-02-04 18:03:00.173546
RTM1C47,4.42,4.41,4.43,1000000.0,1000000.0,0,0,0,0,0,0,25,2026-02-04 18:03:00.173546
RTM1P47,0.16,0.15,0.17,1000000.0,1000000.0,0,0,0,0,0,0,25,2026-02-04 18:03:00.173546
RTM1C48,3.63,3.62,3.64,1000000.0,1000000.0,0,0,0,0,0,0,25,2026-02-04 18:03:00.173546
RTM1P48,0.37,0.36,0.38,1000000.0,1000000.0,0,0,0,0,0,0,25,2026-02-04 18:03:00.173546
RTM1C49,2.85,2.84,2.86,1000000.0,1000000.0,0,0,0,0,0,0,25,2026-02-04 18:03:00.173546
RTM1P49,0.59,0.58,0.6,1000000.0,1000000.0,0,0,0,0,0,0,25,2026-02-04 18:03:00.173546
RTM1C50,2.1,2.09,2.11,1000000.0,1000000.0,0,0,0,0,0,0,25,2026-02-04 18:03:00.173546
RTM1P50,0.84,0.83,0.85,1000000.0,1000000.0,0,0,0,0,0,0,25,2026-02-04 18:03:00.173546
RTM1C51,1.67,1.66,1.68,1000000.0,1000000.0,0,0,0,0,0,0,25,2026-02-04 18:03:00.173546
RTM1P51,1.41,1.4,1.42,1000000.0,1000000.0,0,0,0,0,0,0,25,2026-02-04 18:03:00.173546
RTM1C52,1.14,1.13,1.15,1000000.0,1000000.0,0,0,0,0,0,0,25,2026-02-04 18:03:00.173546
RTM1P52,1.88,1.87,1.89,1000000.0,1000000.0,0,0,0,0,0,0,25,2026-02-04 18:03:00.173546
RTM1C53,0.84,0.83,0.85,1000000.0,1000000.0,0,0,0,0,0,0,25,2026-02-04 18:03:00.173546
RTM1P53,2.58,2.57,2.59,1000000.0,1000000.0,0,0,0,0,0,0,25,2026-02-04 18:03:00.173546
RTM1C54,0.56,0.55,0.57,1000000.0,1000000.0,0,0,0,0,0,0,25,2026-02-04 18:03:00.173546
RTM1P54,3.3,3.29,3.31,1000000.0,1000000.0,0,0,0,0,0,0,25,2026-02-04 18:03:00.173546
RTM,52.06,52.05,52.07,100000000.0,100000000.0,0,0,0,0,0,0,26,2026-02-04 18:03:01.317037
RTM1C45,7.09,7.08,7.1,1000000.0,1000000.0,0,0,0,0,0,0,26,2026-02-04 18:03:01.317037
RTM1P45,0.03,0.02,0.04,1000000.0,1000000.0,0,0,0,0,0,0,26,2026-02-04 18:03:01.317037
RTM1C46,6.13,6.12,6.14,1000000.0,1000000.0,0,0,0,0,0,0,26,2026-02-04 18:03:01.317037
RTM1P46,0.08,0.07,0.09,1000000.0,1000000.0,0,0,0,0,0,0,26,2026-02-04 18:03:01.317037
RTM1C47,5.18,5.17,5.19,1000000.0,1000000.0,0,0,0,0,0,0,26,2026-02-04 18:03:01.317037
RTM1P47,0.12,0.11,0.13,1000000.0,1000000.0,0,0,0,0,0,0,26,2026-02-04 18:03:01.317037
RTM1C48,4.32,4.31,4.33,1000000.0,1000000.0,0,0,0,0,0,0,26,2026-02-04 18:03:01.317037
RTM1P48,0.27,0.26,0.28,1000000.0,1000000.0,0,0,0,0,0,0,26,2026-02-04 18:03:01.317037
RTM1C49,3.46,3.45,3.47,1000000.0,1000000.0,0,0,0,0,0,0,26,2026-02-04 18:03:01.317037
RTM1P49,0.41,0.4,0.42,1000000.0,1000000.0,0,0,0,0,0,0,26,2026-02-04 18:03:01.317037
RTM1C50,2.74,2.73,2.75,1000000.0,1000000.0,0,0,0,0,0,0,26,2026-02-04 18:03:01.317037
RTM1P50,0.68,0.67,0.69,1000000.0,1000000.0,0,0,0,0,0,0,26,2026-02-04 18:03:01.317037
RTM1C51,2.14,2.13,2.15,1000000.0,1000000.0,0,0,0,0,0,0,26,2026-02-04 18:03:01.317037
RTM1P51,1.08,1.07,1.09,1000000.0,1000000.0,0,0,0,0,0,0,26,2026-02-04 18:03:01.317037
RTM1C52,1.59,1.58,1.6,1000000.0,1000000.0,0,0,0,0,0,0,26,2026-02-04 18:03:01.317037
RTM1P52,1.54,1.53,1.55,1000000.0,1000000.0,0,0,0,0,0,0,26,2026-02-04 18:03:01.317037
RTM1C53,1.12,1.11,1.13,1000000.0,1000000.0,0,0,0,0,0,0,26,2026-02-04 18:03:01.317037
RTM1P53,2.07,2.06,2.08,1000000.0,1000000.0,0,0,0,0,0,0,26,2026-02-04 18:03:01.317037
RTM1C54,0.75,0.74,0.76,1000000.0,1000000.0,0,0,0,0,0,0,26,2026-02-04 18:03:01.317037
RTM1P54,2.7,2.69,2.71,1000000.0,1000000.0,0,0,0,0,0,0,26,2026-02-04 18:03:01.317037
RTM,51.94,51.93,51.95,100000000.0,100000000.0,0,0,0,0,0,0,27,2026-02-04 18:03:02.419496
RTM1C45,6.99,6.98,7.0,1000000.0,1000000.0,0,0,0,0,0,0,27,2026-02-04 18:03:02.419496
RTM1P45,0.04,0.03,0.05,1000000.0,1000000.0,0,0,0,0,0,0,27,2026-02-04 18:03:02.419496
RTM1C46,6.03,6.02,6.04,1000000.0,1000000.0,0,0,0,0,0,0,27,2026-02-04 18:03:02.419496
RTM1P46,0.09,0.08,0.1,1000000.0,1000000.0,0,0,0,0,0,0,27,2026-02-04 18:03:02.419496
RTM1C47,5.06,5.05,5.07,1000000.0,1000000.0,0,0,0,0,0,0,27,2026-02-04 18:03:02.419496
RTM1P47,0.11,0.1,0.12,1000000.0,1000000.0,0,0,0,0,0,0,27,2026-02-04 18:03:02.419496
RTM1C48,4.25,4.24,4.26,1000000.0,1000000.0,0,0,0,0,0,0,27,2026-02-04 18:03:02.419496
RTM1P48,0.31,0.3,0.32,1000000.0,1000000.0,0,0,0,0,0,0,27,2026-02-04 18:03:02.419496
RTM1C49,3.37,3.36,3.38,1000000.0,1000000.0,0,0,0,0,0,0,27,2026-02-04 18:03:02.419496
RTM1P49,0.42,0.41,0.43,1000000.0,1000000.0,0,0,0,0,0,0,27,2026-02-04 18:03:02.419496
RTM1C50,2.7,2.69,2.71,1000000.0,1000000.0,0,0,0,0,0,0,27,2026-02-04 18:03:02.419496
RTM1P50,0.75,0.74,0.76,1000000.0,1000000.0,0,0,0,0,0,0,27,2026-02-04 18:03:02.419496
RTM1C51,2.05,2.04,2.06,1000000.0,1000000.0,0,0,0,0,0,0,27,2026-02-04 18:03:02.419496
RTM1P51,1.11,1.1,1.12,1000000.0,1000000.0,0,0,0,0,0,0,27,2026-02-04 18:03:02.419496
RTM1C52,1.51,1.5,1.52,1000000.0,1000000.0,0,0,0,0,0,0,27,2026-02-04 18:03:02.419496
RTM1P52,1.57,1.56,1.58,1000000.0,1000000.0,0,0,0,0,0,0,27,2026-02-04 18:03:02.419496
RTM1C53,1.06,1.05,1.07,1000000.0,1000000.0,0,0,0,0,0,0,27,2026-02-04 18:03:02.419496
RTM1P53,2.11,2.1,2.12,1000000.0,1000000.0,0,0,0,0,0,0,27,2026-02-04 18:03:02.419496
RTM1C54,0.72,0.71,0.73,1000000.0,1000000.0,0,0,0,0,0,0,27,2026-02-04 18:03:02.419496
RTM1P54,2.78,2.77,2.79,1000000.0,1000000.0,0,0,0,0,0,0,27,2026-02-04 18:03:02.419496
RTM,51.89,51.88,51.9,100000000.0,100000000.0,0,0,0,0,0,0,28,2026-02-04 18:03:03.027563
RTM1C45,6.93,6.92,6.94,1000000.0,1000000.0,0,0,0,0,0,0,28,2026-02-04 18:03:03.027563
RTM1P45,0.04,0.03,0.05,1000000.0,1000000.0,0,0,0,0,0,0,28,2026-02-04 18:03:03.027563
RTM1C46,5.99,5.98,6.0,1000000.0,1000000.0,0,0,0,0,0,0,28,2026-02-04 18:03:03.027563
RTM1P46,0.1,0.09,0.11,1000000.0,1000000.0,0,0,0,0,0,0,28,2026-02-04 18:03:03.027563
RTM1C47,5.01,5.0,5.02,1000000.0,1000000.0,0,0,0,0,0,0,28,2026-02-04 18:03:03.027563
RTM1P47,0.11,0.1,0.12,1000000.0,1000000.0,0,0,0,0,0,0,28,2026-02-04 18:03:03.027563
RTM1C48,4.21,4.2,4.22,1000000.0,1000000.0,0,0,0,0,0,0,28,2026-02-04 18:03:03.027563
RTM1P48,0.32,0.31,0.33,1000000.0,1000000.0,0,0,0,0,0,0,28,2026-02-04 18:03:03.027563
RTM1C49,3.37,3.36,3.38,1000000.0,1000000.0,0,0,0,0,0,0,28,2026-02-04 18:03:03.027563
RTM1P49,0.48,0.47,0.49,1000000.0,1000000.0,0,0,0,0,0,0,28,2026-02-04 18:03:03.027563
RTM1C50,2.63,2.62,2.64,1000000.0,1000000.0,0,0,0,0,0,0,28,2026-02-04 18:03:03.027563
RTM1P50,0.73,0.72,0.74,1000000.0,1000000.0,0,0,0,0,0,0,28,2026-02-04 18:03:03.027563
RTM1C51,2.03,2.02,2.04,1000000.0,1000000.0,0,0,0,0,0,0,28,2026-02-04 18:03:03.027563
RTM1P51,1.14,1.13,1.15,1000000.0,1000000.0,0,0,0,0,0,0,28,2026-02-04 18:03:03.027563
RTM1C52,1.44,1.43,1.45,1000000.0,1000000.0,0,0,0,0,0,0,28,2026-02-04 18:03:03.027563
RTM1P52,1.55,1.54,1.56,1000000.0,1000000.0,0,0,0,0,0,0,28,2026-02-04 18:03:03.027563
RTM1C53,1.03,1.02,1.04,1000000.0,1000000.0,0,0,0,0,0,0,28,2026-02-04 18:03:03.027563
RTM1P53,2.14,2.13,2.15,1000000.0,1000000.0,0,0,0,0,0,0,28,2026-02-04 18:03:03.027563
RTM1C54,0.7,0.69,0.71,1000000.0,1000000.0,0,0,0,0,0,0,28,2026-02-04 18:03:03.027563
RTM1P54,2.81,2.8,2.82,1000000.0,1000000.0,0,0,0,0,0,0,28,2026-02-04 18:03:03.027563
RTM,52.16,52.15,52.17,100000000.0,100000000.0,0,0,0,0,0,0,29,2026-02-04 18:03:04.104150
RTM1C45,7.2,7.19,7.21,1000000.0,1000000.0,0,0,0,0,0,0,29,2026-02-04 18:03:04.104150
RTM1P45,0.04,0.03,0.05,1000000.0,1000000.0,0,0,0,0,0,0,29,2026-02-04 18:03:04.104150
RTM1C46,6.24,6.23,6.25,1000000.0,1000000.0,0,0,0,0,0,0,29,2026-02-04 18:03:04.104150
RTM1P46,0.09,0.08,0.1,1000000.0,1000000.0,0,0,0,0,0,0,29,2026-02-04 18:03:04.104150
RTM1C47,5.27,5.26,5.28,1000000.0,1000000.0,0,0,0,0,0,0,29,2026-02-04 18:03:04.104150
RTM1P47,0.11,0.1,0.12,1000000.0,1000000.0,0,0,0,0,0,0,29,2026-02-04 18:03:04.104150
RTM1C48,4.42,4.41,4.43,1000000.0,1000000.0,0,0,0,0,0,0,29,2026-02-04 18:03:04.104150
RTM1P48,0.26,0.25,0.27,1000000.0,1000000.0,0,0,0,0,0,0,29,2026-02-04 18:03:04.104150
RTM1C49,3.58,3.57,3.59,1000000.0,1000000.0,0,0,0,0,0,0,29,2026-02-04 18:03:04.104150
RTM1P49,0.42,0.41,0.43,1000000.0,1000000.0,0,0,0,0,0,0,29,2026-02-04 18:03:04.104150
RTM1C50,2.81,2.8,2.82,1000000.0,1000000.0,0,0,0,0,0,0,29,2026-02-04 18:03:04.104150
RTM1P50,0.65,0.64,0.66,1000000.0,1000000.0,0,0,0,0,0,0,29,2026-02-04 18:03:04.104150
RTM1C51,2.26,2.25,2.27,1000000.0,1000000.0,0,0,0,0,0,0,29,2026-02-04 18:03:04.104150
RTM1P51,1.1,1.09,1.11,1000000.0,1000000.0,0,0,0,0,0,0,29,2026-02-04 18:03:04.104150
RTM1C52,1.6,1.59,1.61,1000000.0,1000000.0,0,0,0,0,0,0,29,2026-02-04 18:03:04.104150
RTM1P52,1.44,1.43,1.45,1000000.0,1000000.0,0,0,0,0,0,0,29,2026-02-04 18:03:04.104150
RTM1C53,1.15,1.14,1.16,1000000.0,1000000.0,0,0,0,0,0,0,29,2026-02-04 18:03:04.104150
RTM1P53,1.99,1.98,2.0,1000000.0,1000000.0,0,0,0,0,0,0,29,2026-02-04 18:03:04.104150
RTM1C54,0.87,0.86,0.88,1000000.0,1000000.0,0,0,0,0,0,0,29,2026-02-04 18:03:04.104150
RTM1P54,2.71,2.7,2.72,1000000.0,1000000.0,0,0,0,0,0,0,29,2026-02-04 18:03:04.104150
RTM,52.27,52.26,52.28,100000000.0,100000000.0,0,0,0,0,0,0,30,2026-02-04 18:03:05.166616
RTM1C45,7.31,7.3,7.32,1000000.0,1000000.0,0,0,0,0,0,0,30,2026-02-04 18:03:05.166616
RTM1P45,0.04,0.03,0.05,1000000.0,1000000.0,0,0,0,0,0,0,30,2026-02-04 18:03:05.166616
RTM1C46,6.35,6.34,6.36,1000000.0,1000000.0,0,0,0,0,0,0,30,2026-02-04 18:03:05.166616
RTM1P46,0.08,0.07,0.09,1000000.0,1000000.0,0,0,0,0,0,0,30,2026-02-04 18:03:05.166616
RTM1C47,5.39,5.38,5.4,1000000.0,1000000.0,0,0,0,0,0,0,30,2026-02-04 18:03:05.166616
RTM1P47,0.13,0.12,0.14,1000000.0,1000000.0,0,0,0,0,0,0,30,2026-02-04 18:03:05.166616
RTM1C48,4.49,4.48,4.5,1000000.0,1000000.0,0,0,0,0,0,0,30,2026-02-04 18:03:05.166616
RTM1P48,0.22,0.21,0.23,1000000.0,1000000.0,0,0,0,0,0,0,30,2026-02-04 18:03:05.166616
RTM1C49,3.59,3.58,3.6,1000000.0,1000000.0,0,0,0,0,0,0,30,2026-02-04 18:03:05.166616
RTM1P49,0.32,0.31,0.33,1000000.0,1000000.0,0,0,0,0,0,0,30,2026-02-04 18:03:05.166616
RTM1C50,2.93,2.92,2.94,1000000.0,1000000.0,0,0,0,0,0,0,30,2026-02-04 18:03:05.166616
RTM1P50,0.66,0.65,0.67,1000000.0,1000000.0,0,0,0,0,0,0,30,2026-02-04 18:03:05.166616
RTM1C51,2.3,2.29,2.31,1000000.0,1000000.0,0,0,0,0,0,0,30,2026-02-04 18:03:05.166616
RTM1P51,1.04,1.03,1.05,1000000.0,1000000.0,0,0,0,0,0,0,30,2026-02-04 18:03:05.166616
RTM1C52,1.73,1.72,1.74,1000000.0,1000000.0,0,0,0,0,0,0,30,2026-02-04 18:03:05.166616
RTM1P52,1.46,1.45,1.47,1000000.0,1000000.0,0,0,0,0,0,0,30,2026-02-04 18:03:05.166616
RTM1C53,1.2,1.19,1.21,1000000.0,1000000.0,0,0,0,0,0,0,30,2026-02-04 18:03:05.166616
RTM1P53,1.93,1.92,1.94,1000000.0,1000000.0,0,0,0,0,0,0,30,2026-02-04 18:03:05.166616
RTM1C54,0.9,0.89,0.91,1000000.0,1000000.0,0,0,0,0,0,0,30,2026-02-04 18:03:05.166616
RTM1P54,2.63,2.62,2.64,1000000.0,1000000.0,0,0,0,0,0,0,30,2026-02-04 18:03:05.166616
RTM,52.68,52.67,52.69,100000000.0,100000000.0,0,0,0,0,0,0,31,2026-02-04 18:03:06.316533
RTM1C45,7.71,7.7,7.72,1000000.0,1000000.0,0,0,0,0,0,0,31,2026-02-04 18:03:06.316533
RTM1P45,0.03,0.02,0.04,1000000.0,1000000.0,0,0,0,0,0,0,31,2026-02-04 18:03:06.316533
RTM1C46,6.72,6.71,6.73,1000000.0,1000000.0,0,0,0,0,0,0,31,2026-02-04 18:03:06.316533
RTM1P46,0.05,0.04,0.06,1000000.0,1000000.0,0,0,0,0,0,0,31,2026-02-04 18:03:06.316533
RTM1C47,5.76,5.75,5.77,1000000.0,1000000.0,0,0,0,0,0,0,31,2026-02-04 18:03:06.316533
RTM1P47,0.08,0.07,0.09,1000000.0,1000000.0,0,0,0,0,0,0,31,2026-02-04 18:03:06.316533
RTM1C48,4.91,4.9,4.92,1000000.0,1000000.0,0,0,0,0,0,0,31,2026-02-04 18:03:06.316533
RTM1P48,0.23,0.22,0.24,1000000.0,1000000.0,0,0,0,0,0,0,31,2026-02-04 18:03:06.316533
RTM1C49,3.96,3.95,3.97,1000000.0,1000000.0,0,0,0,0,0,0,31,2026-02-04 18:03:06.316533
RTM1P49,0.29,0.28,0.3,1000000.0,1000000.0,0,0,0,0,0,0,31,2026-02-04 18:03:06.316533
RTM1C50,3.2,3.19,3.21,1000000.0,1000000.0,0,0,0,0,0,0,31,2026-02-04 18:03:06.316533
RTM1P50,0.52,0.51,0.53,1000000.0,1000000.0,0,0,0,0,0,0,31,2026-02-04 18:03:06.316533
RTM1C51,2.54,2.53,2.55,1000000.0,1000000.0,0,0,0,0,0,0,31,2026-02-04 18:03:06.316533
RTM1P51,0.86,0.85,0.87,1000000.0,1000000.0,0,0,0,0,0,0,31,2026-02-04 18:03:06.316533
RTM1C52,1.96,1.95,1.97,1000000.0,1000000.0,0,0,0,0,0,0,31,2026-02-04 18:03:06.316533
RTM1P52,1.29,1.28,1.3,1000000.0,1000000.0,0,0,0,0,0,0,31,2026-02-04 18:03:06.316533
RTM1C53,1.43,1.42,1.44,1000000.0,1000000.0,0,0,0,0,0,0,31,2026-02-04 18:03:06.316533
RTM1P53,1.75,1.74,1.76,1000000.0,1000000.0,0,0,0,0,0,0,31,2026-02-04 18:03:06.316533
RTM1C54,1.05,1.04,1.06,1000000.0,1000000.0,0,0,0,0,0,0,31,2026-02-04 18:03:06.316533
RTM1P54,2.37,2.36,2.38,1000000.0,1000000.0,0,0,0,0,0,0,31,2026-02-04 18:03:06.316533
RTM,52.47,52.46,52.48,100000000.0,100000000.0,0,0,0,0,0,0,32,2026-02-04 18:03:07.429293
RTM1C45,7.5,7.49,7.51,1000000.0,1000000.0,0,0,0,0,0,0,32,2026-02-04 18:03:07.429293
RTM1P45,0.03,0.02,0.04,1000000.0,1000000.0,0,0,0,0,0,0,32,2026-02-04 18:03:07.429293
RTM1C46,6.53,6.52,6.54,1000000.0,1000000.0,0,0,0,0,0,0,32,2026-02-04 18:03:07.429293
RTM1P46,0.06,0.05,0.07,1000000.0,1000000.0,0,0,0,0,0,0,32,2026-02-04 18:03:07.429293
RTM1C47,5.6,5.59,5.61,1000000.0,1000000.0,0,0,0,0,0,0,32,2026-02-04 18:03:07.429293
RTM1P47,0.13,0.12,0.14,1000000.0,1000000.0,0,0,0,0,0,0,32,2026-02-04 18:03:07.429293
RTM1C48,4.71,4.7,4.72,1000000.0,1000000.0,0,0,0,0,0,0,32,2026-02-04 18:03:07.429293
RTM1P48,0.24,0.23,0.25,1000000.0,1000000.0,0,0,0,0,0,0,32,2026-02-04 18:03:07.429293
RTM1C49,3.83,3.82,3.84,1000000.0,1000000.0,0,0,0,0,0,0,32,2026-02-04 18:03:07.429293
RTM1P49,0.36,0.35,0.37,1000000.0,1000000.0,0,0,0,0,0,0,32,2026-02-04 18:03:07.429293
RTM1C50,3.09,3.08,3.1,1000000.0,1000000.0,0,0,0,0,0,0,32,2026-02-04 18:03:07.429293
RTM1P50,0.62,0.61,0.63,1000000.0,1000000.0,0,0,0,0,0,0,32,2026-02-04 18:03:07.429293
RTM1C51,2.44,2.43,2.45,1000000.0,1000000.0,0,0,0,0,0,0,32,2026-02-04 18:03:07.429293
RTM1P51,0.97,0.96,0.98,1000000.0,1000000.0,0,0,0,0,0,0,32,2026-02-04 18:03:07.429293
RTM1C52,1.87,1.86,1.88,1000000.0,1000000.0,0,0,0,0,0,0,32,2026-02-04 18:03:07.429293
RTM1P52,1.4,1.39,1.41,1000000.0,1000000.0,0,0,0,0,0,0,32,2026-02-04 18:03:07.429293
RTM1C53,1.39,1.38,1.4,1000000.0,1000000.0,0,0,0,0,0,0,32,2026-02-04 18:03:07.429293
RTM1P53,1.92,1.91,1.93,1000000.0,1000000.0,0,0,0,0,0,0,32,2026-02-04 18:03:07.429293
RTM1C54,0.97,0.96,0.98,1000000.0,1000000.0,0,0,0,0,0,0,32,2026-02-04 18:03:07.429293
RTM1P54,2.5,2.49,2.51,1000000.0,1000000.0,0,0,0,0,0,0,32,2026-02-04 18:03:07.429293
RTM,52.75,52.74,52.76,100000000.0,100000000.0,0,0,0,0,0,0,33,2026-02-04 18:03:08.020390
RTM1C45,7.78,7.77,7.79,1000000.0,1000000.0,0,0,0,0,0,0,33,2026-02-04 18:03:08.020390
RTM1P45,0.03,0.02,0.04,1000000.0,1000000.0,0,0,0,0,0,0,33,2026-02-04 18:03:08.020390
RTM1C46,6.8,6.79,6.81,1000000.0,1000000.0,0,0,0,0,0,0,33,2026-02-04 18:03:08.020390
RTM1P46,0.05,0.04,0.06,1000000.0,1000000.0,0,0,0,0,0,0,33,2026-02-04 18:03:08.020390
RTM1C47,5.85,5.84,5.86,1000000.0,1000000.0,0,0,0,0,0,0,33,2026-02-04 18:03:08.020390
RTM1P47,0.11,0.1,0.12,1000000.0,1000000.0,0,0,0,0,0,0,33,2026-02-04 18:03:08.020390
RTM1C48,4.96,4.95,4.97,1000000.0,1000000.0,0,0,0,0,0,0,33,2026-02-04 18:03:08.020390
RTM1P48,0.21,0.2,0.22,1000000.0,1000000.0,0,0,0,0,0,0,33,2026-02-04 18:03:08.020390
RTM1C49,4.08,4.07,4.09,1000000.0,1000000.0,0,0,0,0,0,0,33,2026-02-04 18:03:08.020390
RTM1P49,0.33,0.32,0.34,1000000.0,1000000.0,0,0,0,0,0,0,33,2026-02-04 18:03:08.020390
RTM1C50,3.36,3.35,3.37,1000000.0,1000000.0,0,0,0,0,0,0,33,2026-02-04 18:03:08.020390
RTM1P50,0.61,0.6,0.62,1000000.0,1000000.0,0,0,0,0,0,0,33,2026-02-04 18:03:08.020390
RTM1C51,2.66,2.65,2.67,1000000.0,1000000.0,0,0,0,0,0,0,33,2026-02-04 18:03:08.020390
RTM1P51,0.91,0.9,0.92,1000000.0,1000000.0,0,0,0,0,0,0,33,2026-02-04 18:03:08.020390
RTM1C52,2.05,2.04,2.06,1000000.0,1000000.0,0,0,0,0,0,0,33,2026-02-04 18:03:08.020390
RTM1P52,1.3,1.29,1.31,1000000.0,1000000.0,0,0,0,0,0,0,33,2026-02-04 18:03:08.020390
RTM1C53,1.52,1.51,1.53,1000000.0,1000000.0,0,0,0,0,0,0,33,2026-02-04 18:03:08.020390
RTM1P53,1.77,1.76,1.78,1000000.0,1000000.0,0,0,0,0,0,0,33,2026-02-04 18:03:08.020390
RTM1C54,1.13,1.12,1.14,1000000.0,1000000.0,0,0,0,0,0,0,33,2026-02-04 18:03:08.020390
RTM1P54,2.39,2.38,2.4,1000000.0,1000000.0,0,0,0,0,0,0,33,2026-02-04 18:03:08.020390
RTM,52.41,52.4,52.42,100000000.0,100000000.0,0,0,0,0,0,0,34,2026-02-04 18:03:09.080510
RTM1C45,7.45,7.44,7.46,1000000.0,1000000.0,0,0,0,0,0,0,34,2026-02-04 18:03:09.080510
RTM1P45,0.04,0.03,0.05,1000000.0,1000000.0,0,0,0,0,0,0,34,2026-02-04 18:03:09.080510
RTM1C46,6.5,6.49,6.51,1000000.0,1000000.0,0,0,0,0,0,0,34,2026-02-04 18:03:09.080510
RTM1P46,0.08,0.07,0.09,1000000.0,1000000.0,0,0,0,0,0,0,34,2026-02-04 18:03:09.080510
RTM1C47,5.55,5.54,5.56,1000000.0,1000000.0,0,0,0,0,0,0,34,2026-02-04 18:03:09.080510
RTM1P47,0.14,0.13,0.15,1000000.0,1000000.0,0,0,0,0,0,0,34,2026-02-04 18:03:09.080510
RTM1C48,4.65,4.64,4.66,1000000.0,1000000.0,0,0,0,0,0,0,34,2026-02-04 18:03:09.080510
RTM1P48,0.24,0.23,0.25,1000000.0,1000000.0,0,0,0,0,0,0,34,2026-02-04 18:03:09.080510
RTM1C49,3.82,3.81,3.83,1000000.0,1000000.0,0,0,0,0,0,0,34,2026-02-04 18:03:09.080510
RTM1P49,0.41,0.4,0.42,1000000.0,1000000.0,0,0,0,0,0,0,34,2026-02-04 18:03:09.080510
RTM1C50,3.06,3.05,3.07,1000000.0,1000000.0,0,0,0,0,0,0,34,2026-02-04 18:03:09.080510
RTM1P50,0.65,0.64,0.66,1000000.0,1000000.0,0,0,0,0,0,0,34,2026-02-04 18:03:09.080510
RTM1C51,2.38,2.37,2.39,1000000.0,1000000.0,0,0,0,0,0,0,34,2026-02-04 18:03:09.080510
RTM1P51,0.97,0.96,0.98,1000000.0,1000000.0,0,0,0,0,0,0,34,2026-02-04 18:03:09.080510
RTM1C52,1.85,1.84,1.86,1000000.0,1000000.0,0,0,0,0,0,0,34,2026-02-04 18:03:09.080510
RTM1P52,1.43,1.42,1.44,1000000.0,1000000.0,0,0,0,0,0,0,34,2026-02-04 18:03:09.080510
RTM1C53,1.34,1.33,1.35,1000000.0,1000000.0,0,0,0,0,0,0,34,2026-02-04 18:03:09.080510
RTM1P53,1.93,1.92,1.94,1000000.0,1000000.0,0,0,0,0,0,0,34,2026-02-04 18:03:09.080510
RTM1C54,0.91,0.9,0.92,1000000.0,1000000.0,0,0,0,0,0,0,34,2026-02-04 18:03:09.080510
RTM1P54,2.5,2.49,2.51,1000000.0,1000000.0,0,0,0,0,0,0,34,2026-02-04 18:03:09.080510
RTM,52.05,52.04,52.06,100000000.0,100000000.0,0,0,0,0,0,0,35,2026-02-04 18:03:10.147928
RTM1C45,7.11,7.1,7.12,1000000.0,1000000.0,0,0,0,0,0,0,35,2026-02-04 18:03:10.147928
RTM1P45,0.05,0.04,0.06,1000000.0,1000000.0,0,0,0,0,0,0,35,2026-02-04 18:03:10.147928
RTM1C46,6.14,6.13,6.15,1000000.0,1000000.0,0,0,0,0,0,0,35,2026-02-04 18:03:10.147928
RTM1P46,0.09,0.08,0.1,1000000.0,1000000.0,0,0,0,0,0,0,35,2026-02-04 18:03:10.147928
RTM1C47,5.24,5.23,5.25,1000000.0,1000000.0,0,0,0,0,0,0,35,2026-02-04 18:03:10.147928
RTM1P47,0.18,0.17,0.19,1000000.0,1000000.0,0,0,0,0,0,0,35,2026-02-04 18:03:10.147928
RTM1C48,4.34,4.33,4.35,1000000.0,1000000.0,0,0,0,0,0,0,35,2026-02-04 18:03:10.147928
RTM1P48,0.29,0.28,0.3,1000000.0,1000000.0,0,0,0,0,0,0,35,2026-02-04 18:03:10.147928
RTM1C49,3.49,3.48,3.5,1000000.0,1000000.0,0,0,0,0,0,0,35,2026-02-04 18:03:10.147928
RTM1P49,0.44,0.43,0.45,1000000.0,1000000.0,0,0,0,0,0,0,35,2026-02-04 18:03:10.147928
RTM1C50,2.84,2.83,2.85,1000000.0,1000000.0,0,0,0,0,0,0,35,2026-02-04 18:03:10.147928
RTM1P50,0.79,0.78,0.8,1000000.0,1000000.0,0,0,0,0,0,0,35,2026-02-04 18:03:10.147928
RTM1C51,2.21,2.2,2.22,1000000.0,1000000.0,0,0,0,0,0,0,35,2026-02-04 18:03:10.147928
RTM1P51,1.15,1.14,1.16,1000000.0,1000000.0,0,0,0,0,0,0,35,2026-02-04 18:03:10.147928
RTM1C52,1.66,1.65,1.67,1000000.0,1000000.0,0,0,0,0,0,0,35,2026-02-04 18:03:10.147928
RTM1P52,1.6,1.59,1.61,1000000.0,1000000.0,0,0,0,0,0,0,35,2026-02-04 18:03:10.147928
RTM1C53,1.22,1.21,1.23,1000000.0,1000000.0,0,0,0,0,0,0,35,2026-02-04 18:03:10.147928
RTM1P53,2.16,2.15,2.17,1000000.0,1000000.0,0,0,0,0,0,0,35,2026-02-04 18:03:10.147928
RTM1C54,0.81,0.8,0.82,1000000.0,1000000.0,0,0,0,0,0,0,35,2026-02-04 18:03:10.147928
RTM1P54,2.75,2.74,2.76,1000000.0,1000000.0,0,0,0,0,0,0,35,2026-02-04 18:03:10.147928
RTM,52.06,52.05,52.07,100000000.0,100000000.0,0,0,0,0,0,0,36,2026-02-04 18:03:11.323540,3.0,1.0,35.0,,News 1,The analysts have informed you that the realized volatility of RTM next week will be between 29% and 34%
RTM1C45,7.11,7.1,7.12,1000000.0,1000000.0,0,0,0,0,0,0,36,2026-02-04 18:03:11.323540,,,,,,
RTM1P45,0.05,0.04,0.06,1000000.0,1000000.0,0,0,0,0,0,0,36,2026-02-04 18:03:11.323540,,,,,,
RTM1C46,6.15,6.14,6.16,1000000.0,1000000.0,0,0,0,0,0,0,36,2026-02-04 18:03:11.323540,,,,,,
RTM1P46,0.09,0.08,0.1,1000000.0,1000000.0,0,0,0,0,0,0,36,2026-02-04 18:03:11.323540,,,,,,
RTM1C47,5.24,5.23,5.25,1000000.0,1000000.0,0,0,0,0,0,0,36,2026-02-04 18:03:11.323540,,,,,,
RTM1P47,0.18,0.17,0.19,1000000.0,1000000.0,0,0,0,0,0,0,36,2026-02-04 18:03:11.323540,,,,,,
RTM1C48,4.35,4.34,4.36,1000000.0,1000000.0,0,0,0,0,0,0,36,2026-02-04 18:03:11.323540,,,,,,
RTM1P48,0.29,0.28,0.3,1000000.0,1000000.0,0,0,0,0,0,0,36,2026-02-04 18:03:11.323540,,,,,,
RTM1C49,3.54,3.53,3.55,1000000.0,1000000.0,0,0,0,0,0,0,36,2026-02-04 18:03:11.323540,,,,,,
RTM1P49,0.48,0.47,0.49,1000000.0,1000000.0,0,0,0,0,0,0,36,2026-02-04 18:03:11.323540,,,,,,
RTM1C50,2.86,2.85,2.87,1000000.0,1000000.0,0,0,0,0,0,0,36,2026-02-04 18:03:11.323540,,,,,,
RTM1P50,0.8,0.79,0.81,1000000.0,1000000.0,0,0,0,0,0,0,36,2026-02-04 18:03:11.323540,,,,,,
RTM1C51,2.22,2.21,2.23,1000000.0,1000000.0,0,0,0,0,0,0,36,2026-02-04 18:03:11.323540,,,,,,
RTM1P51,1.16,1.15,1.17,1000000.0,1000000.0,0,0,0,0,0,0,36,2026-02-04 18:03:11.323540,,,,,,
RTM1C52,1.66,1.65,1.67,1000000.0,1000000.0,0,0,0,0,0,0,36,2026-02-04 18:03:11.323540,,,,,,
RTM1P52,1.6,1.59,1.61,1000000.0,1000000.0,0,0,0,0,0,0,36,2026-02-04 18:03:11.323540,,,,,,
RTM1C53,1.25,1.24,1.26,1000000.0,1000000.0,0,0,0,0,0,0,36,2026-02-04 18:03:11.323540,,,,,,
RTM1P53,2.19,2.18,2.2,1000000.0,1000000.0,0,0,0,0,0,0,36,2026-02-04 18:03:11.323540,,,,,,
RTM1C54,0.84,0.83,0.85,1000000.0,1000000.0,0,0,0,0,0,0,36,2026-02-04 18:03:11.323540,,,,,,
RTM1P54,2.78,2.77,2.79,1000000.0,1000000.0,0,0,0,0,0,0,36,2026-02-04 18:03:11.323540,,,,,,
RTM,51.84,51.83,51.85,100000000.0,100000000.0,0,0,0,0,0,0,37,2026-02-04 18:03:12.432943
RTM1C45,6.89,6.88,6.9,1000000.0,1000000.0,0,0,0,0,0,0,37,2026-02-04 18:03:12.432943
RTM1P45,0.05,0.04,0.06,1000000.0,1000000.0,0,0,0,0,0,0,37,2026-02-04 18:03:12.432943
RTM1C46,5.96,5.95,5.97,1000000.0,1000000.0,0,0,0,0,0,0,37,2026-02-04 18:03:12.432943
RTM1P46,0.11,0.1,0.12,1000000.0,1000000.0,0,0,0,0,0,0,37,2026-02-04 18:03:12.432943
RTM1C47,5.03,5.02,5.04,1000000.0,1000000.0,0,0,0,0,0,0,37,2026-02-04 18:03:12.432943
RTM1P47,0.19,0.18,0.2,1000000.0,1000000.0,0,0,0,0,0,0,37,2026-02-04 18:03:12.432943
RTM1C48,4.17,4.16,4.18,1000000.0,1000000.0,0,0,0,0,0,0,37,2026-02-04 18:03:12.432943
RTM1P48,0.33,0.32,0.34,1000000.0,1000000.0,0,0,0,0,0,0,37,2026-02-04 18:03:12.432943
RTM1C49,3.39,3.38,3.4,1000000.0,1000000.0,0,0,0,0,0,0,37,2026-02-04 18:03:12.432943
RTM1P49,0.55,0.54,0.56,1000000.0,1000000.0,0,0,0,0,0,0,37,2026-02-04 18:03:12.432943
RTM1C50,2.71,2.7,2.72,1000000.0,1000000.0,0,0,0,0,0,0,37,2026-02-04 18:03:12.432943
RTM1P50,0.87,0.86,0.88,1000000.0,1000000.0,0,0,0,0,0,0,37,2026-02-04 18:03:12.432943
RTM1C51,2.06,2.05,2.07,1000000.0,1000000.0,0,0,0,0,0,0,37,2026-02-04 18:03:12.432943
RTM1P51,1.21,1.2,1.22,1000000.0,1000000.0,0,0,0,0,0,0,37,2026-02-04 18:03:12.432943
RTM1C52,1.58,1.57,1.59,1000000.0,1000000.0,0,0,0,0,0,0,37,2026-02-04 18:03:12.432943
RTM1P52,1.74,1.73,1.75,1000000.0,1000000.0,0,0,0,0,0,0,37,2026-02-04 18:03:12.432943
RTM1C53,1.04,1.03,1.05,1000000.0,1000000.0,0,0,0,0,0,0,37,2026-02-04 18:03:12.432943
RTM1P53,2.2,2.19,2.21,1000000.0,1000000.0,0,0,0,0,0,0,37,2026-02-04 18:03:12.432943
RTM1C54,0.75,0.74,0.76,1000000.0,1000000.0,0,0,0,0,0,0,37,2026-02-04 18:03:12.432943
RTM1P54,2.91,2.9,2.92,1000000.0,1000000.0,0,0,0,0,0,0,37,2026-02-04 18:03:12.432943
RTM,51.71,51.7,51.72,100000000.0,100000000.0,0,0,0,0,0,0,38,2026-02-04 18:03:13.516985
RTM1C45,6.76,6.75,6.77,1000000.0,1000000.0,0,0,0,0,0,0,38,2026-02-04 18:03:13.516985
RTM1P45,0.06,0.05,0.07,1000000.0,1000000.0,0,0,0,0,0,0,38,2026-02-04 18:03:13.516985
RTM1C46,5.83,5.82,5.84,1000000.0,1000000.0,0,0,0,0,0,0,38,2026-02-04 18:03:13.516985
RTM1P46,0.13,0.12,0.14,1000000.0,1000000.0,0,0,0,0,0,0,38,2026-02-04 18:03:13.516985
RTM1C47,4.93,4.92,4.94,1000000.0,1000000.0,0,0,0,0,0,0,38,2026-02-04 18:03:13.516985
RTM1P47,0.22,0.21,0.23,1000000.0,1000000.0,0,0,0,0,0,0,38,2026-02-04 18:03:13.516985
RTM1C48,4.06,4.05,4.07,1000000.0,1000000.0,0,0,0,0,0,0,38,2026-02-04 18:03:13.516985
RTM1P48,0.36,0.35,0.37,1000000.0,1000000.0,0,0,0,0,0,0,38,2026-02-04 18:03:13.516985
RTM1C49,3.28,3.27,3.29,1000000.0,1000000.0,0,0,0,0,0,0,38,2026-02-04 18:03:13.516985
RTM1P49,0.57,0.56,0.58,1000000.0,1000000.0,0,0,0,0,0,0,38,2026-02-04 18:03:13.516985
RTM1C50,2.6,2.59,2.61,1000000.0,1000000.0,0,0,0,0,0,0,38,2026-02-04 18:03:13.516985
RTM1P50,0.89,0.88,0.9,1000000.0,1000000.0,0,0,0,0,0,0,38,2026-02-04 18:03:13.516985
RTM1C51,1.98,1.97,1.99,1000000.0,1000000.0,0,0,0,0,0,0,38,2026-02-04 18:03:13.516985
RTM1P51,1.27,1.26,1.28,1000000.0,1000000.0,0,0,0,0,0,0,38,2026-02-04 18:03:13.516985
RTM1C52,1.47,1.46,1.48,1000000.0,1000000.0,0,0,0,0,0,0,38,2026-02-04 18:03:13.516985
RTM1P52,1.76,1.75,1.77,1000000.0,1000000.0,0,0,0,0,0,0,38,2026-02-04 18:03:13.516985
RTM1C53,1.06,1.05,1.07,1000000.0,1000000.0,0,0,0,0,0,0,38,2026-02-04 18:03:13.516985
RTM1P53,2.35,2.34,2.36,1000000.0,1000000.0,0,0,0,0,0,0,38,2026-02-04 18:03:13.516985
RTM1C54,0.72,0.71,0.73,1000000.0,1000000.0,0,0,0,0,0,0,38,2026-02-04 18:03:13.516985
RTM1P54,3.01,3.0,3.02,1000000.0,1000000.0,0,0,0,0,0,0,38,2026-02-04 18:03:13.516985
RTM,51.72,51.71,51.73,100000000.0,100000000.0,0,0,0,0,0,0,39,2026-02-04 18:03:14.095357
RTM1C45,6.78,6.77,6.79,1000000.0,1000000.0,0,0,0,0,0,0,39,2026-02-04 18:03:14.095357
RTM1P45,0.06,0.05,0.07,1000000.0,1000000.0,0,0,0,0,0,0,39,2026-02-04 18:03:14.095357
RTM1C46,5.83,5.82,5.84,1000000.0,1000000.0,0,0,0,0,0,0,39,2026-02-04 18:03:14.095357
RTM1P46,0.11,0.1,0.12,1000000.0,1000000.0,0,0,0,0,0,0,39,2026-02-04 18:03:14.095357
RTM1C47,4.94,4.93,4.95,1000000.0,1000000.0,0,0,0,0,0,0,39,2026-02-04 18:03:14.095357
RTM1P47,0.22,0.21,0.23,1000000.0,1000000.0,0,0,0,0,0,0,39,2026-02-04 18:03:14.095357
RTM1C48,4.1,4.09,4.11,1000000.0,1000000.0,0,0,0,0,0,0,39,2026-02-04 18:03:14.095357
RTM1P48,0.38,0.37,0.39,1000000.0,1000000.0,0,0,0,0,0,0,39,2026-02-04 18:03:14.095357
RTM1C49,3.3,3.29,3.31,1000000.0,1000000.0,0,0,0,0,0,0,39,2026-02-04 18:03:14.095357
RTM1P49,0.58,0.57,0.59,1000000.0,1000000.0,0,0,0,0,0,0,39,2026-02-04 18:03:14.095357
RTM1C50,2.63,2.62,2.64,1000000.0,1000000.0,0,0,0,0,0,0,39,2026-02-04 18:03:14.095357
RTM1P50,0.91,0.9,0.92,1000000.0,1000000.0,0,0,0,0,0,0,39,2026-02-04 18:03:14.095357
RTM1C51,2.01,2.0,2.02,1000000.0,1000000.0,0,0,0,0,0,0,39,2026-02-04 18:03:14.095357
RTM1P51,1.29,1.28,1.3,1000000.0,1000000.0,0,0,0,0,0,0,39,2026-02-04 18:03:14.095357
RTM1C52,1.51,1.5,1.52,1000000.0,1000000.0,0,0,0,0,0,0,39,2026-02-04 18:03:14.095357
RTM1P52,1.79,1.78,1.8,1000000.0,1000000.0,0,0,0,0,0,0,39,2026-02-04 18:03:14.095357
RTM1C53,1.08,1.07,1.09,1000000.0,1000000.0,0,0,0,0,0,0,39,2026-02-04 18:03:14.095357
RTM1P53,2.37,2.36,2.38,1000000.0,1000000.0,0,0,0,0,0,0,39,2026-02-04 18:03:14.095357
RTM1C54,0.76,0.75,0.77,1000000.0,1000000.0,0,0,0,0,0,0,39,2026-02-04 18:03:14.095357
RTM1P54,3.04,3.03,3.05,1000000.0,1000000.0,0,0,0,0,0,0,39,2026-02-04 18:03:14.095357
RTM,51.42,51.41,51.43,100000000.0,100000000.0,0,0,0,0,0,0,40,2026-02-04 18:03:15.171611
RTM1C45,6.49,6.48,6.5,1000000.0,1000000.0,0,0,0,0,0,0,40,2026-02-04 18:03:15.171611
RTM1P45,0.07,0.06,0.08,1000000.0,1000000.0,0,0,0,0,0,0,40,2026-02-04 18:03:15.171611
RTM1C46,5.56,5.55,5.57,1000000.0,1000000.0,0,0,0,0,0,0,40,2026-02-04 18:03:15.171611
RTM1P46,0.14,0.13,0.15,1000000.0,1000000.0,0,0,0,0,0,0,40,2026-02-04 18:03:15.171611
RTM1C47,4.69,4.68,4.7,1000000.0,1000000.0,0,0,0,0,0,0,40,2026-02-04 18:03:15.171611
RTM1P47,0.27,0.26,0.28,1000000.0,1000000.0,0,0,0,0,0,0,40,2026-02-04 18:03:15.171611
RTM1C48,3.85,3.84,3.86,1000000.0,1000000.0,0,0,0,0,0,0,40,2026-02-04 18:03:15.171611
RTM1P48,0.43,0.42,0.44,1000000.0,1000000.0,0,0,0,0,0,0,40,2026-02-04 18:03:15.171611
RTM1C49,3.08,3.07,3.09,1000000.0,1000000.0,0,0,0,0,0,0,40,2026-02-04 18:03:15.171611
RTM1P49,0.66,0.65,0.67,1000000.0,1000000.0,0,0,0,0,0,0,40,2026-02-04 18:03:15.171611
RTM1C50,2.43,2.42,2.44,1000000.0,1000000.0,0,0,0,0,0,0,40,2026-02-04 18:03:15.171611
RTM1P50,1.01,1.0,1.02,1000000.0,1000000.0,0,0,0,0,0,0,40,2026-02-04 18:03:15.171611
RTM1C51,1.87,1.86,1.88,1000000.0,1000000.0,0,0,0,0,0,0,40,2026-02-04 18:03:15.171611
RTM1P51,1.45,1.44,1.46,1000000.0,1000000.0,0,0,0,0,0,0,40,2026-02-04 18:03:15.171611
RTM1C52,1.4,1.39,1.41,1000000.0,1000000.0,0,0,0,0,0,0,40,2026-02-04 18:03:15.171611
RTM1P52,1.97,1.96,1.98,1000000.0,1000000.0,0,0,0,0,0,0,40,2026-02-04 18:03:15.171611
RTM1C53,0.98,0.97,0.99,1000000.0,1000000.0,0,0,0,0,0,0,40,2026-02-04 18:03:15.171611
RTM1P53,2.56,2.55,2.57,1000000.0,1000000.0,0,0,0,0,0,0,40,2026-02-04 18:03:15.171611
RTM1C54,0.67,0.66,0.68,1000000.0,1000000.0,0,0,0,0,0,0,40,2026-02-04 18:03:15.171611
RTM1P54,3.25,3.24,3.26,1000000.0,1000000.0,0,0,0,0,0,0,40,2026-02-04 18:03:15.171611
RTM,51.3,51.29,51.31,100000000.0,100000000.0,0,0,0,0,0,0,41,2026-02-04 18:03:16.234670
RTM1C45,6.38,6.37,6.39,1000000.0,1000000.0,0,0,0,0,0,0,41,2026-02-04 18:03:16.234670
RTM1P45,0.09,0.08,0.1,1000000.0,1000000.0,0,0,0,0,0,0,41,2026-02-04 18:03:16.234670
RTM1C46,5.44,5.43,5.45,1000000.0,1000000.0,0,0,0,0,0,0,41,2026-02-04 18:03:16.234670
RTM1P46,0.14,0.13,0.15,1000000.0,1000000.0,0,0,0,0,0,0,41,2026-02-04 18:03:16.234670
RTM1C47,4.58,4.57,4.59,1000000.0,1000000.0,0,0,0,0,0,0,41,2026-02-04 18:03:16.234670
RTM1P47,0.28,0.27,0.29,1000000.0,1000000.0,0,0,0,0,0,0,41,2026-02-04 18:03:16.234670
RTM1C48,3.77,3.76,3.78,1000000.0,1000000.0,0,0,0,0,0,0,41,2026-02-04 18:03:16.234670
RTM1P48,0.47,0.46,0.48,1000000.0,1000000.0,0,0,0,0,0,0,41,2026-02-04 18:03:16.234670
RTM1C49,3.02,3.01,3.03,1000000.0,1000000.0,0,0,0,0,0,0,41,2026-02-04 18:03:16.234670
RTM1P49,0.73,0.72,0.74,1000000.0,1000000.0,0,0,0,0,0,0,41,2026-02-04 18:03:16.234670
RTM1C50,2.34,2.33,2.35,1000000.0,1000000.0,0,0,0,0,0,0,41,2026-02-04 18:03:16.234670
RTM1P50,1.04,1.03,1.05,1000000.0,1000000.0,0,0,0,0,0,0,41,2026-02-04 18:03:16.234670
RTM1C51,1.78,1.77,1.79,1000000.0,1000000.0,0,0,0,0,0,0,41,2026-02-04 18:03:16.234670
RTM1P51,1.48,1.47,1.49,1000000.0,1000000.0,0,0,0,0,0,0,41,2026-02-04 18:03:16.234670
RTM1C52,1.32,1.31,1.33,1000000.0,1000000.0,0,0,0,0,0,0,41,2026-02-04 18:03:16.234670
RTM1P52,2.02,2.01,2.03,1000000.0,1000000.0,0,0,0,0,0,0,41,2026-02-04 18:03:16.234670
RTM1C53,0.95,0.94,0.96,1000000.0,1000000.0,0,0,0,0,0,0,41,2026-02-04 18:03:16.234670
RTM1P53,2.65,2.64,2.66,1000000.0,1000000.0,0,0,0,0,0,0,41,2026-02-04 18:03:16.234670
RTM1C54,0.66,0.65,0.67,1000000.0,1000000.0,0,0,0,0,0,0,41,2026-02-04 18:03:16.234670
RTM1P54,3.36,3.35,3.37,1000000.0,1000000.0,0,0,0,0,0,0,41,2026-02-04 18:03:16.234670
RTM,51.91,51.9,51.92,100000000.0,100000000.0,0,0,0,0,0,0,42,2026-02-04 18:03:17.308593
RTM1C45,6.97,6.96,6.98,1000000.0,1000000.0,0,0,0,0,0,0,42,2026-02-04 18:03:17.308593
RTM1P45,0.06,0.05,0.07,1000000.0,1000000.0,0,0,0,0,0,0,42,2026-02-04 18:03:17.308593
RTM1C46,6.02,6.01,6.03,1000000.0,1000000.0,0,0,0,0,0,0,42,2026-02-04 18:03:17.308593
RTM1P46,0.11,0.1,0.12,1000000.0,1000000.0,0,0,0,0,0,0,42,2026-02-04 18:03:17.308593
RTM1C47,5.12,5.11,5.13,1000000.0,1000000.0,0,0,0,0,0,0,42,2026-02-04 18:03:17.308593
RTM1P47,0.21,0.2,0.22,1000000.0,1000000.0,0,0,0,0,0,0,42,2026-02-04 18:03:17.308593
RTM1C48,4.26,4.25,4.27,1000000.0,1000000.0,0,0,0,0,0,0,42,2026-02-04 18:03:17.308593
RTM1P48,0.36,0.35,0.37,1000000.0,1000000.0,0,0,0,0,0,0,42,2026-02-04 18:03:17.308593
RTM1C49,3.48,3.47,3.49,1000000.0,1000000.0,0,0,0,0,0,0,42,2026-02-04 18:03:17.308593
RTM1P49,0.57,0.56,0.58,1000000.0,1000000.0,0,0,0,0,0,0,42,2026-02-04 18:03:17.308593
RTM1C50,2.76,2.75,2.77,1000000.0,1000000.0,0,0,0,0,0,0,42,2026-02-04 18:03:17.308593
RTM1P50,0.85,0.84,0.86,1000000.0,1000000.0,0,0,0,0,0,0,42,2026-02-04 18:03:17.308593
RTM1C51,2.14,2.13,2.15,1000000.0,1000000.0,0,0,0,0,0,0,42,2026-02-04 18:03:17.308593
RTM1P51,1.24,1.23,1.25,1000000.0,1000000.0,0,0,0,0,0,0,42,2026-02-04 18:03:17.308593
RTM1C52,1.64,1.63,1.65,1000000.0,1000000.0,0,0,0,0,0,0,42,2026-02-04 18:03:17.308593
RTM1P52,1.73,1.72,1.74,1000000.0,1000000.0,0,0,0,0,0,0,42,2026-02-04 18:03:17.308593
RTM1C53,1.18,1.17,1.19,1000000.0,1000000.0,0,0,0,0,0,0,42,2026-02-04 18:03:17.308593
RTM1P53,2.28,2.27,2.29,1000000.0,1000000.0,0,0,0,0,0,0,42,2026-02-04 18:03:17.308593
RTM1C54,0.85,0.84,0.86,1000000.0,1000000.0,0,0,0,0,0,0,42,2026-02-04 18:03:17.308593
RTM1P54,2.94,2.93,2.95,1000000.0,1000000.0,0,0,0,0,0,0,42,2026-02-04 18:03:17.308593
RTM,52.12,52.11,52.13,100000000.0,100000000.0,0,0,0,0,0,0,43,2026-02-04 18:03:18.423634
RTM1C45,7.17,7.16,7.18,1000000.0,1000000.0,0,0,0,0,0,0,43,2026-02-04 18:03:18.423634
RTM1P45,0.06,0.05,0.07,1000000.0,1000000.0,0,0,0,0,0,0,43,2026-02-04 18:03:18.423634
RTM1C46,6.22,6.21,6.23,1000000.0,1000000.0,0,0,0,0,0,0,43,2026-02-04 18:03:18.423634
RTM1P46,0.1,0.09,0.11,1000000.0,1000000.0,0,0,0,0,0,0,43,2026-02-04 18:03:18.423634
RTM1C47,5.31,5.3,5.32,1000000.0,1000000.0,0,0,0,0,0,0,43,2026-02-04 18:03:18.423634
RTM1P47,0.19,0.18,0.2,1000000.0,1000000.0,0,0,0,0,0,0,43,2026-02-04 18:03:18.423634
RTM1C48,4.45,4.44,4.46,1000000.0,1000000.0,0,0,0,0,0,0,43,2026-02-04 18:03:18.423634
RTM1P48,0.33,0.32,0.34,1000000.0,1000000.0,0,0,0,0,0,0,43,2026-02-04 18:03:18.423634
RTM1C49,3.65,3.64,3.66,1000000.0,1000000.0,0,0,0,0,0,0,43,2026-02-04 18:03:18.423634
RTM1P49,0.53,0.52,0.54,1000000.0,1000000.0,0,0,0,0,0,0,43,2026-02-04 18:03:18.423634
RTM1C50,2.91,2.9,2.92,1000000.0,1000000.0,0,0,0,0,0,0,43,2026-02-04 18:03:18.423634
RTM1P50,0.8,0.79,0.81,1000000.0,1000000.0,0,0,0,0,0,0,43,2026-02-04 18:03:18.423634
RTM1C51,2.29,2.28,2.3,1000000.0,1000000.0,0,0,0,0,0,0,43,2026-02-04 18:03:18.423634
RTM1P51,1.17,1.16,1.18,1000000.0,1000000.0,0,0,0,0,0,0,43,2026-02-04 18:03:18.423634
RTM1C52,1.75,1.74,1.76,1000000.0,1000000.0,0,0,0,0,0,0,43,2026-02-04 18:03:18.423634
RTM1P52,1.63,1.62,1.64,1000000.0,1000000.0,0,0,0,0,0,0,43,2026-02-04 18:03:18.423634
RTM1C53,1.29,1.28,1.3,1000000.0,1000000.0,0,0,0,0,0,0,43,2026-02-04 18:03:18.423634
RTM1P53,2.17,2.16,2.18,1000000.0,1000000.0,0,0,0,0,0,0,43,2026-02-04 18:03:18.423634
RTM1C54,0.94,0.93,0.95,1000000.0,1000000.0,0,0,0,0,0,0,43,2026-02-04 18:03:18.423634
RTM1P54,2.82,2.81,2.83,1000000.0,1000000.0,0,0,0,0,0,0,43,2026-02-04 18:03:18.423634
RTM,51.98,51.97,51.99,100000000.0,100000000.0,0,0,0,0,0,0,44,2026-02-04 18:03:19.512486
RTM1C45,7.04,7.03,7.05,1000000.0,1000000.0,0,0,0,0,0,0,44,2026-02-04 18:03:19.512486
RTM1P45,0.06,0.05,0.07,1000000.0,1000000.0,0,0,0,0,0,0,44,2026-02-04 18:03:19.512486
RTM1C46,6.1,6.09,6.11,1000000.0,1000000.0,0,0,0,0,0,0,44,2026-02-04 18:03:19.512486
RTM1P46,0.11,0.1,0.12,1000000.0,1000000.0,0,0,0,0,0,0,44,2026-02-04 18:03:19.512486
RTM1C47,5.19,5.18,5.2,1000000.0,1000000.0,0,0,0,0,0,0,44,2026-02-04 18:03:19.512486
RTM1P47,0.21,0.2,0.22,1000000.0,1000000.0,0,0,0,0,0,0,44,2026-02-04 18:03:19.512486
RTM1C48,4.34,4.33,4.35,1000000.0,1000000.0,0,0,0,0,0,0,44,2026-02-04 18:03:19.512486
RTM1P48,0.36,0.35,0.37,1000000.0,1000000.0,0,0,0,0,0,0,44,2026-02-04 18:03:19.512486
RTM1C49,3.55,3.54,3.56,1000000.0,1000000.0,0,0,0,0,0,0,44,2026-02-04 18:03:19.512486
RTM1P49,0.56,0.55,0.57,1000000.0,1000000.0,0,0,0,0,0,0,44,2026-02-04 18:03:19.512486
RTM1C50,2.84,2.83,2.85,1000000.0,1000000.0,0,0,0,0,0,0,44,2026-02-04 18:03:19.512486
RTM1P50,0.86,0.85,0.87,1000000.0,1000000.0,0,0,0,0,0,0,44,2026-02-04 18:03:19.512486
RTM1C51,2.21,2.2,2.22,1000000.0,1000000.0,0,0,0,0,0,0,44,2026-02-04 18:03:19.512486
RTM1P51,1.23,1.22,1.24,1000000.0,1000000.0,0,0,0,0,0,0,44,2026-02-04 18:03:19.512486
RTM1C52,1.68,1.67,1.69,1000000.0,1000000.0,0,0,0,0,0,0,44,2026-02-04 18:03:19.512486
RTM1P52,1.7,1.69,1.71,1000000.0,1000000.0,0,0,0,0,0,0,44,2026-02-04 18:03:19.512486
RTM1C53,1.24,1.23,1.25,1000000.0,1000000.0,0,0,0,0,0,0,44,2026-02-04 18:03:19.512486
RTM1P53,2.26,2.25,2.27,1000000.0,1000000.0,0,0,0,0,0,0,44,2026-02-04 18:03:19.512486
RTM1C54,0.9,0.89,0.91,1000000.0,1000000.0,0,0,0,0,0,0,44,2026-02-04 18:03:19.512486
RTM1P54,2.92,2.91,2.93,1000000.0,1000000.0,0,0,0,0,0,0,44,2026-02-04 18:03:19.512486
RTM,51.55,51.54,51.56,100000000.0,100000000.0,0,0,0,0,0,0,45,2026-02-04 18:03:20.120766
RTM1C45,6.63,6.62,6.64,1000000.0,1000000.0,0,0,0,0,0,0,45,2026-02-04 18:03:20.120766
RTM1P45,0.08,0.07,0.09,1000000.0,1000000.0,0,0,0,0,0,0,45,2026-02-04 18:03:20.120766
RTM1C46,5.69,5.68,5.7,1000000.0,1000000.0,0,0,0,0,0,0,45,2026-02-04 18:03:20.120766
RTM1P46,0.14,0.13,0.15,1000000.0,1000000.0,0,0,0,0,0,0,45,2026-02-04 18:03:20.120766
RTM1C47,4.79,4.78,4.8,1000000.0,1000000.0,0,0,0,0,0,0,45,2026-02-04 18:03:20.120766
RTM1P47,0.25,0.24,0.26,1000000.0,1000000.0,0,0,0,0,0,0,45,2026-02-04 18:03:20.120766
RTM1C48,3.97,3.96,3.98,1000000.0,1000000.0,0,0,0,0,0,0,45,2026-02-04 18:03:20.120766
RTM1P48,0.42,0.41,0.43,1000000.0,1000000.0,0,0,0,0,0,0,45,2026-02-04 18:03:20.120766
RTM1C49,3.22,3.21,3.23,1000000.0,1000000.0,0,0,0,0,0,0,45,2026-02-04 18:03:20.120766
RTM1P49,0.67,0.66,0.68,1000000.0,1000000.0,0,0,0,0,0,0,45,2026-02-04 18:03:20.120766
RTM1C50,2.54,2.53,2.55,1000000.0,1000000.0,0,0,0,0,0,0,45,2026-02-04 18:03:20.120766
RTM1P50,0.99,0.98,1.0,1000000.0,1000000.0,0,0,0,0,0,0,45,2026-02-04 18:03:20.120766
RTM1C51,1.91,1.9,1.92,1000000.0,1000000.0,0,0,0,0,0,0,45,2026-02-04 18:03:20.120766
RTM1P51,1.37,1.36,1.38,1000000.0,1000000.0,0,0,0,0,0,0,45,2026-02-04 18:03:20.120766
RTM1C52,1.47,1.46,1.48,1000000.0,1000000.0,0,0,0,0,0,0,45,2026-02-04 18:03:20.120766
RTM1P52,1.93,1.92,1.94,1000000.0,1000000.0,0,0,0,0,0,0,45,2026-02-04 18:03:20.120766
RTM1C53,1.09,1.08,1.1,1000000.0,1000000.0,0,0,0,0,0,0,45,2026-02-04 18:03:20.120766
RTM1P53,2.54,2.53,2.55,1000000.0,1000000.0,0,0,0,0,0,0,45,2026-02-04 18:03:20.120766
RTM1C54,0.77,0.76,0.78,1000000.0,1000000.0,0,0,0,0,0,0,45,2026-02-04 18:03:20.120766
RTM1P54,3.22,3.21,3.23,1000000.0,1000000.0,0,0,0,0,0,0,45,2026-02-04 18:03:20.120766
RTM,51.03,51.02,51.04,100000000.0,100000000.0,0,0,0,0,0,0,46,2026-02-04 18:03:21.199752
RTM1C45,6.15,6.14,6.16,1000000.0,1000000.0,0,0,0,0,0,0,46,2026-02-04 18:03:21.199752
RTM1P45,0.11,0.1,0.12,1000000.0,1000000.0,0,0,0,0,0,0,46,2026-02-04 18:03:21.199752
RTM1C46,5.21,5.2,5.22,1000000.0,1000000.0,0,0,0,0,0,0,46,2026-02-04 18:03:21.199752
RTM1P46,0.18,0.17,0.19,1000000.0,1000000.0,0,0,0,0,0,0,46,2026-02-04 18:03:21.199752
RTM1C47,4.35,4.34,4.36,1000000.0,1000000.0,0,0,0,0,0,0,46,2026-02-04 18:03:21.199752
RTM1P47,0.31,0.3,0.32,1000000.0,1000000.0,0,0,0,0,0,0,46,2026-02-04 18:03:21.199752
RTM1C48,3.54,3.53,3.55,1000000.0,1000000.0,0,0,0,0,0,0,46,2026-02-04 18:03:21.199752
RTM1P48,0.51,0.5,0.52,1000000.0,1000000.0,0,0,0,0,0,0,46,2026-02-04 18:03:21.199752
RTM1C49,2.82,2.81,2.83,1000000.0,1000000.0,0,0,0,0,0,0,46,2026-02-04 18:03:21.199752
RTM1P49,0.79,0.78,0.8,1000000.0,1000000.0,0,0,0,0,0,0,46,2026-02-04 18:03:21.199752
RTM1C50,2.22,2.21,2.23,1000000.0,1000000.0,0,0,0,0,0,0,46,2026-02-04 18:03:21.199752
RTM1P50,1.19,1.18,1.2,1000000.0,1000000.0,0,0,0,0,0,0,46,2026-02-04 18:03:21.199752
RTM1C51,1.71,1.7,1.72,1000000.0,1000000.0,0,0,0,0,0,0,46,2026-02-04 18:03:21.199752
RTM1P51,1.68,1.67,1.69,1000000.0,1000000.0,0,0,0,0,0,0,46,2026-02-04 18:03:21.199752
RTM1C52,1.2,1.19,1.21,1000000.0,1000000.0,0,0,0,0,0,0,46,2026-02-04 18:03:21.199752
RTM1P52,2.16,2.15,2.17,1000000.0,1000000.0,0,0,0,0,0,0,46,2026-02-04 18:03:21.199752
RTM1C53,0.91,0.9,0.92,1000000.0,1000000.0,0,0,0,0,0,0,46,2026-02-04 18:03:21.199752
RTM1P53,2.87,2.86,2.88,1000000.0,1000000.0,0,0,0,0,0,0,46,2026-02-04 18:03:21.199752
RTM1C54,0.59,0.58,0.6,1000000.0,1000000.0,0,0,0,0,0,0,46,2026-02-04 18:03:21.199752
RTM1P54,3.55,3.54,3.56,1000000.0,1000000.0,0,0,0,0,0,0,46,2026-02-04 18:03:21.199752
RTM,51.36,51.35,51.37,100000000.0,100000000.0,0,0,0,0,0,0,47,2026-02-04 18:03:22.269282
RTM1C45,6.46,6.45,6.47,1000000.0,1000000.0,0,0,0,0,0,0,47,2026-02-04 18:03:22.269282
RTM1P45,0.1,0.09,0.11,1000000.0,1000000.0,0,0,0,0,0,0,47,2026-02-04 18:03:22.269282
RTM1C46,5.53,5.52,5.54,1000000.0,1000000.0,0,0,0,0,0,0,47,2026-02-04 18:03:22.269282
RTM1P46,0.16,0.15,0.17,1000000.0,1000000.0,0,0,0,0,0,0,47,2026-02-04 18:03:22.269282
RTM1C47,4.62,4.61,4.63,1000000.0,1000000.0,0,0,0,0,0,0,47,2026-02-04 18:03:22.269282
RTM1P47,0.26,0.25,0.27,1000000.0,1000000.0,0,0,0,0,0,0,47,2026-02-04 18:03:22.269282
RTM1C48,3.84,3.83,3.85,1000000.0,1000000.0,0,0,0,0,0,0,47,2026-02-04 18:03:22.269282
RTM1P48,0.47,0.46,0.48,1000000.0,1000000.0,0,0,0,0,0,0,47,2026-02-04 18:03:22.269282
RTM1C49,3.1,3.09,3.11,1000000.0,1000000.0,0,0,0,0,0,0,47,2026-02-04 18:03:22.269282
RTM1P49,0.74,0.73,0.75,1000000.0,1000000.0,0,0,0,0,0,0,47,2026-02-04 18:03:22.269282
RTM1C50,2.42,2.41,2.43,1000000.0,1000000.0,0,0,0,0,0,0,47,2026-02-04 18:03:22.269282
RTM1P50,1.06,1.05,1.07,1000000.0,1000000.0,0,0,0,0,0,0,47,2026-02-04 18:03:22.269282
RTM1C51,1.84,1.83,1.85,1000000.0,1000000.0,0,0,0,0,0,0,47,2026-02-04 18:03:22.269282
RTM1P51,1.48,1.47,1.49,1000000.0,1000000.0,0,0,0,0,0,0,47,2026-02-04 18:03:22.269282
RTM1C52,1.42,1.41,1.43,1000000.0,1000000.0,0,0,0,0,0,0,47,2026-02-04 18:03:22.269282
RTM1P52,2.06,2.05,2.07,1000000.0,1000000.0,0,0,0,0,0,0,47,2026-02-04 18:03:22.269282
RTM1C53,1.03,1.02,1.04,1000000.0,1000000.0,0,0,0,0,0,0,47,2026-02-04 18:03:22.269282
RTM1P53,2.67,2.66,2.68,1000000.0,1000000.0,0,0,0,0,0,0,47,2026-02-04 18:03:22.269282
RTM1C54,0.72,0.71,0.73,1000000.0,1000000.0,0,0,0,0,0,0,47,2026-02-04 18:03:22.269282
RTM1P54,3.36,3.35,3.37,1000000.0,1000000.0,0,0,0,0,0,0,47,2026-02-04 18:03:22.269282
RTM,51.16,51.15,51.17,100000000.0,100000000.0,0,0,0,0,0,0,48,2026-02-04 18:03:23.341212
RTM1C45,6.25,6.24,6.26,1000000.0,1000000.0,0,0,0,0,0,0,48,2026-02-04 18:03:23.341212
RTM1P45,0.09,0.08,0.1,1000000.0,1000000.0,0,0,0,0,0,0,48,2026-02-04 18:03:23.341212
RTM1C46,5.35,5.34,5.36,1000000.0,1000000.0,0,0,0,0,0,0,48,2026-02-04 18:03:23.341212
RTM1P46,0.19,0.18,0.2,1000000.0,1000000.0,0,0,0,0,0,0,48,2026-02-04 18:03:23.341212
RTM1C47,4.5,4.49,4.51,1000000.0,1000000.0,0,0,0,0,0,0,48,2026-02-04 18:03:23.341212
RTM1P47,0.33,0.32,0.34,1000000.0,1000000.0,0,0,0,0,0,0,48,2026-02-04 18:03:23.341212
RTM1C48,3.66,3.65,3.67,1000000.0,1000000.0,0,0,0,0,0,0,48,2026-02-04 18:03:23.341212
RTM1P48,0.5,0.49,0.51,1000000.0,1000000.0,0,0,0,0,0,0,48,2026-02-04 18:03:23.341212
RTM1C49,2.94,2.93,2.95,1000000.0,1000000.0,0,0,0,0,0,0,48,2026-02-04 18:03:23.341212
RTM1P49,0.78,0.77,0.79,1000000.0,1000000.0,0,0,0,0,0,0,48,2026-02-04 18:03:23.341212
RTM1C50,2.31,2.3,2.32,1000000.0,1000000.0,0,0,0,0,0,0,48,2026-02-04 18:03:23.341212
RTM1P50,1.14,1.13,1.15,1000000.0,1000000.0,0,0,0,0,0,0,48,2026-02-04 18:03:23.341212
RTM1C51,1.73,1.72,1.74,1000000.0,1000000.0,0,0,0,0,0,0,48,2026-02-04 18:03:23.341212
RTM1P51,1.56,1.55,1.57,1000000.0,1000000.0,0,0,0,0,0,0,48,2026-02-04 18:03:23.341212
RTM1C52,1.35,1.34,1.36,1000000.0,1000000.0,0,0,0,0,0,0,48,2026-02-04 18:03:23.341212
RTM1P52,2.18,2.17,2.19,1000000.0,1000000.0,0,0,0,0,0,0,48,2026-02-04 18:03:23.341212
RTM1C53,0.86,0.85,0.87,1000000.0,1000000.0,0,0,0,0,0,0,48,2026-02-04 18:03:23.341212
RTM1P53,2.7,2.69,2.71,1000000.0,1000000.0,0,0,0,0,0,0,48,2026-02-04 18:03:23.341212
RTM1C54,0.62,0.61,0.63,1000000.0,1000000.0,0,0,0,0,0,0,48,2026-02-04 18:03:23.341212
RTM1P54,3.46,3.45,3.47,1000000.0,1000000.0,0,0,0,0,0,0,48,2026-02-04 18:03:23.341212
RTM,50.84,50.83,50.85,100000000.0,100000000.0,0,0,0,0,0,0,49,2026-02-04 18:03:24.529641
RTM1C45,5.96,5.95,5.97,1000000.0,1000000.0,0,0,0,0,0,0,49,2026-02-04 18:03:24.529641
RTM1P45,0.12,0.11,0.13,1000000.0,1000000.0,0,0,0,0,0,0,49,2026-02-04 18:03:24.529641
RTM1C46,5.03,5.02,5.04,1000000.0,1000000.0,0,0,0,0,0,0,49,2026-02-04 18:03:24.529641
RTM1P46,0.18,0.17,0.19,1000000.0,1000000.0,0,0,0,0,0,0,49,2026-02-04 18:03:24.529641
RTM1C47,4.2,4.19,4.21,1000000.0,1000000.0,0,0,0,0,0,0,49,2026-02-04 18:03:24.529641
RTM1P47,0.36,0.35,0.37,1000000.0,1000000.0,0,0,0,0,0,0,49,2026-02-04 18:03:24.529641
RTM1C48,3.44,3.43,3.45,1000000.0,1000000.0,0,0,0,0,0,0,49,2026-02-04 18:03:24.529641
RTM1P48,0.6,0.59,0.61,1000000.0,1000000.0,0,0,0,0,0,0,49,2026-02-04 18:03:24.529641
RTM1C49,2.7,2.69,2.71,1000000.0,1000000.0,0,0,0,0,0,0,49,2026-02-04 18:03:24.529641
RTM1P49,0.86,0.85,0.87,1000000.0,1000000.0,0,0,0,0,0,0,49,2026-02-04 18:03:24.529641
RTM1C50,2.13,2.12,2.14,1000000.0,1000000.0,0,0,0,0,0,0,49,2026-02-04 18:03:24.529641
RTM1P50,1.28,1.27,1.29,1000000.0,1000000.0,0,0,0,0,0,0,49,2026-02-04 18:03:24.529641
RTM1C51,1.55,1.54,1.56,1000000.0,1000000.0,0,0,0,0,0,0,49,2026-02-04 18:03:24.529641
RTM1P51,1.71,1.7,1.72,1000000.0,1000000.0,0,0,0,0,0,0,49,2026-02-04 18:03:24.529641
RTM1C52,1.13,1.12,1.14,1000000.0,1000000.0,0,0,0,0,0,0,49,2026-02-04 18:03:24.529641
RTM1P52,2.29,2.28,2.3,1000000.0,1000000.0,0,0,0,0,0,0,49,2026-02-04 18:03:24.529641
RTM1C53,0.81,0.8,0.82,1000000.0,1000000.0,0,0,0,0,0,0,49,2026-02-04 18:03:24.529641
RTM1P53,2.97,2.96,2.98,1000000.0,1000000.0,0,0,0,0,0,0,49,2026-02-04 18:03:24.529641
RTM1C54,0.54,0.53,0.55,1000000.0,1000000.0,0,0,0,0,0,0,49,2026-02-04 18:03:24.529641
RTM1P54,3.7,3.69,3.71,1000000.0,1000000.0,0,0,0,0,0,0,49,2026-02-04 18:03:24.529641
RTM,50.68,50.67,50.69,100000000.0,100000000.0,0,0,0,0,0,0,50,2026-02-04 18:03:25.133863
RTM1C45,5.82,5.81,5.83,1000000.0,1000000.0,0,0,0,0,0,0,50,2026-02-04 18:03:25.133863
RTM1P45,0.14,0.13,0.15,1000000.0,1000000.0,0,0,0,0,0,0,50,2026-02-04 18:03:25.133863
RTM1C46,4.91,4.9,4.92,1000000.0,1000000.0,0,0,0,0,0,0,50,2026-02-04 18:03:25.133863
RTM1P46,0.23,0.22,0.24,1000000.0,1000000.0,0,0,0,0,0,0,50,2026-02-04 18:03:25.133863
RTM1C47,4.08,4.07,4.09,1000000.0,1000000.0,0,0,0,0,0,0,50,2026-02-04 18:03:25.133863
RTM1P47,0.4,0.39,0.41,1000000.0,1000000.0,0,0,0,0,0,0,50,2026-02-04 18:03:25.133863
RTM1C48,3.27,3.26,3.28,1000000.0,1000000.0,0,0,0,0,0,0,50,2026-02-04 18:03:25.133863
RTM1P48,0.59,0.58,0.6,1000000.0,1000000.0,0,0,0,0,0,0,50,2026-02-04 18:03:25.133863
RTM1C49,2.6,2.59,2.61,1000000.0,1000000.0,0,0,0,0,0,0,50,2026-02-04 18:03:25.133863
RTM1P49,0.93,0.92,0.94,1000000.0,1000000.0,0,0,0,0,0,0,50,2026-02-04 18:03:25.133863
RTM1C50,1.99,1.98,2.0,1000000.0,1000000.0,0,0,0,0,0,0,50,2026-02-04 18:03:25.133863
RTM1P50,1.31,1.3,1.32,1000000.0,1000000.0,0,0,0,0,0,0,50,2026-02-04 18:03:25.133863
RTM1C51,1.52,1.51,1.53,1000000.0,1000000.0,0,0,0,0,0,0,50,2026-02-04 18:03:25.133863
RTM1P51,1.84,1.83,1.85,1000000.0,1000000.0,0,0,0,0,0,0,50,2026-02-04 18:03:25.133863
RTM1C52,1.06,1.05,1.07,1000000.0,1000000.0,0,0,0,0,0,0,50,2026-02-04 18:03:25.133863
RTM1P52,2.38,2.37,2.39,1000000.0,1000000.0,0,0,0,0,0,0,50,2026-02-04 18:03:25.133863
RTM1C53,0.77,0.76,0.78,1000000.0,1000000.0,0,0,0,0,0,0,50,2026-02-04 18:03:25.133863
RTM1P53,3.09,3.08,3.1,1000000.0,1000000.0,0,0,0,0,0,0,50,2026-02-04 18:03:25.133863
RTM1C54,0.55,0.54,0.56,1000000.0,1000000.0,0,0,0,0,0,0,50,2026-02-04 18:03:25.133863
RTM1P54,3.87,3.86,3.88,1000000.0,1000000.0,0,0,0,0,0,0,50,2026-02-04 18:03:25.133863
RTM,50.49,50.48,50.5,100000000.0,100000000.0,0,0,0,0,0,0,51,2026-02-04 18:03:26.198775
RTM1C45,5.63,5.62,5.64,1000000.0,1000000.0,0,0,0,0,0,0,51,2026-02-04 18:03:26.198775
RTM1P45,0.14,0.13,0.15,1000000.0,1000000.0,0,0,0,0,0,0,51,2026-02-04 18:03:26.198775
RTM1C46,4.72,4.71,4.73,1000000.0,1000000.0,0,0,0,0,0,0,51,2026-02-04 18:03:26.198775
RTM1P46,0.23,0.22,0.24,1000000.0,1000000.0,0,0,0,0,0,0,51,2026-02-04 18:03:26.198775
RTM1C47,3.9,3.89,3.91,1000000.0,1000000.0,0,0,0,0,0,0,51,2026-02-04 18:03:26.198775
RTM1P47,0.41,0.4,0.42,1000000.0,1000000.0,0,0,0,0,0,0,51,2026-02-04 18:03:26.198775
RTM1C48,3.16,3.15,3.17,1000000.0,1000000.0,0,0,0,0,0,0,51,2026-02-04 18:03:26.198775
RTM1P48,0.67,0.66,0.68,1000000.0,1000000.0,0,0,0,0,0,0,51,2026-02-04 18:03:26.198775
RTM1C49,2.44,2.43,2.45,1000000.0,1000000.0,0,0,0,0,0,0,51,2026-02-04 18:03:26.198775
RTM1P49,0.95,0.94,0.96,1000000.0,1000000.0,0,0,0,0,0,0,51,2026-02-04 18:03:26.198775
RTM1C50,1.9,1.89,1.91,1000000.0,1000000.0,0,0,0,0,0,0,51,2026-02-04 18:03:26.198775
RTM1P50,1.41,1.4,1.42,1000000.0,1000000.0,0,0,0,0,0,0,51,2026-02-04 18:03:26.198775
RTM1C51,1.33,1.32,1.34,1000000.0,1000000.0,0,0,0,0,0,0,51,2026-02-04 18:03:26.198775
RTM1P51,1.83,1.82,1.84,1000000.0,1000000.0,0,0,0,0,0,0,51,2026-02-04 18:03:26.198775
RTM1C52,0.96,0.95,0.97,1000000.0,1000000.0,0,0,0,0,0,0,51,2026-02-04 18:03:26.198775
RTM1P52,2.47,2.46,2.48,1000000.0,1000000.0,0,0,0,0,0,0,51,2026-02-04 18:03:26.198775
RTM1C53,0.67,0.66,0.68,1000000.0,1000000.0,0,0,0,0,0,0,51,2026-02-04 18:03:26.198775
RTM1P53,3.18,3.17,3.19,1000000.0,1000000.0,0,0,0,0,0,0,51,2026-02-04 18:03:26.198775
RTM1C54,0.46,0.45,0.47,1000000.0,1000000.0,0,0,0,0,0,0,51,2026-02-04 18:03:26.198775
RTM1P54,3.97,3.96,3.98,1000000.0,1000000.0,0,0,0,0,0,0,51,2026-02-04 18:03:26.198775
RTM,50.48,50.47,50.49,100000000.0,100000000.0,0,0,0,0,0,0,52,2026-02-04 18:03:27.271523
RTM1C45,5.61,5.6,5.62,1000000.0,1000000.0,0,0,0,0,0,0,52,2026-02-04 18:03:27.271523
RTM1P45,0.13,0.12,0.14,1000000.0,1000000.0,0,0,0,0,0,0,52,2026-02-04 18:03:27.271523
RTM1C46,4.72,4.71,4.73,1000000.0,1000000.0,0,0,0,0,0,0,52,2026-02-04 18:03:27.271523
RTM1P46,0.24,0.23,0.25,1000000.0,1000000.0,0,0,0,0,0,0,52,2026-02-04 18:03:27.271523
RTM1C47,3.88,3.87,3.89,1000000.0,1000000.0,0,0,0,0,0,0,52,2026-02-04 18:03:27.271523
RTM1P47,0.4,0.39,0.41,1000000.0,1000000.0,0,0,0,0,0,0,52,2026-02-04 18:03:27.271523
RTM1C48,3.14,3.13,3.15,1000000.0,1000000.0,0,0,0,0,0,0,52,2026-02-04 18:03:27.271523
RTM1P48,0.66,0.65,0.67,1000000.0,1000000.0,0,0,0,0,0,0,52,2026-02-04 18:03:27.271523
RTM1C49,2.46,2.45,2.47,1000000.0,1000000.0,0,0,0,0,0,0,52,2026-02-04 18:03:27.271523
RTM1P49,0.97,0.96,0.98,1000000.0,1000000.0,0,0,0,0,0,0,52,2026-02-04 18:03:27.271523
RTM1C50,1.83,1.82,1.84,1000000.0,1000000.0,0,0,0,0,0,0,52,2026-02-04 18:03:27.271523
RTM1P50,1.35,1.34,1.36,1000000.0,1000000.0,0,0,0,0,0,0,52,2026-02-04 18:03:27.271523
RTM1C51,1.42,1.41,1.43,1000000.0,1000000.0,0,0,0,0,0,0,52,2026-02-04 18:03:27.271523
RTM1P51,1.94,1.93,1.95,1000000.0,1000000.0,0,0,0,0,0,0,52,2026-02-04 18:03:27.271523
RTM1C52,0.94,0.93,0.95,1000000.0,1000000.0,0,0,0,0,0,0,52,2026-02-04 18:03:27.271523
RTM1P52,2.46,2.45,2.47,1000000.0,1000000.0,0,0,0,0,0,0,52,2026-02-04 18:03:27.271523
RTM1C53,0.69,0.68,0.7,1000000.0,1000000.0,0,0,0,0,0,0,52,2026-02-04 18:03:27.271523
RTM1P53,3.21,3.2,3.22,1000000.0,1000000.0,0,0,0,0,0,0,52,2026-02-04 18:03:27.271523
RTM1C54,0.48,0.47,0.49,1000000.0,1000000.0,0,0,0,0,0,0,52,2026-02-04 18:03:27.271523
RTM1P54,4.0,3.99,4.01,1000000.0,1000000.0,0,0,0,0,0,0,52,2026-02-04 18:03:27.271523
RTM,50.47,50.46,50.48,100000000.0,100000000.0,0,0,0,0,0,0,53,2026-02-04 18:03:28.361438
RTM1C45,5.59,5.58,5.6,1000000.0,1000000.0,0,0,0,0,0,0,53,2026-02-04 18:03:28.361438
RTM1P45,0.11,0.1,0.12,1000000.0,1000000.0,0,0,0,0,0,0,53,2026-02-04 18:03:28.361438
RTM1C46,4.71,4.7,4.72,1000000.0,1000000.0,0,0,0,0,0,0,53,2026-02-04 18:03:28.361438
RTM1P46,0.24,0.23,0.25,1000000.0,1000000.0,0,0,0,0,0,0,53,2026-02-04 18:03:28.361438
RTM1C47,3.89,3.88,3.9,1000000.0,1000000.0,0,0,0,0,0,0,53,2026-02-04 18:03:28.361438
RTM1P47,0.42,0.41,0.43,1000000.0,1000000.0,0,0,0,0,0,0,53,2026-02-04 18:03:28.361438
RTM1C48,3.15,3.14,3.16,1000000.0,1000000.0,0,0,0,0,0,0,53,2026-02-04 18:03:28.361438
RTM1P48,0.68,0.67,0.69,1000000.0,1000000.0,0,0,0,0,0,0,53,2026-02-04 18:03:28.361438
RTM1C49,2.48,2.47,2.49,1000000.0,1000000.0,0,0,0,0,0,0,53,2026-02-04 18:03:28.361438
RTM1P49,1.01,1.0,1.02,1000000.0,1000000.0,0,0,0,0,0,0,53,2026-02-04 18:03:28.361438
RTM1C50,1.87,1.86,1.88,1000000.0,1000000.0,0,0,0,0,0,0,53,2026-02-04 18:03:28.361438
RTM1P50,1.39,1.38,1.4,1000000.0,1000000.0,0,0,0,0,0,0,53,2026-02-04 18:03:28.361438
RTM1C51,1.34,1.33,1.35,1000000.0,1000000.0,0,0,0,0,0,0,53,2026-02-04 18:03:28.361438
RTM1P51,1.86,1.85,1.87,1000000.0,1000000.0,0,0,0,0,0,0,53,2026-02-04 18:03:28.361438
RTM1C52,0.97,0.96,0.98,1000000.0,1000000.0,0,0,0,0,0,0,53,2026-02-04 18:03:28.361438
RTM1P52,2.5,2.49,2.51,1000000.0,1000000.0,0,0,0,0,0,0,53,2026-02-04 18:03:28.361438
RTM1C53,0.66,0.65,0.67,1000000.0,1000000.0,0,0,0,0,0,0,53,2026-02-04 18:03:28.361438
RTM1P53,3.19,3.18,3.2,1000000.0,1000000.0,0,0,0,0,0,0,53,2026-02-04 18:03:28.361438
RTM1C54,0.46,0.45,0.47,1000000.0,1000000.0,0,0,0,0,0,0,53,2026-02-04 18:03:28.361438
RTM1P54,3.98,3.97,3.99,1000000.0,1000000.0,0,0,0,0,0,0,53,2026-02-04 18:03:28.361438
RTM,50.59,50.58,50.6,100000000.0,100000000.0,0,0,0,0,0,0,54,2026-02-04 18:03:29.470543
RTM1C45,5.71,5.7,5.72,1000000.0,1000000.0,0,0,0,0,0,0,54,2026-02-04 18:03:29.470543
RTM1P45,0.12,0.11,0.13,1000000.0,1000000.0,0,0,0,0,0,0,54,2026-02-04 18:03:29.470543
RTM1C46,4.84,4.83,4.85,1000000.0,1000000.0,0,0,0,0,0,0,54,2026-02-04 18:03:29.470543
RTM1P46,0.25,0.24,0.26,1000000.0,1000000.0,0,0,0,0,0,0,54,2026-02-04 18:03:29.470543
RTM1C47,3.96,3.95,3.97,1000000.0,1000000.0,0,0,0,0,0,0,54,2026-02-04 18:03:29.470543
RTM1P47,0.36,0.35,0.37,1000000.0,1000000.0,0,0,0,0,0,0,54,2026-02-04 18:03:29.470543
RTM1C48,3.2,3.19,3.21,1000000.0,1000000.0,0,0,0,0,0,0,54,2026-02-04 18:03:29.470543
RTM1P48,0.61,0.6,0.62,1000000.0,1000000.0,0,0,0,0,0,0,54,2026-02-04 18:03:29.470543
RTM1C49,2.49,2.48,2.5,1000000.0,1000000.0,0,0,0,0,0,0,54,2026-02-04 18:03:29.470543
RTM1P49,0.9,0.89,0.91,1000000.0,1000000.0,0,0,0,0,0,0,54,2026-02-04 18:03:29.470543
RTM1C50,1.94,1.93,1.95,1000000.0,1000000.0,0,0,0,0,0,0,54,2026-02-04 18:03:29.470543
RTM1P50,1.35,1.34,1.36,1000000.0,1000000.0,0,0,0,0,0,0,54,2026-02-04 18:03:29.470543
RTM1C51,1.42,1.41,1.43,1000000.0,1000000.0,0,0,0,0,0,0,54,2026-02-04 18:03:29.470543
RTM1P51,1.83,1.82,1.84,1000000.0,1000000.0,0,0,0,0,0,0,54,2026-02-04 18:03:29.470543
RTM1C52,1.02,1.01,1.03,1000000.0,1000000.0,0,0,0,0,0,0,54,2026-02-04 18:03:29.470543
RTM1P52,2.43,2.42,2.44,1000000.0,1000000.0,0,0,0,0,0,0,54,2026-02-04 18:03:29.470543
RTM1C53,0.73,0.72,0.74,1000000.0,1000000.0,0,0,0,0,0,0,54,2026-02-04 18:03:29.470543
RTM1P53,3.14,3.13,3.15,1000000.0,1000000.0,0,0,0,0,0,0,54,2026-02-04 18:03:29.470543
RTM1C54,0.5,0.49,0.51,1000000.0,1000000.0,0,0,0,0,0,0,54,2026-02-04 18:03:29.470543
RTM1P54,3.91,3.9,3.92,1000000.0,1000000.0,0,0,0,0,0,0,54,2026-02-04 18:03:29.470543
RTM,50.57,50.56,50.58,100000000.0,100000000.0,0,0,0,0,0,0,55,2026-02-04 18:03:30.583423
RTM1C45,5.7,5.69,5.71,1000000.0,1000000.0,0,0,0,0,0,0,55,2026-02-04 18:03:30.583423
RTM1P45,0.13,0.12,0.14,1000000.0,1000000.0,0,0,0,0,0,0,55,2026-02-04 18:03:30.583423
RTM1C46,4.79,4.78,4.8,1000000.0,1000000.0,0,0,0,0,0,0,55,2026-02-04 18:03:30.583423
RTM1P46,0.22,0.21,0.23,1000000.0,1000000.0,0,0,0,0,0,0,55,2026-02-04 18:03:30.583423
RTM1C47,3.94,3.93,3.95,1000000.0,1000000.0,0,0,0,0,0,0,55,2026-02-04 18:03:30.583423
RTM1P47,0.37,0.36,0.38,1000000.0,1000000.0,0,0,0,0,0,0,55,2026-02-04 18:03:30.583423
RTM1C48,3.19,3.18,3.2,1000000.0,1000000.0,0,0,0,0,0,0,55,2026-02-04 18:03:30.583423
RTM1P48,0.62,0.61,0.63,1000000.0,1000000.0,0,0,0,0,0,0,55,2026-02-04 18:03:30.583423
RTM1C49,2.53,2.52,2.54,1000000.0,1000000.0,0,0,0,0,0,0,55,2026-02-04 18:03:30.583423
RTM1P49,0.96,0.95,0.97,1000000.0,1000000.0,0,0,0,0,0,0,55,2026-02-04 18:03:30.583423
RTM1C50,1.88,1.87,1.89,1000000.0,1000000.0,0,0,0,0,0,0,55,2026-02-04 18:03:30.583423
RTM1P50,1.31,1.3,1.32,1000000.0,1000000.0,0,0,0,0,0,0,55,2026-02-04 18:03:30.583423
RTM1C51,1.47,1.46,1.48,1000000.0,1000000.0,0,0,0,0,0,0,55,2026-02-04 18:03:30.583423
RTM1P51,1.9,1.89,1.91,1000000.0,1000000.0,0,0,0,0,0,0,55,2026-02-04 18:03:30.583423
RTM1C52,1.05,1.04,1.06,1000000.0,1000000.0,0,0,0,0,0,0,55,2026-02-04 18:03:30.583423
RTM1P52,2.48,2.47,2.49,1000000.0,1000000.0,0,0,0,0,0,0,55,2026-02-04 18:03:30.583423
RTM1C53,0.75,0.74,0.76,1000000.0,1000000.0,0,0,0,0,0,0,55,2026-02-04 18:03:30.583423
RTM1P53,3.18,3.17,3.19,1000000.0,1000000.0,0,0,0,0,0,0,55,2026-02-04 18:03:30.583423
RTM1C54,0.47,0.46,0.48,1000000.0,1000000.0,0,0,0,0,0,0,55,2026-02-04 18:03:30.583423
