ticker,last_price,bid_price,ask_price,BUY_ANON,SELL_ANON,SELL_COLB-2,BUY_COLB-2,tick,timestamp,news_news_id,news_period,news_tick,news_ticker,news_headline,news_body
RTM,0.0,0.0,0.0,100000000.0,100000000.0,0,0,0,2026-02-02 23:35:13.183133,2.0,1.0,1.0,Week 1,Delta limit and penalty,The delta limit for this sub-heat is 14000 and the penalty percentage is 3%
RTM1C45,0.0,0.0,0.0,1000000.0,1000000.0,0,0,0,2026-02-02 23:35:13.183133,1.0,1.0,1.0,Week 1,Risk free rate and current annualized volatility of RTM,The current risk free rate is 0%. RTM is an ETF that mimics one of the major indices in the simulated world and its current annualized realized volatility is 26%. This simulation consists of 20 trading days that are each 15 ticks in length.
RTM1P45,0.0,0.0,0.0,1000000.0,1000000.0,0,0,0,2026-02-02 23:35:13.183133,,,,,,
RTM1C46,0.0,0.0,0.0,1000000.0,1000000.0,0,0,0,2026-02-02 23:35:13.183133,,,,,,
RTM1P46,0.0,0.0,0.0,1000000.0,1000000.0,0,0,0,2026-02-02 23:35:13.183133,,,,,,
RTM1C47,0.0,0.0,0.0,1000000.0,1000000.0,0,0,0,2026-02-02 23:35:13.183133,,,,,,
RTM1P47,0.0,0.0,0.0,1000000.0,1000000.0,0,0,0,2026-02-02 23:35:13.183133,,,,,,
RTM1C48,0.0,0.0,0.0,1000000.0,1000000.0,0,0,0,2026-02-02 23:35:13.183133,,,,,,
RTM1P48,0.0,0.0,0.0,1000000.0,1000000.0,0,0,0,2026-02-02 23:35:13.183133,,,,,,
RTM1C49,0.0,0.0,0.0,1000000.0,1000000.0,0,0,0,2026-02-02 23:35:13.183133,,,,,,
RTM1P49,0.0,0.0,0.0,1000000.0,1000000.0,0,0,0,2026-02-02 23:35:13.183133,,,,,,
RTM1C50,0.0,0.0,0.0,1000000.0,1000000.0,0,0,0,2026-02-02 23:35:13.183133,,,,,,
RTM1P50,0.0,0.0,0.0,1000000.0,1000000.0,0,0,0,2026-02-02 23:35:13.183133,,,,,,
RTM1C51,0.0,0.0,0.0,1000000.0,1000000.0,0,0,0,2026-02-02 23:35:13.183133,,,,,,
RTM1P51,0.0,0.0,0.0,1000000.0,1000000.0,0,0,0,2026-02-02 23:35:13.183133,,,,,,
RTM1C52,0.0,0.0,0.0,1000000.0,1000000.0,0,0,0,2026-02-02 23:35:13.183133,,,,,,
RTM1P52,0.0,0.0,0.0,1000000.0,1000000.0,0,0,0,2026-02-02 23:35:13.183133,,,,,,
RTM1C53,0.0,0.0,0.0,1000000.0,1000000.0,0,0,0,2026-02-02 23:35:13.183133,,,,,,
RTM1P53,0.0,0.0,0.0,1000000.0,1000000.0,0,0,0,2026-02-02 23:35:13.183133,,,,,,
RTM1C54,0.0,0.0,0.0,1000000.0,1000000.0,0,0,0,2026-02-02 23:35:13.183133,,,,,,
RTM1P54,0.0,0.0,0.0,1000000.0,1000000.0,0,0,0,2026-02-02 23:35:13.183133,,,,,,
RTM,50.0,49.99,50.01,100000000.0,100000000.0,0,0,1,2026-02-02 23:35:13.756291
RTM1C45,5.02,5.01,5.03,1000000.0,1000000.0,0,0,1,2026-02-02 23:35:13.756291
RTM1P45,0.02,0.01,0.03,1000000.0,1000000.0,0,0,1,2026-02-02 23:35:13.756291
RTM1C46,4.06,4.05,4.07,1000000.0,1000000.0,0,0,1,2026-02-02 23:35:13.756291
RTM1P46,0.06,0.05,0.07,1000000.0,1000000.0,0,0,1,2026-02-02 23:35:13.756291
RTM1C47,3.15,3.14,3.16,1000000.0,1000000.0,0,0,1,2026-02-02 23:35:13.756291
RTM1P47,0.15,0.14,0.16,1000000.0,1000000.0,0,0,1,2026-02-02 23:35:13.756291
RTM1C48,2.34,2.33,2.35,1000000.0,1000000.0,0,0,1,2026-02-02 23:35:13.756291
RTM1P48,0.34,0.33,0.35,1000000.0,1000000.0,0,0,1,2026-02-02 23:35:13.756291
RTM1C49,1.73,1.72,1.74,1000000.0,1000000.0,0,0,1,2026-02-02 23:35:13.756291
RTM1P49,0.73,0.72,0.74,1000000.0,1000000.0,0,0,1,2026-02-02 23:35:13.756291
RTM1C50,1.08,1.07,1.09,1000000.0,1000000.0,0,0,1,2026-02-02 23:35:13.756291
RTM1P50,1.08,1.07,1.09,1000000.0,1000000.0,0,0,1,2026-02-02 23:35:13.756291
RTM1C51,0.57,0.56,0.58,1000000.0,1000000.0,0,0,1,2026-02-02 23:35:13.756291
RTM1P51,1.57,1.56,1.58,1000000.0,1000000.0,0,0,1,2026-02-02 23:35:13.756291
RTM1C52,0.32,0.31,0.33,1000000.0,1000000.0,0,0,1,2026-02-02 23:35:13.756291
RTM1P52,2.32,2.31,2.33,1000000.0,1000000.0,0,0,1,2026-02-02 23:35:13.756291
RTM1C53,0.19,0.18,0.2,1000000.0,1000000.0,0,0,1,2026-02-02 23:35:13.756291
RTM1P53,3.19,3.18,3.2,1000000.0,1000000.0,0,0,1,2026-02-02 23:35:13.756291
RTM1C54,0.09,0.08,0.1,1000000.0,1000000.0,0,0,1,2026-02-02 23:35:13.756291
RTM1P54,4.09,4.08,4.1,1000000.0,1000000.0,0,0,1,2026-02-02 23:35:13.756291
RTM,50.14,50.13,50.15,100000000.0,100000000.0,0,0,2,2026-02-02 23:35:14.315279
RTM1C45,5.18,5.17,5.19,1000000.0,1000000.0,0,0,2,2026-02-02 23:35:14.315279
RTM1P45,0.04,0.03,0.05,1000000.0,1000000.0,0,0,2,2026-02-02 23:35:14.315279
RTM1C46,4.23,4.22,4.24,1000000.0,1000000.0,0,0,2,2026-02-02 23:35:14.315279
RTM1P46,0.09,0.08,0.1,1000000.0,1000000.0,0,0,2,2026-02-02 23:35:14.315279
RTM1C47,3.32,3.31,3.33,1000000.0,1000000.0,0,0,2,2026-02-02 23:35:14.315279
RTM1P47,0.18,0.17,0.19,1000000.0,1000000.0,0,0,2,2026-02-02 23:35:14.315279
RTM1C48,2.55,2.54,2.56,1000000.0,1000000.0,0,0,2,2026-02-02 23:35:14.315279
RTM1P48,0.41,0.4,0.42,1000000.0,1000000.0,0,0,2,2026-02-02 23:35:14.315279
RTM1C49,1.75,1.74,1.76,1000000.0,1000000.0,0,0,2,2026-02-02 23:35:14.315279
RTM1P49,0.61,0.6,0.62,1000000.0,1000000.0,0,0,2,2026-02-02 23:35:14.315279
RTM1C50,1.27,1.26,1.28,1000000.0,1000000.0,0,0,2,2026-02-02 23:35:14.315279
RTM1P50,1.13,1.12,1.14,1000000.0,1000000.0,0,0,2,2026-02-02 23:35:14.315279
RTM1C51,0.61,0.6,0.62,1000000.0,1000000.0,0,0,2,2026-02-02 23:35:14.315279
RTM1P51,1.47,1.46,1.48,1000000.0,1000000.0,0,0,2,2026-02-02 23:35:14.315279
RTM1C52,0.37,0.36,0.38,1000000.0,1000000.0,0,0,2,2026-02-02 23:35:14.315279
RTM1P52,2.23,2.22,2.24,1000000.0,1000000.0,0,0,2,2026-02-02 23:35:14.315279
RTM1C53,0.14,0.13,0.15,1000000.0,1000000.0,0,0,2,2026-02-02 23:35:14.315279
RTM1P53,3.0,2.99,3.01,1000000.0,1000000.0,0,0,2,2026-02-02 23:35:14.315279
RTM1C54,0.06,0.05,0.07,1000000.0,1000000.0,0,0,2,2026-02-02 23:35:14.315279
RTM1P54,3.92,3.91,3.93,1000000.0,1000000.0,0,0,2,2026-02-02 23:35:14.315279
RTM,50.1,50.09,50.11,100000000.0,100000000.0,0,0,3,2026-02-02 23:35:15.364856
RTM1C45,5.14,5.13,5.15,1000000.0,1000000.0,0,0,3,2026-02-02 23:35:15.364856
RTM1P45,0.04,0.03,0.05,1000000.0,1000000.0,0,0,3,2026-02-02 23:35:15.364856
RTM1C46,4.19,4.18,4.2,1000000.0,1000000.0,0,0,3,2026-02-02 23:35:15.364856
RTM1P46,0.08,0.07,0.09,1000000.0,1000000.0,0,0,3,2026-02-02 23:35:15.364856
RTM1C47,3.3,3.29,3.31,1000000.0,1000000.0,0,0,3,2026-02-02 23:35:15.364856
RTM1P47,0.19,0.18,0.2,1000000.0,1000000.0,0,0,3,2026-02-02 23:35:15.364856
RTM1C48,2.35,2.34,2.36,1000000.0,1000000.0,0,0,3,2026-02-02 23:35:15.364856
RTM1P48,0.25,0.24,0.26,1000000.0,1000000.0,0,0,3,2026-02-02 23:35:15.364856
RTM1C49,1.69,1.68,1.7,1000000.0,1000000.0,0,0,3,2026-02-02 23:35:15.364856
RTM1P49,0.59,0.58,0.6,1000000.0,1000000.0,0,0,3,2026-02-02 23:35:15.364856
RTM1C50,1.17,1.16,1.18,1000000.0,1000000.0,0,0,3,2026-02-02 23:35:15.364856
RTM1P50,1.07,1.06,1.08,1000000.0,1000000.0,0,0,3,2026-02-02 23:35:15.364856
RTM1C51,0.63,0.62,0.64,1000000.0,1000000.0,0,0,3,2026-02-02 23:35:15.364856
RTM1P51,1.52,1.51,1.53,1000000.0,1000000.0,0,0,3,2026-02-02 23:35:15.364856
RTM1C52,0.28,0.27,0.29,1000000.0,1000000.0,0,0,3,2026-02-02 23:35:15.364856
RTM1P52,2.17,2.16,2.18,1000000.0,1000000.0,0,0,3,2026-02-02 23:35:15.364856
RTM1C53,0.19,0.18,0.2,1000000.0,1000000.0,0,0,3,2026-02-02 23:35:15.364856
RTM1P53,3.08,3.07,3.09,1000000.0,1000000.0,0,0,3,2026-02-02 23:35:15.364856
RTM1C54,0.06,0.05,0.07,1000000.0,1000000.0,0,0,3,2026-02-02 23:35:15.364856
RTM1P54,3.95,3.94,3.96,1000000.0,1000000.0,0,0,3,2026-02-02 23:35:15.364856
RTM,50.07,50.06,50.08,100000000.0,100000000.0,0,0,4,2026-02-02 23:35:16.453658
RTM1C45,5.1,5.09,5.11,1000000.0,1000000.0,0,0,4,2026-02-02 23:35:16.453658
RTM1P45,0.03,0.02,0.04,1000000.0,1000000.0,0,0,4,2026-02-02 23:35:16.453658
RTM1C46,4.12,4.11,4.13,1000000.0,1000000.0,0,0,4,2026-02-02 23:35:16.453658
RTM1P46,0.04,0.03,0.05,1000000.0,1000000.0,0,0,4,2026-02-02 23:35:16.453658
RTM1C47,3.17,3.16,3.18,1000000.0,1000000.0,0,0,4,2026-02-02 23:35:16.453658
RTM1P47,0.09,0.08,0.1,1000000.0,1000000.0,0,0,4,2026-02-02 23:35:16.453658
RTM1C48,2.37,2.36,2.38,1000000.0,1000000.0,0,0,4,2026-02-02 23:35:16.453658
RTM1P48,0.3,0.29,0.31,1000000.0,1000000.0,0,0,4,2026-02-02 23:35:16.453658
RTM1C49,1.68,1.67,1.69,1000000.0,1000000.0,0,0,4,2026-02-02 23:35:16.453658
RTM1P49,0.6,0.59,0.61,1000000.0,1000000.0,0,0,4,2026-02-02 23:35:16.453658
RTM1C50,1.22,1.21,1.23,1000000.0,1000000.0,0,0,4,2026-02-02 23:35:16.453658
RTM1P50,1.14,1.13,1.15,1000000.0,1000000.0,0,0,4,2026-02-02 23:35:16.453658
RTM1C51,0.74,0.73,0.75,1000000.0,1000000.0,0,0,4,2026-02-02 23:35:16.453658
RTM1P51,1.67,1.66,1.68,1000000.0,1000000.0,0,0,4,2026-02-02 23:35:16.453658
RTM1C52,0.36,0.35,0.37,1000000.0,1000000.0,0,0,4,2026-02-02 23:35:16.453658
RTM1P52,2.29,2.28,2.3,1000000.0,1000000.0,0,0,4,2026-02-02 23:35:16.453658
RTM1C53,0.24,0.23,0.25,1000000.0,1000000.0,0,0,4,2026-02-02 23:35:16.453658
RTM1P53,3.16,3.15,3.17,1000000.0,1000000.0,0,0,4,2026-02-02 23:35:16.453658
RTM1C54,0.09,0.08,0.1,1000000.0,1000000.0,0,0,4,2026-02-02 23:35:16.453658
RTM1P54,4.02,4.01,4.03,1000000.0,1000000.0,0,0,4,2026-02-02 23:35:16.453658
RTM,49.94,49.93,49.95,100000000.0,100000000.0,0,0,5,2026-02-02 23:35:17.528452
RTM1C45,4.98,4.97,4.99,1000000.0,1000000.0,0,0,5,2026-02-02 23:35:17.528452
RTM1P45,0.04,0.03,0.05,1000000.0,1000000.0,0,0,5,2026-02-02 23:35:17.528452
RTM1C46,4.0,3.99,4.01,1000000.0,1000000.0,0,0,5,2026-02-02 23:35:17.528452
RTM1P46,0.06,0.05,0.07,1000000.0,1000000.0,0,0,5,2026-02-02 23:35:17.528452
RTM1C47,3.16,3.15,3.17,1000000.0,1000000.0,0,0,5,2026-02-02 23:35:17.528452
RTM1P47,0.22,0.21,0.23,1000000.0,1000000.0,0,0,5,2026-02-02 23:35:17.528452
RTM1C48,2.23,2.22,2.24,1000000.0,1000000.0,0,0,5,2026-02-02 23:35:17.528452
RTM1P48,0.29,0.28,0.3,1000000.0,1000000.0,0,0,5,2026-02-02 23:35:17.528452
RTM1C49,1.63,1.62,1.64,1000000.0,1000000.0,0,0,5,2026-02-02 23:35:17.528452
RTM1P49,0.69,0.68,0.7,1000000.0,1000000.0,0,0,5,2026-02-02 23:35:17.528452
RTM1C50,1.02,1.0,1.02,1000000.0,1000000.0,0,0,5,2026-02-02 23:35:17.528452
RTM1P50,1.07,1.06,1.08,1000000.0,1000000.0,0,0,5,2026-02-02 23:35:17.528452
RTM1C51,0.62,0.61,0.63,1000000.0,1000000.0,0,0,5,2026-02-02 23:35:17.528452
RTM1P51,1.68,1.67,1.69,1000000.0,1000000.0,0,0,5,2026-02-02 23:35:17.528452
RTM1C52,0.43,0.42,0.44,1000000.0,1000000.0,0,0,5,2026-02-02 23:35:17.528452
RTM1P52,2.49,2.48,2.5,1000000.0,1000000.0,0,0,5,2026-02-02 23:35:17.528452
RTM1C53,0.26,0.25,0.27,1000000.0,1000000.0,0,0,5,2026-02-02 23:35:17.528452
RTM1P53,3.32,3.31,3.33,1000000.0,1000000.0,0,0,5,2026-02-02 23:35:17.528452
RTM1C54,0.13,0.12,0.14,1000000.0,1000000.0,0,0,5,2026-02-02 23:35:17.528452
RTM1P54,4.19,4.18,4.2,1000000.0,1000000.0,0,0,5,2026-02-02 23:35:17.528452
RTM,49.84,49.83,49.85,100000000.0,100000000.0,,0,6,2026-02-02 23:35:18.588597
RTM1C45,4.88,4.87,4.89,1000000.0,1000000.0,,0,6,2026-02-02 23:35:18.588597
RTM1P45,0.03,0.02,0.04,1000000.0,1000000.0,,0,6,2026-02-02 23:35:18.588597
RTM1C46,3.89,3.88,3.9,1000000.0,1000000.0,,0,6,2026-02-02 23:35:18.588597
RTM1P46,0.04,0.03,0.05,1000000.0,1000000.0,,0,6,2026-02-02 23:35:18.588597
RTM1C47,3.11,3.09,3.11,1000000.0,1000000.0,,0,6,2026-02-02 23:35:18.588597
RTM1P47,0.25,0.24,0.26,1000000.0,1000000.0,,0,6,2026-02-02 23:35:18.588597
RTM1C48,2.31,2.3,2.32,1000000.0,1000000.0,,0,6,2026-02-02 23:35:18.588597
RTM1P48,0.46,0.45,0.47,1000000.0,1000000.0,,0,6,2026-02-02 23:35:18.588597
RTM1C49,1.51,1.5,1.52,1000000.0,1000000.0,,0,6,2026-02-02 23:35:18.588597
RTM1P49,0.67,0.66,0.68,1000000.0,1000000.0,,0,6,2026-02-02 23:35:18.588597
RTM1C50,1.05,1.04,1.06,1000000.0,1000000.0,,0,6,2026-02-02 23:35:18.588597
RTM1P50,1.21,1.2,1.22,1000000.0,1000000.0,,0,6,2026-02-02 23:35:18.588597
RTM1C51,0.72,0.71,0.73,1000000.0,1000000.0,,0,6,2026-02-02 23:35:18.588597
RTM1P51,1.87,1.86,1.88,1000000.0,1000000.0,,0,6,2026-02-02 23:35:18.588597
RTM1C52,0.42,0.41,0.43,1000000.0,1000000.0,,0,6,2026-02-02 23:35:18.588597
RTM1P52,2.58,2.57,2.59,1000000.0,1000000.0,100.0,0,6,2026-02-02 23:35:18.588597
RTM1C53,0.23,0.22,0.24,1000000.0,1000000.0,,0,6,2026-02-02 23:35:18.588597
RTM1P53,3.38,3.37,3.39,1000000.0,1000000.0,,0,6,2026-02-02 23:35:18.588597
RTM1C54,0.06,0.05,0.07,1000000.0,1000000.0,,0,6,2026-02-02 23:35:18.588597
RTM1P54,4.21,4.2,4.22,1000000.0,1000000.0,,0,6,2026-02-02 23:35:18.588597
RTM,50.25,50.25,50.27,100000000.0,100000000.0,,0,7,2026-02-02 23:35:19.640522
RTM1C45,5.29,5.28,5.3,1000000.0,1000000.0,,0,7,2026-02-02 23:35:19.640522
RTM1P45,0.03,0.02,0.04,1000000.0,1000000.0,,0,7,2026-02-02 23:35:19.640522
RTM1C46,4.32,4.31,4.33,1000000.0,1000000.0,,0,7,2026-02-02 23:35:19.640522
RTM1P46,0.06,0.05,0.07,1000000.0,1000000.0,,0,7,2026-02-02 23:35:19.640522
RTM1C47,3.4,3.39,3.41,1000000.0,1000000.0,,0,7,2026-02-02 23:35:19.640522
RTM1P47,0.15,0.14,0.16,1000000.0,1000000.0,,0,7,2026-02-02 23:35:19.640522
RTM1C48,2.56,2.55,2.57,1000000.0,1000000.0,,0,7,2026-02-02 23:35:19.640522
RTM1P48,0.3,0.29,0.31,1000000.0,1000000.0,,0,7,2026-02-02 23:35:19.640522
RTM1C49,1.72,1.71,1.73,1000000.0,1000000.0,,0,7,2026-02-02 23:35:19.640522
RTM1P49,0.46,0.45,0.47,1000000.0,1000000.0,100.0,0,7,2026-02-02 23:35:19.640522
RTM1C50,1.25,1.24,1.26,1000000.0,1000000.0,,0,7,2026-02-02 23:35:19.640522
RTM1P50,1.0,0.99,1.01,1000000.0,1000000.0,,0,7,2026-02-02 23:35:19.640522
RTM1C51,0.67,0.66,0.68,1000000.0,1000000.0,,0,7,2026-02-02 23:35:19.640522
RTM1P51,1.41,1.4,1.42,1000000.0,1000000.0,,0,7,2026-02-02 23:35:19.640522
RTM1C52,0.53,0.52,0.54,1000000.0,1000000.0,,0,7,2026-02-02 23:35:19.640522
RTM1P52,2.28,2.27,2.29,1000000.0,1000000.0,,0,7,2026-02-02 23:35:19.640522
RTM1C53,0.18,0.17,0.19,1000000.0,1000000.0,,0,7,2026-02-02 23:35:19.640522
RTM1P53,2.93,2.92,2.94,1000000.0,1000000.0,,0,7,2026-02-02 23:35:19.640522
RTM1C54,0.16,0.15,0.17,1000000.0,1000000.0,,0,7,2026-02-02 23:35:19.640522
RTM1P54,3.91,3.9,3.92,1000000.0,1000000.0,,0,7,2026-02-02 23:35:19.640522
RTM,50.09,50.08,50.1,100000000.0,100000000.0,,0,8,2026-02-02 23:35:20.695384
RTM1C45,5.12,5.11,5.13,1000000.0,1000000.0,,0,8,2026-02-02 23:35:20.695384
RTM1P45,0.03,0.02,0.04,1000000.0,1000000.0,,0,8,2026-02-02 23:35:20.695384
RTM1C46,4.17,4.16,4.18,1000000.0,1000000.0,,0,8,2026-02-02 23:35:20.695384
RTM1P46,0.08,0.07,0.09,1000000.0,1000000.0,,0,8,2026-02-02 23:35:20.695384
RTM1C47,3.21,3.2,3.22,1000000.0,1000000.0,,0,8,2026-02-02 23:35:20.695384
RTM1P47,0.13,0.12,0.14,1000000.0,1000000.0,,0,8,2026-02-02 23:35:20.695384
RTM1C48,2.37,2.36,2.38,1000000.0,1000000.0,,0,8,2026-02-02 23:35:20.695384
RTM1P48,0.28,0.27,0.29,1000000.0,1000000.0,,0,8,2026-02-02 23:35:20.695384
RTM1C49,1.62,1.61,1.63,1000000.0,1000000.0,,0,8,2026-02-02 23:35:20.695384
RTM1P49,0.53,0.52,0.54,1000000.0,1000000.0,,0,8,2026-02-02 23:35:20.695384
RTM1C50,1.1,1.09,1.11,1000000.0,1000000.0,,0,8,2026-02-02 23:35:20.695384
RTM1P50,1.01,1.0,1.02,1000000.0,1000000.0,,0,8,2026-02-02 23:35:20.695384
RTM1C51,0.65,0.64,0.66,1000000.0,1000000.0,45.0,0,8,2026-02-02 23:35:20.695384
RTM1P51,1.56,1.55,1.57,1000000.0,1000000.0,45.0,0,8,2026-02-02 23:35:20.695384
RTM1C52,0.42,0.41,0.43,1000000.0,1000000.0,,0,8,2026-02-02 23:35:20.695384
RTM1P52,2.33,2.32,2.34,1000000.0,1000000.0,,0,8,2026-02-02 23:35:20.695384
RTM1C53,0.18,0.17,0.19,1000000.0,1000000.0,,0,8,2026-02-02 23:35:20.695384
RTM1P53,3.1,3.09,3.11,1000000.0,1000000.0,,0,8,2026-02-02 23:35:20.695384
RTM1C54,0.1,0.09,0.11,1000000.0,1000000.0,,0,8,2026-02-02 23:35:20.695384
RTM1P54,4.01,4.0,4.02,1000000.0,1000000.0,,0,8,2026-02-02 23:35:20.695384
RTM,50.48,50.47,50.49,100000000.0,100000000.0,,0,9,2026-02-02 23:35:21.256441
RTM1C45,5.51,5.5,5.52,1000000.0,1000000.0,,0,9,2026-02-02 23:35:21.256441
RTM1P45,0.02,0.01,0.03,1000000.0,1000000.0,,0,9,2026-02-02 23:35:21.256441
RTM1C46,4.52,4.51,4.53,1000000.0,1000000.0,,0,9,2026-02-02 23:35:21.256441
RTM1P46,0.04,0.03,0.05,1000000.0,1000000.0,,0,9,2026-02-02 23:35:21.256441
RTM1C47,3.66,3.65,3.67,1000000.0,1000000.0,,0,9,2026-02-02 23:35:21.256441
RTM1P47,0.18,0.17,0.19,1000000.0,1000000.0,,0,9,2026-02-02 23:35:21.256441
RTM1C48,2.69,2.68,2.7,1000000.0,1000000.0,,0,9,2026-02-02 23:35:21.256441
RTM1P48,0.21,0.2,0.22,1000000.0,1000000.0,,0,9,2026-02-02 23:35:21.256441
RTM1C49,2.08,2.07,2.09,1000000.0,1000000.0,,0,9,2026-02-02 23:35:21.256441
RTM1P49,0.6,0.59,0.61,1000000.0,1000000.0,,0,9,2026-02-02 23:35:21.256441
RTM1C50,1.46,1.45,1.47,1000000.0,1000000.0,,0,9,2026-02-02 23:35:21.256441
RTM1P50,0.98,0.97,0.99,1000000.0,1000000.0,,0,9,2026-02-02 23:35:21.256441
RTM1C51,0.88,0.87,0.89,1000000.0,1000000.0,,0,9,2026-02-02 23:35:21.256441
RTM1P51,1.39,1.38,1.4,1000000.0,1000000.0,45.0,0,9,2026-02-02 23:35:21.256441
RTM1C52,0.42,0.41,0.43,1000000.0,1000000.0,,0,9,2026-02-02 23:35:21.256441
RTM1P52,1.94,1.93,1.95,1000000.0,1000000.0,,0,9,2026-02-02 23:35:21.256441
RTM1C53,0.25,0.24,0.26,1000000.0,1000000.0,,0,9,2026-02-02 23:35:21.256441
RTM1P53,2.77,2.76,2.78,1000000.0,1000000.0,,0,9,2026-02-02 23:35:21.256441
RTM1C54,0.12,0.11,0.13,1000000.0,1000000.0,,0,9,2026-02-02 23:35:21.256441
RTM1P54,3.64,3.63,3.65,1000000.0,1000000.0,,0,9,2026-02-02 23:35:21.256441
RTM,50.41,50.4,50.42,100000000.0,100000000.0,,0,10,2026-02-02 23:35:22.342046
RTM1C45,5.42,5.41,5.43,1000000.0,1000000.0,,0,10,2026-02-02 23:35:22.342046
RTM1P45,0.02,0.01,0.03,1000000.0,1000000.0,,0,10,2026-02-02 23:35:22.342046
RTM1C46,4.46,4.45,4.47,1000000.0,1000000.0,,0,10,2026-02-02 23:35:22.342046
RTM1P46,0.05,0.04,0.06,1000000.0,1000000.0,,0,10,2026-02-02 23:35:22.342046
RTM1C47,3.55,3.54,3.56,1000000.0,1000000.0,,0,10,2026-02-02 23:35:22.342046
RTM1P47,0.14,0.13,0.15,1000000.0,1000000.0,,0,10,2026-02-02 23:35:22.342046
RTM1C48,2.73,2.72,2.74,1000000.0,1000000.0,,0,10,2026-02-02 23:35:22.342046
RTM1P48,0.32,0.31,0.33,1000000.0,1000000.0,,0,10,2026-02-02 23:35:22.342046
RTM1C49,1.89,1.88,1.9,1000000.0,1000000.0,35.0,0,10,2026-02-02 23:35:22.342046
RTM1P49,0.48,0.47,0.49,1000000.0,1000000.0,,0,10,2026-02-02 23:35:22.342046
RTM1C50,1.37,1.35,1.37,1000000.0,1000000.0,,0,10,2026-02-02 23:35:22.342046
RTM1P50,0.95,0.94,0.96,1000000.0,1000000.0,,0,10,2026-02-02 23:35:22.342046
RTM1C51,0.87,0.86,0.88,1000000.0,1000000.0,,0,10,2026-02-02 23:35:22.342046
RTM1P51,1.46,1.45,1.47,1000000.0,1000000.0,,0,10,2026-02-02 23:35:22.342046
RTM1C52,0.53,0.52,0.54,1000000.0,1000000.0,,0,10,2026-02-02 23:35:22.342046
RTM1P52,2.12,2.11,2.13,1000000.0,1000000.0,,0,10,2026-02-02 23:35:22.342046
RTM1C53,0.3,0.29,0.31,1000000.0,1000000.0,,0,10,2026-02-02 23:35:22.342046
RTM1P53,2.89,2.88,2.9,1000000.0,1000000.0,,0,10,2026-02-02 23:35:22.342046
RTM1C54,0.2,0.19,0.21,1000000.0,1000000.0,,0,10,2026-02-02 23:35:22.342046
RTM1P54,3.79,3.78,3.8,1000000.0,1000000.0,,0,10,2026-02-02 23:35:22.342046
RTM,50.6,50.59,50.61,100000000.0,100000000.0,,,11,2026-02-02 23:35:23.458888
RTM1C45,5.62,5.61,5.63,1000000.0,1000000.0,,,11,2026-02-02 23:35:23.458888
RTM1P45,0.02,0.01,0.03,1000000.0,1000000.0,,,11,2026-02-02 23:35:23.458888
RTM1C46,4.67,4.66,4.68,1000000.0,1000000.0,,,11,2026-02-02 23:35:23.458888
RTM1P46,0.08,0.07,0.09,1000000.0,1000000.0,,,11,2026-02-02 23:35:23.458888
RTM1C47,3.68,3.67,3.69,1000000.0,1000000.0,,,11,2026-02-02 23:35:23.458888
RTM1P47,0.09,0.08,0.1,1000000.0,1000000.0,,,11,2026-02-02 23:35:23.458888
RTM1C48,2.85,2.84,2.86,1000000.0,1000000.0,,,11,2026-02-02 23:35:23.458888
RTM1P48,0.25,0.24,0.26,1000000.0,1000000.0,,,11,2026-02-02 23:35:23.458888
RTM1C49,2.07,2.06,2.08,1000000.0,1000000.0,35.0,,11,2026-02-02 23:35:23.458888
RTM1P49,0.47,0.46,0.48,1000000.0,1000000.0,,,11,2026-02-02 23:35:23.458888
RTM1C50,1.51,1.5,1.52,1000000.0,1000000.0,,,11,2026-02-02 23:35:23.458888
RTM1P50,0.91,0.9,0.92,1000000.0,1000000.0,,,11,2026-02-02 23:35:23.458888
RTM1C51,0.96,0.96,0.98,1000000.0,1000000.0,,,11,2026-02-02 23:35:23.458888
RTM1P51,1.37,1.36,1.38,1000000.0,1000000.0,,37.0,11,2026-02-02 23:35:23.458888
RTM1C52,0.49,0.48,0.5,1000000.0,1000000.0,,,11,2026-02-02 23:35:23.458888
RTM1P52,1.89,1.88,1.9,1000000.0,1000000.0,,,11,2026-02-02 23:35:23.458888
RTM1C53,0.35,0.34,0.36,1000000.0,1000000.0,,,11,2026-02-02 23:35:23.458888
RTM1P53,2.75,2.74,2.76,1000000.0,1000000.0,,,11,2026-02-02 23:35:23.458888
RTM1C54,0.13,0.12,0.14,1000000.0,1000000.0,,,11,2026-02-02 23:35:23.458888
RTM1P54,3.54,3.53,3.55,1000000.0,1000000.0,,,11,2026-02-02 23:35:23.458888
RTM,50.44,50.43,50.45,100000000.0,100000000.0,,0,12,2026-02-02 23:35:24.544687
RTM1C45,5.46,5.45,5.47,1000000.0,1000000.0,,0,12,2026-02-02 23:35:24.544687
RTM1P45,0.02,0.01,0.03,1000000.0,1000000.0,,0,12,2026-02-02 23:35:24.544687
RTM1C46,4.51,4.5,4.52,1000000.0,1000000.0,,0,12,2026-02-02 23:35:24.544687
RTM1P46,0.07,0.06,0.08,1000000.0,1000000.0,,0,12,2026-02-02 23:35:24.544687
RTM1C47,3.52,3.51,3.53,1000000.0,1000000.0,,0,12,2026-02-02 23:35:24.544687
RTM1P47,0.08,0.07,0.09,1000000.0,1000000.0,,0,12,2026-02-02 23:35:24.544687
RTM1C48,2.68,2.67,2.69,1000000.0,1000000.0,,0,12,2026-02-02 23:35:24.544687
RTM1P48,0.24,0.23,0.25,1000000.0,1000000.0,,0,12,2026-02-02 23:35:24.544687
RTM1C49,1.97,1.96,1.98,1000000.0,1000000.0,,0,12,2026-02-02 23:35:24.544687
RTM1P49,0.53,0.52,0.54,1000000.0,1000000.0,,0,12,2026-02-02 23:35:24.544687
RTM1C50,1.4,1.39,1.41,1000000.0,1000000.0,,0,12,2026-02-02 23:35:24.544687
RTM1P50,0.96,0.95,0.97,1000000.0,1000000.0,,0,12,2026-02-02 23:35:24.544687
RTM1C51,0.81,0.8,0.82,1000000.0,1000000.0,,0,12,2026-02-02 23:35:24.544687
RTM1P51,1.37,1.36,1.38,1000000.0,1000000.0,37.0,0,12,2026-02-02 23:35:24.544687
RTM1C52,0.44,0.43,0.45,1000000.0,1000000.0,,0,12,2026-02-02 23:35:24.544687
RTM1P52,2.0,1.99,2.01,1000000.0,1000000.0,,0,12,2026-02-02 23:35:24.544687
RTM1C53,0.33,0.32,0.34,1000000.0,1000000.0,,0,12,2026-02-02 23:35:24.544687
RTM1P53,2.89,2.88,2.9,1000000.0,1000000.0,,0,12,2026-02-02 23:35:24.544687
RTM1C54,0.18,0.17,0.19,1000000.0,1000000.0,,0,12,2026-02-02 23:35:24.544687
RTM1P54,3.74,3.73,3.75,1000000.0,1000000.0,,0,12,2026-02-02 23:35:24.544687
RTM,50.3,50.28,50.3,100000000.0,100000000.0,0,0,13,2026-02-02 23:35:25.621726
RTM1C45,5.31,5.3,5.32,1000000.0,1000000.0,0,0,13,2026-02-02 23:35:25.621726
RTM1P45,0.02,0.01,0.03,1000000.0,1000000.0,0,0,13,2026-02-02 23:35:25.621726
RTM1C46,4.35,4.34,4.36,1000000.0,1000000.0,0,0,13,2026-02-02 23:35:25.621726
RTM1P46,0.06,0.05,0.07,1000000.0,1000000.0,0,0,13,2026-02-02 23:35:25.621726
RTM1C47,3.42,3.41,3.43,1000000.0,1000000.0,0,0,13,2026-02-02 23:35:25.621726
RTM1P47,0.12,0.11,0.13,1000000.0,1000000.0,0,0,13,2026-02-02 23:35:25.621726
RTM1C48,2.56,2.54,2.56,1000000.0,1000000.0,0,0,13,2026-02-02 23:35:25.621726
RTM1P48,0.25,0.24,0.26,1000000.0,1000000.0,0,0,13,2026-02-02 23:35:25.621726
RTM1C49,1.77,1.76,1.78,1000000.0,1000000.0,0,0,13,2026-02-02 23:35:25.621726
RTM1P49,0.47,0.46,0.48,1000000.0,1000000.0,0,0,13,2026-02-02 23:35:25.621726
RTM1C50,1.28,1.27,1.29,1000000.0,1000000.0,0,0,13,2026-02-02 23:35:25.621726
RTM1P50,0.99,0.98,1.0,1000000.0,1000000.0,0,0,13,2026-02-02 23:35:25.621726
RTM1C51,0.89,0.88,0.9,1000000.0,1000000.0,0,0,13,2026-02-02 23:35:25.621726
RTM1P51,1.6,1.59,1.61,1000000.0,1000000.0,0,0,13,2026-02-02 23:35:25.621726
RTM1C52,0.54,0.53,0.55,1000000.0,1000000.0,0,0,13,2026-02-02 23:35:25.621726
RTM1P52,2.24,2.23,2.25,1000000.0,1000000.0,0,0,13,2026-02-02 23:35:25.621726
RTM1C53,0.23,0.22,0.24,1000000.0,1000000.0,0,0,13,2026-02-02 23:35:25.621726
RTM1P53,2.94,2.93,2.95,1000000.0,1000000.0,0,0,13,2026-02-02 23:35:25.621726
RTM1C54,0.11,0.1,0.12,1000000.0,1000000.0,0,0,13,2026-02-02 23:35:25.621726
RTM1P54,3.82,3.81,3.83,1000000.0,1000000.0,0,0,13,2026-02-02 23:35:25.621726
RTM,50.17,50.16,50.18,100000000.0,100000000.0,,0,14,2026-02-02 23:35:26.690419
RTM1C45,5.19,5.18,5.2,1000000.0,1000000.0,,0,14,2026-02-02 23:35:26.690419
RTM1P45,0.02,0.01,0.03,1000000.0,1000000.0,,0,14,2026-02-02 23:35:26.690419
RTM1C46,4.26,4.25,4.27,1000000.0,1000000.0,,0,14,2026-02-02 23:35:26.690419
RTM1P46,0.08,0.07,0.09,1000000.0,1000000.0,,0,14,2026-02-02 23:35:26.690419
RTM1C47,3.36,3.35,3.37,1000000.0,1000000.0,,0,14,2026-02-02 23:35:26.690419
RTM1P47,0.18,0.17,0.19,1000000.0,1000000.0,,0,14,2026-02-02 23:35:26.690419
RTM1C48,2.51,2.5,2.52,1000000.0,1000000.0,,0,14,2026-02-02 23:35:26.690419
RTM1P48,0.34,0.33,0.35,1000000.0,1000000.0,35.0,0,14,2026-02-02 23:35:26.690419
RTM1C49,1.77,1.76,1.78,1000000.0,1000000.0,,0,14,2026-02-02 23:35:26.690419
RTM1P49,0.6,0.59,0.61,1000000.0,1000000.0,,0,14,2026-02-02 23:35:26.690419
RTM1C50,1.17,1.16,1.18,1000000.0,1000000.0,,0,14,2026-02-02 23:35:26.690419
RTM1P50,1.0,0.99,1.01,1000000.0,1000000.0,,0,14,2026-02-02 23:35:26.690419
RTM1C51,0.75,0.74,0.76,1000000.0,1000000.0,,0,14,2026-02-02 23:35:26.690419
RTM1P51,1.58,1.57,1.59,1000000.0,1000000.0,,0,14,2026-02-02 23:35:26.690419
RTM1C52,0.41,0.4,0.42,1000000.0,1000000.0,,0,14,2026-02-02 23:35:26.690419
RTM1P52,2.24,2.23,2.25,1000000.0,1000000.0,,0,14,2026-02-02 23:35:26.690419
RTM1C53,0.27,0.26,0.28,1000000.0,1000000.0,,0,14,2026-02-02 23:35:26.690419
RTM1P53,3.09,3.08,3.1,1000000.0,1000000.0,,0,14,2026-02-02 23:35:26.690419
RTM1C54,0.12,0.11,0.13,1000000.0,1000000.0,,0,14,2026-02-02 23:35:26.690419
RTM1P54,3.95,3.94,3.96,1000000.0,1000000.0,,0,14,2026-02-02 23:35:26.690419
RTM,49.97,49.96,49.98,100000000.0,100000000.0,,0,15,2026-02-02 23:35:27.261372
RTM1C45,5.01,5.0,5.02,1000000.0,1000000.0,,0,15,2026-02-02 23:35:27.261372
RTM1P45,0.04,0.03,0.05,1000000.0,1000000.0,,0,15,2026-02-02 23:35:27.261372
RTM1C46,4.04,4.03,4.05,1000000.0,1000000.0,,0,15,2026-02-02 23:35:27.261372
RTM1P46,0.07,0.06,0.08,1000000.0,1000000.0,,0,15,2026-02-02 23:35:27.261372
RTM1C47,3.1,3.09,3.11,1000000.0,1000000.0,,0,15,2026-02-02 23:35:27.261372
RTM1P47,0.13,0.12,0.14,1000000.0,1000000.0,,0,15,2026-02-02 23:35:27.261372
RTM1C48,2.4,2.39,2.41,1000000.0,1000000.0,,0,15,2026-02-02 23:35:27.261372
RTM1P48,0.43,0.42,0.44,1000000.0,1000000.0,35.0,0,15,2026-02-02 23:35:27.261372
RTM1C49,1.72,1.71,1.73,1000000.0,1000000.0,,0,15,2026-02-02 23:35:27.261372
RTM1P49,0.75,0.74,0.76,1000000.0,1000000.0,,0,15,2026-02-02 23:35:27.261372
RTM1C50,1.01,1.0,1.02,1000000.0,1000000.0,,0,15,2026-02-02 23:35:27.261372
RTM1P50,1.04,1.03,1.05,1000000.0,1000000.0,,0,15,2026-02-02 23:35:27.261372
RTM1C51,0.77,0.76,0.78,1000000.0,1000000.0,,0,15,2026-02-02 23:35:27.261372
RTM1P51,1.8,1.79,1.81,1000000.0,1000000.0,,0,15,2026-02-02 23:35:27.261372
RTM1C52,0.39,0.38,0.4,1000000.0,1000000.0,,0,15,2026-02-02 23:35:27.261372
RTM1P52,2.42,2.41,2.43,1000000.0,1000000.0,,0,15,2026-02-02 23:35:27.261372
RTM1C53,0.17,0.16,0.18,1000000.0,1000000.0,,0,15,2026-02-02 23:35:27.261372
RTM1P53,3.2,3.19,3.21,1000000.0,1000000.0,,0,15,2026-02-02 23:35:27.261372
RTM1C54,0.13,0.12,0.14,1000000.0,1000000.0,,0,15,2026-02-02 23:35:27.261372
RTM1P54,4.16,4.15,4.17,1000000.0,1000000.0,,0,15,2026-02-02 23:35:27.261372
RTM,49.91,49.9,49.92,100000000.0,100000000.0,10000.0,0,16,2026-02-02 23:35:28.317632
RTM1C45,4.94,4.93,4.95,1000000.0,1000000.0,,0,16,2026-02-02 23:35:28.317632
RTM1P45,0.03,0.02,0.04,1000000.0,1000000.0,,0,16,2026-02-02 23:35:28.317632
RTM1C46,3.96,3.95,3.97,1000000.0,1000000.0,,0,16,2026-02-02 23:35:28.317632
RTM1P46,0.05,0.04,0.06,1000000.0,1000000.0,,0,16,2026-02-02 23:35:28.317632
RTM1C47,3.06,3.05,3.07,1000000.0,1000000.0,,0,16,2026-02-02 23:35:28.317632
RTM1P47,0.15,0.14,0.16,1000000.0,1000000.0,,0,16,2026-02-02 23:35:28.317632
RTM1C48,2.25,2.24,2.26,1000000.0,1000000.0,,0,16,2026-02-02 23:35:28.317632
RTM1P48,0.34,0.33,0.35,1000000.0,1000000.0,,0,16,2026-02-02 23:35:28.317632
RTM1C49,1.68,1.67,1.69,1000000.0,1000000.0,,0,16,2026-02-02 23:35:28.317632
RTM1P49,0.77,0.76,0.78,1000000.0,1000000.0,,0,16,2026-02-02 23:35:28.317632
RTM1C50,1.06,1.05,1.07,1000000.0,1000000.0,,0,16,2026-02-02 23:35:28.317632
RTM1P50,1.15,1.14,1.16,1000000.0,1000000.0,,0,16,2026-02-02 23:35:28.317632
RTM1C51,0.76,0.75,0.77,1000000.0,1000000.0,,0,16,2026-02-02 23:35:28.317632
RTM1P51,1.85,1.84,1.86,1000000.0,1000000.0,,0,16,2026-02-02 23:35:28.317632
RTM1C52,0.47,0.46,0.48,1000000.0,1000000.0,,0,16,2026-02-02 23:35:28.317632
RTM1P52,2.57,2.56,2.58,1000000.0,1000000.0,,0,16,2026-02-02 23:35:28.317632
RTM1C53,0.26,0.25,0.27,1000000.0,1000000.0,,0,16,2026-02-02 23:35:28.317632
RTM1P53,3.35,3.34,3.36,1000000.0,1000000.0,,0,16,2026-02-02 23:35:28.317632
RTM1C54,0.09,0.08,0.1,1000000.0,1000000.0,,0,16,2026-02-02 23:35:28.317632
RTM1P54,4.18,4.17,4.19,1000000.0,1000000.0,,0,16,2026-02-02 23:35:28.317632
RTM,50.09,50.08,50.1,100000000.0,100000000.0,,0,17,2026-02-02 23:35:29.365259
RTM1C45,5.11,5.1,5.12,1000000.0,1000000.0,,0,17,2026-02-02 23:35:29.365259
RTM1P45,0.02,0.01,0.03,1000000.0,1000000.0,,0,17,2026-02-02 23:35:29.365259
RTM1C46,4.15,4.14,4.16,1000000.0,1000000.0,,0,17,2026-02-02 23:35:29.365259
RTM1P46,0.06,0.05,0.07,1000000.0,1000000.0,,0,17,2026-02-02 23:35:29.365259
RTM1C47,3.28,3.27,3.29,1000000.0,1000000.0,,0,17,2026-02-02 23:35:29.365259
RTM1P47,0.19,0.18,0.2,1000000.0,1000000.0,,0,17,2026-02-02 23:35:29.365259
RTM1C48,2.44,2.43,2.45,1000000.0,1000000.0,,0,17,2026-02-02 23:35:29.365259
RTM1P48,0.35,0.34,0.36,1000000.0,1000000.0,100.0,0,17,2026-02-02 23:35:29.365259
RTM1C49,1.76,1.75,1.77,1000000.0,1000000.0,,0,17,2026-02-02 23:35:29.365259
RTM1P49,0.67,0.66,0.68,1000000.0,1000000.0,,0,17,2026-02-02 23:35:29.365259
RTM1C50,1.16,1.15,1.17,1000000.0,1000000.0,,0,17,2026-02-02 23:35:29.365259
RTM1P50,1.08,1.07,1.09,1000000.0,1000000.0,,0,17,2026-02-02 23:35:29.365259
RTM1C51,0.65,0.64,0.66,1000000.0,1000000.0,,0,17,2026-02-02 23:35:29.365259
RTM1P51,1.56,1.55,1.57,1000000.0,1000000.0,,0,17,2026-02-02 23:35:29.365259
RTM1C52,0.46,0.45,0.47,1000000.0,1000000.0,,0,17,2026-02-02 23:35:29.365259
RTM1P52,2.37,2.36,2.38,1000000.0,1000000.0,,0,17,2026-02-02 23:35:29.365259
RTM1C53,0.18,0.17,0.19,1000000.0,1000000.0,,0,17,2026-02-02 23:35:29.365259
RTM1P53,3.1,3.09,3.11,1000000.0,1000000.0,,0,17,2026-02-02 23:35:29.365259
RTM1C54,0.13,0.12,0.14,1000000.0,1000000.0,,0,17,2026-02-02 23:35:29.365259
RTM1P54,4.04,4.03,4.05,1000000.0,1000000.0,,0,17,2026-02-02 23:35:29.365259
RTM,49.92,49.91,49.93,100000000.0,100000000.0,,,18,2026-02-02 23:35:30.423084
RTM1C45,4.95,4.94,4.96,1000000.0,1000000.0,,,18,2026-02-02 23:35:30.423084
RTM1P45,0.02,0.01,0.03,1000000.0,1000000.0,,,18,2026-02-02 23:35:30.423084
RTM1C46,4.03,4.02,4.04,1000000.0,1000000.0,,,18,2026-02-02 23:35:30.423084
RTM1P46,0.1,0.09,0.11,1000000.0,1000000.0,,,18,2026-02-02 23:35:30.423084
RTM1C47,3.12,3.11,3.13,1000000.0,1000000.0,100.0,,18,2026-02-02 23:35:30.423084
RTM1P47,0.2,0.19,0.21,1000000.0,1000000.0,100.0,,18,2026-02-02 23:35:30.423084
RTM1C48,2.37,2.36,2.38,1000000.0,1000000.0,,,18,2026-02-02 23:35:30.423084
RTM1P48,0.45,0.44,0.46,1000000.0,1000000.0,,,18,2026-02-02 23:35:30.423084
RTM1C49,1.62,1.61,1.63,1000000.0,1000000.0,,,18,2026-02-02 23:35:30.423084
RTM1P49,0.7,0.69,0.71,1000000.0,1000000.0,,,18,2026-02-02 23:35:30.423084
RTM1C50,1.06,1.05,1.07,1000000.0,1000000.0,,,18,2026-02-02 23:35:30.423084
RTM1P50,1.14,1.13,1.15,1000000.0,1000000.0,,,18,2026-02-02 23:35:30.423084
RTM1C51,0.77,0.76,0.78,1000000.0,1000000.0,,,18,2026-02-02 23:35:30.423084
RTM1P51,1.84,1.83,1.84,1000000.0,1000000.0,,100.0,18,2026-02-02 23:35:30.423084
RTM1C52,0.35,0.34,0.36,1000000.0,1000000.0,,,18,2026-02-02 23:35:30.423084
RTM1P52,2.43,2.42,2.44,1000000.0,1000000.0,,,18,2026-02-02 23:35:30.423084
RTM1C53,0.24,0.23,0.25,1000000.0,1000000.0,,,18,2026-02-02 23:35:30.423084
RTM1P53,3.32,3.31,3.33,1000000.0,1000000.0,,,18,2026-02-02 23:35:30.423084
RTM1C54,0.08,0.07,0.09,1000000.0,1000000.0,,,18,2026-02-02 23:35:30.423084
RTM1P54,4.16,4.15,4.17,1000000.0,1000000.0,,,18,2026-02-02 23:35:30.423084
RTM,49.56,49.55,49.57,100000000.0,100000000.0,,0,19,2026-02-02 23:35:31.478768
RTM1C45,4.63,4.62,4.64,1000000.0,1000000.0,,0,19,2026-02-02 23:35:31.478768
RTM1P45,0.07,0.06,0.08,1000000.0,1000000.0,,0,19,2026-02-02 23:35:31.478768
RTM1C46,3.69,3.68,3.7,1000000.0,1000000.0,,0,19,2026-02-02 23:35:31.478768
RTM1P46,0.13,0.12,0.14,1000000.0,1000000.0,,0,19,2026-02-02 23:35:31.478768
RTM1C47,2.79,2.78,2.8,1000000.0,1000000.0,,0,19,2026-02-02 23:35:31.478768
RTM1P47,0.23,0.22,0.24,1000000.0,1000000.0,,0,19,2026-02-02 23:35:31.478768
RTM1C48,1.98,1.97,1.99,1000000.0,1000000.0,,0,19,2026-02-02 23:35:31.478768
RTM1P48,0.42,0.41,0.43,1000000.0,1000000.0,,0,19,2026-02-02 23:35:31.478768
RTM1C49,1.51,1.5,1.52,1000000.0,1000000.0,,0,19,2026-02-02 23:35:31.478768
RTM1P49,0.94,0.93,0.95,1000000.0,1000000.0,,0,19,2026-02-02 23:35:31.478768
RTM1C50,0.91,0.9,0.92,1000000.0,1000000.0,,0,19,2026-02-02 23:35:31.478768
RTM1P50,1.34,1.33,1.35,1000000.0,1000000.0,,0,19,2026-02-02 23:35:31.478768
RTM1C51,0.54,0.53,0.55,1000000.0,1000000.0,100.0,0,19,2026-02-02 23:35:31.478768
RTM1P51,1.97,1.96,1.98,1000000.0,1000000.0,,0,19,2026-02-02 23:35:31.478768
RTM1C52,0.36,0.35,0.37,1000000.0,1000000.0,,0,19,2026-02-02 23:35:31.478768
RTM1P52,2.8,2.79,2.81,1000000.0,1000000.0,,0,19,2026-02-02 23:35:31.478768
RTM1C53,0.18,0.17,0.19,1000000.0,1000000.0,,0,19,2026-02-02 23:35:31.478768
RTM1P53,3.62,3.61,3.63,1000000.0,1000000.0,,0,19,2026-02-02 23:35:31.478768
RTM1C54,0.08,0.07,0.09,1000000.0,1000000.0,,0,19,2026-02-02 23:35:31.478768
RTM1P54,4.52,4.51,4.53,1000000.0,1000000.0,,0,19,2026-02-02 23:35:31.478768
RTM,49.58,49.57,49.59,100000000.0,100000000.0,5682.0,0,20,2026-02-02 23:35:32.566025
RTM1C45,4.64,4.63,4.65,1000000.0,1000000.0,,0,20,2026-02-02 23:35:32.566025
RTM1P45,0.06,0.05,0.07,1000000.0,1000000.0,,0,20,2026-02-02 23:35:32.566025
RTM1C46,3.71,3.7,3.72,1000000.0,1000000.0,,0,20,2026-02-02 23:35:32.566025
RTM1P46,0.13,0.12,0.14,1000000.0,1000000.0,,0,20,2026-02-02 23:35:32.566025
RTM1C47,2.81,2.8,2.82,1000000.0,1000000.0,,0,20,2026-02-02 23:35:32.566025
RTM1P47,0.23,0.22,0.24,1000000.0,1000000.0,,0,20,2026-02-02 23:35:32.566025
RTM1C48,2.05,2.04,2.06,1000000.0,1000000.0,,0,20,2026-02-02 23:35:32.566025
RTM1P48,0.47,0.46,0.48,1000000.0,1000000.0,,0,20,2026-02-02 23:35:32.566025
RTM1C49,1.49,1.48,1.5,1000000.0,1000000.0,,0,20,2026-02-02 23:35:32.566025
RTM1P49,0.91,0.9,0.92,1000000.0,1000000.0,,0,20,2026-02-02 23:35:32.566025
RTM1C50,0.84,0.83,0.85,1000000.0,1000000.0,,0,20,2026-02-02 23:35:32.566025
RTM1P50,1.25,1.24,1.26,1000000.0,1000000.0,,0,20,2026-02-02 23:35:32.566025
RTM1C51,0.65,0.64,0.66,1000000.0,1000000.0,,0,20,2026-02-02 23:35:32.566025
RTM1P51,2.07,2.06,2.08,1000000.0,1000000.0,,0,20,2026-02-02 23:35:32.566025
RTM1C52,0.28,0.27,0.29,1000000.0,1000000.0,,0,20,2026-02-02 23:35:32.566025
RTM1P52,2.69,2.68,2.7,1000000.0,1000000.0,,0,20,2026-02-02 23:35:32.566025
RTM1C53,0.13,0.12,0.14,1000000.0,1000000.0,,0,20,2026-02-02 23:35:32.566025
RTM1P53,3.55,3.54,3.56,1000000.0,1000000.0,,0,20,2026-02-02 23:35:32.566025
RTM1C54,0.1,0.09,0.11,1000000.0,1000000.0,,0,20,2026-02-02 23:35:32.566025
RTM1P54,4.51,4.5,4.52,1000000.0,1000000.0,,0,20,2026-02-02 23:35:32.566025
RTM,49.72,49.71,49.73,100000000.0,100000000.0,5682.0,,21,2026-02-02 23:35:33.634969
RTM1C45,4.78,4.77,4.79,1000000.0,1000000.0,,,21,2026-02-02 23:35:33.634969
RTM1P45,0.06,0.05,0.07,1000000.0,1000000.0,,,21,2026-02-02 23:35:33.634969
RTM1C46,3.83,3.82,3.84,1000000.0,1000000.0,,,21,2026-02-02 23:35:33.634969
RTM1P46,0.11,0.1,0.12,1000000.0,1000000.0,,,21,2026-02-02 23:35:33.634969
RTM1C47,2.99,2.98,3.0,1000000.0,1000000.0,,,21,2026-02-02 23:35:33.634969
RTM1P47,0.27,0.26,0.28,1000000.0,1000000.0,,,21,2026-02-02 23:35:33.634969
RTM1C48,2.16,2.15,2.17,1000000.0,1000000.0,,,21,2026-02-02 23:35:33.634969
RTM1P48,0.45,0.44,0.46,1000000.0,1000000.0,,,21,2026-02-02 23:35:33.634969
RTM1C49,1.53,1.52,1.54,1000000.0,1000000.0,,,21,2026-02-02 23:35:33.634969
RTM1P49,0.82,0.81,0.83,1000000.0,1000000.0,,,21,2026-02-02 23:35:33.634969
RTM1C50,0.99,0.98,1.0,1000000.0,1000000.0,,18.0,21,2026-02-02 23:35:33.634969
RTM1P50,1.28,1.27,1.29,1000000.0,1000000.0,,,21,2026-02-02 23:35:33.634969
RTM1C51,0.69,0.69,0.71,1000000.0,1000000.0,,,21,2026-02-02 23:35:33.634969
RTM1P51,1.98,1.97,1.99,1000000.0,1000000.0,68.0,,21,2026-02-02 23:35:33.634969
RTM1C52,0.36,0.35,0.37,1000000.0,1000000.0,,,21,2026-02-02 23:35:33.634969
RTM1P52,2.64,2.63,2.65,1000000.0,1000000.0,,,21,2026-02-02 23:35:33.634969
RTM1C53,0.22,0.21,0.23,1000000.0,1000000.0,,,21,2026-02-02 23:35:33.634969
RTM1P53,3.5,3.49,3.51,1000000.0,1000000.0,,,21,2026-02-02 23:35:33.634969
RTM1C54,0.08,0.07,0.09,1000000.0,1000000.0,,,21,2026-02-02 23:35:33.634969
RTM1P54,4.37,4.36,4.38,1000000.0,1000000.0,,,21,2026-02-02 23:35:33.634969
RTM,49.77,49.76,49.78,100000000.0,100000000.0,,0,22,2026-02-02 23:35:34.695907
RTM1C45,4.81,4.8,4.82,1000000.0,1000000.0,,0,22,2026-02-02 23:35:34.695907
RTM1P45,0.04,0.03,0.05,1000000.0,1000000.0,,0,22,2026-02-02 23:35:34.695907
RTM1C46,3.85,3.84,3.86,1000000.0,1000000.0,,0,22,2026-02-02 23:35:34.695907
RTM1P46,0.08,0.07,0.09,1000000.0,1000000.0,,0,22,2026-02-02 23:35:34.695907
RTM1C47,3.01,3.0,3.02,1000000.0,1000000.0,,0,22,2026-02-02 23:35:34.695907
RTM1P47,0.25,0.24,0.26,1000000.0,1000000.0,,0,22,2026-02-02 23:35:34.695907
RTM1C48,2.28,2.27,2.29,1000000.0,1000000.0,,0,22,2026-02-02 23:35:34.695907
RTM1P48,0.51,0.5,0.52,1000000.0,1000000.0,,0,22,2026-02-02 23:35:34.695907
RTM1C49,1.64,1.63,1.65,1000000.0,1000000.0,,0,22,2026-02-02 23:35:34.695907
RTM1P49,0.87,0.86,0.88,1000000.0,1000000.0,,0,22,2026-02-02 23:35:34.695907
RTM1C50,1.07,1.05,1.07,1000000.0,1000000.0,,0,22,2026-02-02 23:35:34.695907
RTM1P50,1.3,1.28,1.3,1000000.0,1000000.0,18.0,0,22,2026-02-02 23:35:34.695907
RTM1C51,0.69,0.68,0.7,1000000.0,1000000.0,,0,22,2026-02-02 23:35:34.695907
RTM1P51,1.92,1.91,1.93,1000000.0,1000000.0,,0,22,2026-02-02 23:35:34.695907
RTM1C52,0.44,0.43,0.45,1000000.0,1000000.0,,0,22,2026-02-02 23:35:34.695907
RTM1P52,2.67,2.66,2.68,1000000.0,1000000.0,,0,22,2026-02-02 23:35:34.695907
RTM1C53,0.16,0.15,0.17,1000000.0,1000000.0,,0,22,2026-02-02 23:35:34.695907
RTM1P53,3.39,3.38,3.4,1000000.0,1000000.0,,0,22,2026-02-02 23:35:34.695907
RTM1C54,0.12,0.11,0.13,1000000.0,1000000.0,,0,22,2026-02-02 23:35:34.695907
RTM1P54,4.36,4.35,4.37,1000000.0,1000000.0,,0,22,2026-02-02 23:35:34.695907
RTM,49.82,49.82,49.84,100000000.0,100000000.0,,,23,2026-02-02 23:35:35.754708
RTM1C45,4.87,4.86,4.88,1000000.0,1000000.0,,,23,2026-02-02 23:35:35.754708
RTM1P45,0.04,0.03,0.05,1000000.0,1000000.0,,,23,2026-02-02 23:35:35.754708
RTM1C46,3.93,3.92,3.94,1000000.0,1000000.0,,,23,2026-02-02 23:35:35.754708
RTM1P46,0.09,0.08,0.1,1000000.0,1000000.0,,,23,2026-02-02 23:35:35.754708
RTM1C47,3.08,3.07,3.09,1000000.0,1000000.0,,,23,2026-02-02 23:35:35.754708
RTM1P47,0.25,0.24,0.26,1000000.0,1000000.0,,,23,2026-02-02 23:35:35.754708
RTM1C48,2.19,2.18,2.2,1000000.0,1000000.0,,,23,2026-02-02 23:35:35.754708
RTM1P48,0.35,0.34,0.36,1000000.0,1000000.0,,,23,2026-02-02 23:35:35.754708
RTM1C49,1.62,1.61,1.63,1000000.0,1000000.0,,,23,2026-02-02 23:35:35.754708
RTM1P49,0.79,0.78,0.8,1000000.0,1000000.0,,,23,2026-02-02 23:35:35.754708
RTM1C50,1.11,1.1,1.12,1000000.0,1000000.0,,,23,2026-02-02 23:35:35.754708
RTM1P50,1.27,1.26,1.28,1000000.0,1000000.0,18.0,,23,2026-02-02 23:35:35.754708
RTM1C51,0.65,0.64,0.66,1000000.0,1000000.0,,100.0,23,2026-02-02 23:35:35.754708
RTM1P51,1.82,1.81,1.83,1000000.0,1000000.0,,100.0,23,2026-02-02 23:35:35.754708
RTM1C52,0.32,0.31,0.33,1000000.0,1000000.0,,,23,2026-02-02 23:35:35.754708
RTM1P52,2.49,2.48,2.5,1000000.0,1000000.0,,,23,2026-02-02 23:35:35.754708
RTM1C53,0.16,0.15,0.17,1000000.0,1000000.0,,,23,2026-02-02 23:35:35.754708
RTM1P53,3.33,3.32,3.34,1000000.0,1000000.0,,,23,2026-02-02 23:35:35.754708
RTM1C54,0.11,0.1,0.12,1000000.0,1000000.0,,,23,2026-02-02 23:35:35.754708
RTM1P54,4.28,4.27,4.29,1000000.0,1000000.0,,,23,2026-02-02 23:35:35.754708
RTM,49.95,49.94,49.96,100000000.0,100000000.0,,0,24,2026-02-02 23:35:36.302556
RTM1C45,5.0,4.99,5.01,1000000.0,1000000.0,,0,24,2026-02-02 23:35:36.302556
RTM1P45,0.04,0.03,0.05,1000000.0,1000000.0,,0,24,2026-02-02 23:35:36.302556
RTM1C46,4.02,4.01,4.03,1000000.0,1000000.0,,0,24,2026-02-02 23:35:36.302556
RTM1P46,0.07,0.06,0.08,1000000.0,1000000.0,,0,24,2026-02-02 23:35:36.302556
RTM1C47,3.06,3.05,3.07,1000000.0,1000000.0,,0,24,2026-02-02 23:35:36.302556
RTM1P47,0.11,0.1,0.12,1000000.0,1000000.0,,0,24,2026-02-02 23:35:36.302556
RTM1C48,2.36,2.35,2.37,1000000.0,1000000.0,,0,24,2026-02-02 23:35:36.302556
RTM1P48,0.41,0.4,0.42,1000000.0,1000000.0,,0,24,2026-02-02 23:35:36.302556
RTM1C49,1.76,1.75,1.77,1000000.0,1000000.0,,0,24,2026-02-02 23:35:36.302556
RTM1P49,0.81,0.8,0.82,1000000.0,1000000.0,,0,24,2026-02-02 23:35:36.302556
RTM1C50,1.12,1.11,1.13,1000000.0,1000000.0,,0,24,2026-02-02 23:35:36.302556
RTM1P50,1.17,1.16,1.18,1000000.0,1000000.0,,0,24,2026-02-02 23:35:36.302556
RTM1C51,0.79,0.78,0.8,1000000.0,1000000.0,,0,24,2026-02-02 23:35:36.302556
RTM1P51,1.84,1.83,1.85,1000000.0,1000000.0,100.0,0,24,2026-02-02 23:35:36.302556
RTM1C52,0.48,0.47,0.49,1000000.0,1000000.0,,0,24,2026-02-02 23:35:36.302556
RTM1P52,2.53,2.52,2.54,1000000.0,1000000.0,,0,24,2026-02-02 23:35:36.302556
RTM1C53,0.26,0.25,0.27,1000000.0,1000000.0,,0,24,2026-02-02 23:35:36.302556
RTM1P53,3.3,3.29,3.31,1000000.0,1000000.0,,0,24,2026-02-02 23:35:36.302556
RTM1C54,0.14,0.13,0.15,1000000.0,1000000.0,,0,24,2026-02-02 23:35:36.302556
RTM1P54,4.18,4.17,4.19,1000000.0,1000000.0,,0,24,2026-02-02 23:35:36.302556
RTM,49.64,49.63,49.65,100000000.0,100000000.0,0,0,25,2026-02-02 23:35:37.355628
RTM1C45,4.68,4.67,4.69,1000000.0,1000000.0,0,0,25,2026-02-02 23:35:37.355628
RTM1P45,0.04,0.03,0.05,1000000.0,1000000.0,0,0,25,2026-02-02 23:35:37.355628
RTM1C46,3.73,3.72,3.74,1000000.0,1000000.0,0,0,25,2026-02-02 23:35:37.355628
RTM1P46,0.09,0.08,0.1,1000000.0,1000000.0,0,0,25,2026-02-02 23:35:37.355628
RTM1C47,2.83,2.82,2.84,1000000.0,1000000.0,0,0,25,2026-02-02 23:35:37.355628
RTM1P47,0.19,0.18,0.2,1000000.0,1000000.0,0,0,25,2026-02-02 23:35:37.355628
RTM1C48,2.08,2.07,2.09,1000000.0,1000000.0,0,0,25,2026-02-02 23:35:37.355628
RTM1P48,0.44,0.43,0.45,1000000.0,1000000.0,0,0,25,2026-02-02 23:35:37.355628
RTM1C49,1.54,1.53,1.55,1000000.0,1000000.0,0,0,25,2026-02-02 23:35:37.355628
RTM1P49,0.91,0.9,0.92,1000000.0,1000000.0,0,0,25,2026-02-02 23:35:37.355628
RTM1C50,1.04,1.03,1.05,1000000.0,1000000.0,0,0,25,2026-02-02 23:35:37.355628
RTM1P50,1.4,1.39,1.41,1000000.0,1000000.0,0,0,25,2026-02-02 23:35:37.355628
RTM1C51,0.56,0.55,0.57,1000000.0,1000000.0,0,0,25,2026-02-02 23:35:37.355628
RTM1P51,1.92,1.91,1.93,1000000.0,1000000.0,0,0,25,2026-02-02 23:35:37.355628
RTM1C52,0.33,0.32,0.34,1000000.0,1000000.0,0,0,25,2026-02-02 23:35:37.355628
RTM1P52,2.7,2.69,2.71,1000000.0,1000000.0,0,0,25,2026-02-02 23:35:37.355628
RTM1C53,0.22,0.21,0.23,1000000.0,1000000.0,0,0,25,2026-02-02 23:35:37.355628
RTM1P53,3.58,3.57,3.59,1000000.0,1000000.0,0,0,25,2026-02-02 23:35:37.355628
RTM1C54,0.13,0.12,0.14,1000000.0,1000000.0,0,0,25,2026-02-02 23:35:37.355628
RTM1P54,4.49,4.48,4.5,1000000.0,1000000.0,0,0,25,2026-02-02 23:35:37.355628
RTM,49.88,49.87,49.89,100000000.0,100000000.0,,,26,2026-02-02 23:35:38.410211
RTM1C45,4.93,4.92,4.94,1000000.0,1000000.0,,,26,2026-02-02 23:35:38.410211
RTM1P45,0.06,0.05,0.07,1000000.0,1000000.0,,,26,2026-02-02 23:35:38.410211
RTM1C46,3.96,3.95,3.97,1000000.0,1000000.0,,,26,2026-02-02 23:35:38.410211
RTM1P46,0.09,0.08,0.1,1000000.0,1000000.0,,,26,2026-02-02 23:35:38.410211
RTM1C47,3.07,3.06,3.08,1000000.0,1000000.0,,,26,2026-02-02 23:35:38.410211
RTM1P47,0.2,0.19,0.21,1000000.0,1000000.0,,,26,2026-02-02 23:35:38.410211
RTM1C48,2.26,2.25,2.27,1000000.0,1000000.0,,,26,2026-02-02 23:35:38.410211
RTM1P48,0.38,0.37,0.39,1000000.0,1000000.0,,,26,2026-02-02 23:35:38.410211
RTM1C49,1.55,1.54,1.56,1000000.0,1000000.0,91.0,,26,2026-02-02 23:35:38.410211
RTM1P49,0.68,0.67,0.69,1000000.0,1000000.0,,,26,2026-02-02 23:35:38.410211
RTM1C50,1.16,1.15,1.17,1000000.0,1000000.0,,,26,2026-02-02 23:35:38.410211
RTM1P50,1.28,1.27,1.29,1000000.0,1000000.0,,79.0,26,2026-02-02 23:35:38.410211
RTM1C51,0.63,0.62,0.64,1000000.0,1000000.0,,,26,2026-02-02 23:35:38.410211
RTM1P51,1.75,1.74,1.76,1000000.0,1000000.0,,,26,2026-02-02 23:35:38.410211
RTM1C52,0.34,0.33,0.35,1000000.0,1000000.0,,,26,2026-02-02 23:35:38.410211
RTM1P52,2.47,2.46,2.48,1000000.0,1000000.0,,,26,2026-02-02 23:35:38.410211
RTM1C53,0.19,0.18,0.2,1000000.0,1000000.0,,,26,2026-02-02 23:35:38.410211
RTM1P53,3.31,3.3,3.32,1000000.0,1000000.0,,,26,2026-02-02 23:35:38.410211
RTM1C54,0.12,0.11,0.13,1000000.0,1000000.0,,,26,2026-02-02 23:35:38.410211
RTM1P54,4.25,4.24,4.26,1000000.0,1000000.0,,,26,2026-02-02 23:35:38.410211
RTM,50.14,50.13,50.15,100000000.0,100000000.0,,,27,2026-02-02 23:35:39.465373
RTM1C45,5.18,5.17,5.19,1000000.0,1000000.0,,,27,2026-02-02 23:35:39.465373
RTM1P45,0.03,0.02,0.04,1000000.0,1000000.0,,,27,2026-02-02 23:35:39.465373
RTM1C46,4.2,4.19,4.21,1000000.0,1000000.0,,,27,2026-02-02 23:35:39.465373
RTM1P46,0.05,0.04,0.06,1000000.0,1000000.0,,,27,2026-02-02 23:35:39.465373
RTM1C47,3.27,3.26,3.28,1000000.0,1000000.0,,,27,2026-02-02 23:35:39.465373
RTM1P47,0.12,0.11,0.13,1000000.0,1000000.0,,,27,2026-02-02 23:35:39.465373
RTM1C48,2.46,2.45,2.47,1000000.0,1000000.0,,,27,2026-02-02 23:35:39.465373
RTM1P48,0.32,0.31,0.33,1000000.0,1000000.0,,,27,2026-02-02 23:35:39.465373
RTM1C49,1.87,1.86,1.88,1000000.0,1000000.0,,,27,2026-02-02 23:35:39.465373
RTM1P49,0.73,0.72,0.74,1000000.0,1000000.0,,,27,2026-02-02 23:35:39.465373
RTM1C50,1.31,1.3,1.32,1000000.0,1000000.0,41.0,,27,2026-02-02 23:35:39.465373
RTM1P50,1.18,1.16,1.18,1000000.0,1000000.0,,,27,2026-02-02 23:35:39.465373
RTM1C51,0.73,0.72,0.74,1000000.0,1000000.0,,,27,2026-02-02 23:35:39.465373
RTM1P51,1.58,1.57,1.59,1000000.0,1000000.0,,41.0,27,2026-02-02 23:35:39.465373
RTM1C52,0.46,0.45,0.47,1000000.0,1000000.0,,,27,2026-02-02 23:35:39.465373
RTM1P52,2.32,2.31,2.33,1000000.0,1000000.0,,,27,2026-02-02 23:35:39.465373
RTM1C53,0.27,0.26,0.28,1000000.0,1000000.0,,,27,2026-02-02 23:35:39.465373
RTM1P53,3.13,3.12,3.14,1000000.0,1000000.0,,,27,2026-02-02 23:35:39.465373
RTM1C54,0.14,0.13,0.15,1000000.0,1000000.0,,,27,2026-02-02 23:35:39.465373
RTM1P54,4.0,3.99,4.01,1000000.0,1000000.0,,,27,2026-02-02 23:35:39.465373
RTM,49.99,49.98,50.0,100000000.0,100000000.0,,0,28,2026-02-02 23:35:40.532854
RTM1C45,5.04,5.03,5.05,1000000.0,1000000.0,,0,28,2026-02-02 23:35:40.532854
RTM1P45,0.05,0.04,0.06,1000000.0,1000000.0,,0,28,2026-02-02 23:35:40.532854
RTM1C46,4.09,4.08,4.1,1000000.0,1000000.0,,0,28,2026-02-02 23:35:40.532854
RTM1P46,0.09,0.08,0.1,1000000.0,1000000.0,,0,28,2026-02-02 23:35:40.532854
RTM1C47,3.19,3.18,3.2,1000000.0,1000000.0,,0,28,2026-02-02 23:35:40.532854
RTM1P47,0.2,0.19,0.21,1000000.0,1000000.0,,0,28,2026-02-02 23:35:40.532854
RTM1C48,2.44,2.43,2.45,1000000.0,1000000.0,,0,28,2026-02-02 23:35:40.532854
RTM1P48,0.45,0.44,0.46,1000000.0,1000000.0,,0,28,2026-02-02 23:35:40.532854
RTM1C49,1.79,1.78,1.8,1000000.0,1000000.0,2.0,0,28,2026-02-02 23:35:40.532854
RTM1P49,0.78,0.78,0.8,1000000.0,1000000.0,,0,28,2026-02-02 23:35:40.532854
RTM1C50,1.18,1.17,1.19,1000000.0,1000000.0,,0,28,2026-02-02 23:35:40.532854
RTM1P50,1.19,1.18,1.2,1000000.0,1000000.0,,0,28,2026-02-02 23:35:40.532854
RTM1C51,0.81,0.8,0.82,1000000.0,1000000.0,,0,28,2026-02-02 23:35:40.532854
RTM1P51,1.82,1.81,1.83,1000000.0,1000000.0,,0,28,2026-02-02 23:35:40.532854
RTM1C52,0.42,0.41,0.43,1000000.0,1000000.0,,0,28,2026-02-02 23:35:40.532854
RTM1P52,2.43,2.42,2.44,1000000.0,1000000.0,,0,28,2026-02-02 23:35:40.532854
RTM1C53,0.25,0.24,0.26,1000000.0,1000000.0,,0,28,2026-02-02 23:35:40.532854
RTM1P53,3.26,3.25,3.27,1000000.0,1000000.0,,0,28,2026-02-02 23:35:40.532854
RTM1C54,0.13,0.12,0.14,1000000.0,1000000.0,,0,28,2026-02-02 23:35:40.532854
RTM1P54,4.13,4.12,4.14,1000000.0,1000000.0,,0,28,2026-02-02 23:35:40.532854
RTM,50.29,50.28,50.3,100000000.0,100000000.0,0,0,29,2026-02-02 23:35:41.613460
RTM1C45,5.31,5.3,5.32,1000000.0,1000000.0,0,0,29,2026-02-02 23:35:41.613460
RTM1P45,0.02,0.01,0.03,1000000.0,1000000.0,0,0,29,2026-02-02 23:35:41.613460
RTM1C46,4.37,4.36,4.38,1000000.0,1000000.0,0,0,29,2026-02-02 23:35:41.613460
RTM1P46,0.07,0.06,0.08,1000000.0,1000000.0,0,0,29,2026-02-02 23:35:41.613460
RTM1C47,3.47,3.46,3.48,1000000.0,1000000.0,0,0,29,2026-02-02 23:35:41.613460
RTM1P47,0.18,0.17,0.19,1000000.0,1000000.0,0,0,29,2026-02-02 23:35:41.613460
RTM1C48,2.59,2.58,2.6,1000000.0,1000000.0,0,0,29,2026-02-02 23:35:41.613460
RTM1P48,0.3,0.29,0.31,1000000.0,1000000.0,0,0,29,2026-02-02 23:35:41.613460
RTM1C49,1.9,1.89,1.91,1000000.0,1000000.0,0,0,29,2026-02-02 23:35:41.613460
RTM1P49,0.61,0.6,0.62,1000000.0,1000000.0,0,0,29,2026-02-02 23:35:41.613460
RTM1C50,1.39,1.38,1.4,1000000.0,1000000.0,0,0,29,2026-02-02 23:35:41.613460
RTM1P50,1.1,1.09,1.11,1000000.0,1000000.0,0,0,29,2026-02-02 23:35:41.613460
RTM1C51,0.8,0.79,0.81,1000000.0,1000000.0,0,0,29,2026-02-02 23:35:41.613460
RTM1P51,1.51,1.5,1.52,1000000.0,1000000.0,0,0,29,2026-02-02 23:35:41.613460
RTM1C52,0.53,0.52,0.54,1000000.0,1000000.0,0,0,29,2026-02-02 23:35:41.613460
RTM1P52,2.24,2.23,2.25,1000000.0,1000000.0,0,0,29,2026-02-02 23:35:41.613460
RTM1C53,0.35,0.34,0.36,1000000.0,1000000.0,0,0,29,2026-02-02 23:35:41.613460
RTM1P53,3.05,3.04,3.06,1000000.0,1000000.0,0,0,29,2026-02-02 23:35:41.613460
RTM1C54,0.17,0.16,0.18,1000000.0,1000000.0,0,0,29,2026-02-02 23:35:41.613460
RTM1P54,3.88,3.87,3.89,1000000.0,1000000.0,0,0,29,2026-02-02 23:35:41.613460
RTM,50.66,50.65,50.67,100000000.0,100000000.0,0,0,30,2026-02-02 23:35:42.674418
RTM1C45,5.68,5.67,5.69,1000000.0,1000000.0,0,0,30,2026-02-02 23:35:42.674418
RTM1P45,0.03,0.02,0.04,1000000.0,1000000.0,0,0,30,2026-02-02 23:35:42.674418
RTM1C46,4.69,4.68,4.7,1000000.0,1000000.0,0,0,30,2026-02-02 23:35:42.674418
RTM1P46,0.03,0.02,0.04,1000000.0,1000000.0,0,0,30,2026-02-02 23:35:42.674418
RTM1C47,3.8,3.79,3.81,1000000.0,1000000.0,0,0,30,2026-02-02 23:35:42.674418
RTM1P47,0.15,0.14,0.16,1000000.0,1000000.0,0,0,30,2026-02-02 23:35:42.674418
RTM1C48,2.89,2.88,2.9,1000000.0,1000000.0,0,0,30,2026-02-02 23:35:42.674418
RTM1P48,0.24,0.23,0.25,1000000.0,1000000.0,0,0,30,2026-02-02 23:35:42.674418
RTM1C49,2.22,2.21,2.23,1000000.0,1000000.0,0,0,30,2026-02-02 23:35:42.674418
RTM1P49,0.57,0.56,0.58,1000000.0,1000000.0,0,0,30,2026-02-02 23:35:42.674418
RTM1C50,1.6,1.59,1.61,1000000.0,1000000.0,0,0,30,2026-02-02 23:35:42.674418
RTM1P50,0.94,0.93,0.95,1000000.0,1000000.0,0,0,30,2026-02-02 23:35:42.674418
RTM1C51,1.0,0.99,1.01,1000000.0,1000000.0,0,0,30,2026-02-02 23:35:42.674418
RTM1P51,1.34,1.33,1.35,1000000.0,1000000.0,0,0,30,2026-02-02 23:35:42.674418
RTM1C52,0.63,0.62,0.64,1000000.0,1000000.0,0,0,30,2026-02-02 23:35:42.674418
RTM1P52,1.97,1.96,1.98,1000000.0,1000000.0,0,0,30,2026-02-02 23:35:42.674418
RTM1C53,0.41,0.4,0.42,1000000.0,1000000.0,0,0,30,2026-02-02 23:35:42.674418
RTM1P53,2.76,2.75,2.77,1000000.0,1000000.0,0,0,30,2026-02-02 23:35:42.674418
RTM1C54,0.18,0.17,0.19,1000000.0,1000000.0,0,0,30,2026-02-02 23:35:42.674418
RTM1P54,3.53,3.52,3.54,1000000.0,1000000.0,0,0,30,2026-02-02 23:35:42.674418
RTM,50.65,50.64,50.66,100000000.0,100000000.0,0,0,31,2026-02-02 23:35:43.736736
RTM1C45,5.67,5.66,5.68,1000000.0,1000000.0,0,0,31,2026-02-02 23:35:43.736736
RTM1P45,0.02,0.01,0.03,1000000.0,1000000.0,0,0,31,2026-02-02 23:35:43.736736
RTM1C46,4.72,4.71,4.73,1000000.0,1000000.0,0,0,31,2026-02-02 23:35:43.736736
RTM1P46,0.07,0.06,0.08,1000000.0,1000000.0,0,0,31,2026-02-02 23:35:43.736736
RTM1C47,3.8,3.79,3.81,1000000.0,1000000.0,0,0,31,2026-02-02 23:35:43.736736
RTM1P47,0.15,0.14,0.16,1000000.0,1000000.0,0,0,31,2026-02-02 23:35:43.736736
RTM1C48,2.89,2.88,2.9,1000000.0,1000000.0,0,0,31,2026-02-02 23:35:43.736736
RTM1P48,0.24,0.23,0.25,1000000.0,1000000.0,0,0,31,2026-02-02 23:35:43.736736
RTM1C49,2.12,2.11,2.13,1000000.0,1000000.0,0,0,31,2026-02-02 23:35:43.736736
RTM1P49,0.47,0.46,0.48,1000000.0,1000000.0,0,0,31,2026-02-02 23:35:43.736736
RTM1C50,1.54,1.53,1.55,1000000.0,1000000.0,0,0,31,2026-02-02 23:35:43.736736
RTM1P50,0.89,0.88,0.9,1000000.0,1000000.0,0,0,31,2026-02-02 23:35:43.736736
RTM1C51,1.06,1.05,1.07,1000000.0,1000000.0,0,0,31,2026-02-02 23:35:43.736736
RTM1P51,1.42,1.41,1.43,1000000.0,1000000.0,0,0,31,2026-02-02 23:35:43.736736
RTM1C52,0.69,0.68,0.7,1000000.0,1000000.0,0,0,31,2026-02-02 23:35:43.736736
RTM1P52,2.04,2.03,2.05,1000000.0,1000000.0,0,0,31,2026-02-02 23:35:43.736736
RTM1C53,0.4,0.39,0.41,1000000.0,1000000.0,0,0,31,2026-02-02 23:35:43.736736
RTM1P53,2.75,2.74,2.76,1000000.0,1000000.0,0,0,31,2026-02-02 23:35:43.736736
RTM1C54,0.21,0.2,0.22,1000000.0,1000000.0,0,0,31,2026-02-02 23:35:43.736736
RTM1P54,3.56,3.55,3.57,1000000.0,1000000.0,0,0,31,2026-02-02 23:35:43.736736
RTM,50.54,50.53,50.55,100000000.0,100000000.0,0,0,32,2026-02-02 23:35:44.792418
RTM1C45,5.58,5.57,5.59,1000000.0,1000000.0,0,0,32,2026-02-02 23:35:44.792418
RTM1P45,0.04,0.03,0.05,1000000.0,1000000.0,0,0,32,2026-02-02 23:35:44.792418
RTM1C46,4.6,4.59,4.61,1000000.0,1000000.0,0,0,32,2026-02-02 23:35:44.792418
RTM1P46,0.06,0.05,0.07,1000000.0,1000000.0,0,0,32,2026-02-02 23:35:44.792418
RTM1C47,3.69,3.68,3.7,1000000.0,1000000.0,0,0,32,2026-02-02 23:35:44.792418
RTM1P47,0.15,0.14,0.16,1000000.0,1000000.0,0,0,32,2026-02-02 23:35:44.792418
RTM1C48,2.86,2.85,2.87,1000000.0,1000000.0,0,0,32,2026-02-02 23:35:44.792418
RTM1P48,0.33,0.32,0.34,1000000.0,1000000.0,0,0,32,2026-02-02 23:35:44.792418
RTM1C49,2.05,2.04,2.06,1000000.0,1000000.0,0,0,32,2026-02-02 23:35:44.792418
RTM1P49,0.51,0.5,0.52,1000000.0,1000000.0,0,0,32,2026-02-02 23:35:44.792418
RTM1C50,1.48,1.47,1.49,1000000.0,1000000.0,0,0,32,2026-02-02 23:35:44.792418
RTM1P50,0.94,0.93,0.95,1000000.0,1000000.0,0,0,32,2026-02-02 23:35:44.792418
RTM1C51,1.02,1.01,1.03,1000000.0,1000000.0,0,0,32,2026-02-02 23:35:44.792418
RTM1P51,1.48,1.47,1.49,1000000.0,1000000.0,0,0,32,2026-02-02 23:35:44.792418
RTM1C52,0.53,0.52,0.54,1000000.0,1000000.0,0,0,32,2026-02-02 23:35:44.792418
RTM1P52,1.99,1.98,2.0,1000000.0,1000000.0,0,0,32,2026-02-02 23:35:44.792418
RTM1C53,0.37,0.36,0.38,1000000.0,1000000.0,0,0,32,2026-02-02 23:35:44.792418
RTM1P53,2.83,2.82,2.84,1000000.0,1000000.0,0,0,32,2026-02-02 23:35:44.792418
RTM1C54,0.17,0.16,0.18,1000000.0,1000000.0,0,0,32,2026-02-02 23:35:44.792418
RTM1P54,3.63,3.62,3.64,1000000.0,1000000.0,0,0,32,2026-02-02 23:35:44.792418
RTM,50.6,50.59,50.61,100000000.0,100000000.0,0,0,33,2026-02-02 23:35:45.843111
RTM1C45,5.63,5.62,5.64,1000000.0,1000000.0,0,0,33,2026-02-02 23:35:45.843111
RTM1P45,0.03,0.02,0.04,1000000.0,1000000.0,0,0,33,2026-02-02 23:35:45.843111
RTM1C46,4.68,4.67,4.69,1000000.0,1000000.0,0,0,33,2026-02-02 23:35:45.843111
RTM1P46,0.08,0.07,0.09,1000000.0,1000000.0,0,0,33,2026-02-02 23:35:45.843111
RTM1C47,3.72,3.71,3.73,1000000.0,1000000.0,0,0,33,2026-02-02 23:35:45.843111
RTM1P47,0.12,0.11,0.13,1000000.0,1000000.0,0,0,33,2026-02-02 23:35:45.843111
RTM1C48,2.92,2.91,2.93,1000000.0,1000000.0,0,0,33,2026-02-02 23:35:45.843111
RTM1P48,0.32,0.31,0.33,1000000.0,1000000.0,0,0,33,2026-02-02 23:35:45.843111
RTM1C49,2.2,2.19,2.21,1000000.0,1000000.0,0,0,33,2026-02-02 23:35:45.843111
RTM1P49,0.6,0.59,0.61,1000000.0,1000000.0,0,0,33,2026-02-02 23:35:45.843111
RTM1C50,1.54,1.53,1.55,1000000.0,1000000.0,0,0,33,2026-02-02 23:35:45.843111
RTM1P50,0.94,0.93,0.95,1000000.0,1000000.0,0,0,33,2026-02-02 23:35:45.843111
RTM1C51,0.95,0.94,0.96,1000000.0,1000000.0,0,0,33,2026-02-02 23:35:45.843111
RTM1P51,1.35,1.34,1.36,1000000.0,1000000.0,0,0,33,2026-02-02 23:35:45.843111
RTM1C52,0.58,0.57,0.59,1000000.0,1000000.0,0,0,33,2026-02-02 23:35:45.843111
RTM1P52,1.98,1.97,1.99,1000000.0,1000000.0,0,0,33,2026-02-02 23:35:45.843111
RTM1C53,0.32,0.31,0.33,1000000.0,1000000.0,0,0,33,2026-02-02 23:35:45.843111
RTM1P53,2.72,2.71,2.73,1000000.0,1000000.0,0,0,33,2026-02-02 23:35:45.843111
RTM1C54,0.22,0.21,0.23,1000000.0,1000000.0,0,0,33,2026-02-02 23:35:45.843111
RTM1P54,3.62,3.61,3.63,1000000.0,1000000.0,0,0,33,2026-02-02 23:35:45.843111
RTM,50.5,50.49,50.51,100000000.0,100000000.0,0,0,34,2026-02-02 23:35:46.408490
RTM1C45,5.53,5.52,5.54,1000000.0,1000000.0,0,0,34,2026-02-02 23:35:46.408490
RTM1P45,0.03,0.02,0.04,1000000.0,1000000.0,0,0,34,2026-02-02 23:35:46.408490
RTM1C46,4.59,4.58,4.6,1000000.0,1000000.0,0,0,34,2026-02-02 23:35:46.408490
RTM1P46,0.09,0.08,0.1,1000000.0,1000000.0,0,0,34,2026-02-02 23:35:46.408490
RTM1C47,3.66,3.65,3.67,1000000.0,1000000.0,0,0,34,2026-02-02 23:35:46.408490
RTM1P47,0.16,0.15,0.17,1000000.0,1000000.0,0,0,34,2026-02-02 23:35:46.408490
RTM1C48,2.77,2.76,2.78,1000000.0,1000000.0,0,0,34,2026-02-02 23:35:46.408490
RTM1P48,0.27,0.26,0.28,1000000.0,1000000.0,0,0,34,2026-02-02 23:35:46.408490
RTM1C49,2.08,2.07,2.09,1000000.0,1000000.0,0,0,34,2026-02-02 23:35:46.408490
RTM1P49,0.58,0.57,0.59,1000000.0,1000000.0,0,0,34,2026-02-02 23:35:46.408490
RTM1C50,1.44,1.43,1.45,1000000.0,1000000.0,0,0,34,2026-02-02 23:35:46.408490
RTM1P50,0.94,0.93,0.95,1000000.0,1000000.0,0,0,34,2026-02-02 23:35:46.408490
RTM1C51,0.99,0.98,1.0,1000000.0,1000000.0,0,0,34,2026-02-02 23:35:46.408490
RTM1P51,1.49,1.48,1.5,1000000.0,1000000.0,0,0,34,2026-02-02 23:35:46.408490
RTM1C52,0.67,0.66,0.68,1000000.0,1000000.0,0,0,34,2026-02-02 23:35:46.408490
RTM1P52,2.18,2.17,2.19,1000000.0,1000000.0,0,0,34,2026-02-02 23:35:46.408490
RTM1C53,0.4,0.39,0.41,1000000.0,1000000.0,0,0,34,2026-02-02 23:35:46.408490
RTM1P53,2.9,2.89,2.91,1000000.0,1000000.0,0,0,34,2026-02-02 23:35:46.408490
RTM1C54,0.21,0.2,0.22,1000000.0,1000000.0,0,0,34,2026-02-02 23:35:46.408490
RTM1P54,3.71,3.7,3.72,1000000.0,1000000.0,0,0,34,2026-02-02 23:35:46.408490
RTM,50.73,50.72,50.74,100000000.0,100000000.0,0,0,35,2026-02-02 23:35:47.452903
RTM1C45,5.75,5.74,5.76,1000000.0,1000000.0,0,0,35,2026-02-02 23:35:47.452903
RTM1P45,0.02,0.01,0.03,1000000.0,1000000.0,0,0,35,2026-02-02 23:35:47.452903
RTM1C46,4.79,4.78,4.8,1000000.0,1000000.0,0,0,35,2026-02-02 23:35:47.452903
RTM1P46,0.06,0.05,0.07,1000000.0,1000000.0,0,0,35,2026-02-02 23:35:47.452903
RTM1C47,3.85,3.84,3.86,1000000.0,1000000.0,0,0,35,2026-02-02 23:35:47.452903
RTM1P47,0.12,0.11,0.13,1000000.0,1000000.0,0,0,35,2026-02-02 23:35:47.452903
RTM1C48,3.05,3.04,3.06,1000000.0,1000000.0,0,0,35,2026-02-02 23:35:47.452903
RTM1P48,0.32,0.31,0.33,1000000.0,1000000.0,0,0,35,2026-02-02 23:35:47.452903
RTM1C49,2.2,2.19,2.21,1000000.0,1000000.0,0,0,35,2026-02-02 23:35:47.452903
RTM1P49,0.47,0.46,0.48,1000000.0,1000000.0,0,0,35,2026-02-02 23:35:47.452903
RTM1C50,1.55,1.54,1.56,1000000.0,1000000.0,0,0,35,2026-02-02 23:35:47.452903
RTM1P50,0.82,0.81,0.83,1000000.0,1000000.0,0,0,35,2026-02-02 23:35:47.452903
RTM1C51,1.14,1.13,1.15,1000000.0,1000000.0,0,0,35,2026-02-02 23:35:47.452903
RTM1P51,1.4,1.39,1.41,1000000.0,1000000.0,0,0,35,2026-02-02 23:35:47.452903
RTM1C52,0.64,0.63,0.65,1000000.0,1000000.0,0,0,35,2026-02-02 23:35:47.452903
RTM1P52,1.91,1.9,1.92,1000000.0,1000000.0,0,0,35,2026-02-02 23:35:47.452903
RTM1C53,0.45,0.44,0.46,1000000.0,1000000.0,0,0,35,2026-02-02 23:35:47.452903
RTM1P53,2.72,2.71,2.73,1000000.0,1000000.0,0,0,35,2026-02-02 23:35:47.452903
RTM1C54,0.21,0.2,0.22,1000000.0,1000000.0,0,0,35,2026-02-02 23:35:47.452903
RTM1P54,3.48,3.47,3.49,1000000.0,1000000.0,0,0,35,2026-02-02 23:35:47.452903
RTM,51.02,51.01,51.03,100000000.0,100000000.0,0,0,36,2026-02-02 23:35:48.506745,3.0,1.0,35.0,,News 1,The analysts have informed you that the realized volatility of RTM next week will be between 08% and 13%
RTM1C45,6.04,6.03,6.05,1000000.0,1000000.0,0,0,36,2026-02-02 23:35:48.506745,,,,,,
RTM1P45,0.02,0.01,0.03,1000000.0,1000000.0,0,0,36,2026-02-02 23:35:48.506745,,,,,,
RTM1C46,5.07,5.06,5.08,1000000.0,1000000.0,0,0,36,2026-02-02 23:35:48.506745,,,,,,
RTM1P46,0.06,0.05,0.07,1000000.0,1000000.0,0,0,36,2026-02-02 23:35:48.506745,,,,,,
RTM1C47,4.11,4.1,4.12,1000000.0,1000000.0,0,0,36,2026-02-02 23:35:48.506745,,,,,,
RTM1P47,0.09,0.08,0.1,1000000.0,1000000.0,0,0,36,2026-02-02 23:35:48.506745,,,,,,
RTM1C48,3.27,3.26,3.28,1000000.0,1000000.0,0,0,36,2026-02-02 23:35:48.506745,,,,,,
RTM1P48,0.25,0.24,0.26,1000000.0,1000000.0,0,0,36,2026-02-02 23:35:48.506745,,,,,,
RTM1C49,2.42,2.41,2.43,1000000.0,1000000.0,0,0,36,2026-02-02 23:35:48.506745,,,,,,
RTM1P49,0.4,0.39,0.41,1000000.0,1000000.0,0,0,36,2026-02-02 23:35:48.506745,,,,,,
RTM1C50,1.82,1.82,1.84,1000000.0,1000000.0,0,0,36,2026-02-02 23:35:48.506745,,,,,,
RTM1P50,0.81,0.8,0.82,1000000.0,1000000.0,0,0,36,2026-02-02 23:35:48.506745,,,,,,
RTM1C51,1.18,1.17,1.19,1000000.0,1000000.0,0,0,36,2026-02-02 23:35:48.506745,,,,,,
RTM1P51,1.16,1.15,1.17,1000000.0,1000000.0,0,0,36,2026-02-02 23:35:48.506745,,,,,,
RTM1C52,0.85,0.84,0.86,1000000.0,1000000.0,0,0,36,2026-02-02 23:35:48.506745,,,,,,
RTM1P52,1.83,1.82,1.84,1000000.0,1000000.0,0,0,36,2026-02-02 23:35:48.506745,,,,,,
RTM1C53,0.46,0.45,0.47,1000000.0,1000000.0,0,0,36,2026-02-02 23:35:48.506745,,,,,,
RTM1P53,2.44,2.43,2.45,1000000.0,1000000.0,0,0,36,2026-02-02 23:35:48.506745,,,,,,
RTM1C54,0.25,0.24,0.26,1000000.0,1000000.0,0,0,36,2026-02-02 23:35:48.506745,,,,,,
RTM1P54,3.23,3.22,3.24,1000000.0,1000000.0,0,0,36,2026-02-02 23:35:48.506745,,,,,,
RTM,50.73,50.72,50.74,100000000.0,100000000.0,0,0,37,2026-02-02 23:35:49.579258
RTM1C45,5.75,5.74,5.76,1000000.0,1000000.0,0,0,37,2026-02-02 23:35:49.579258
RTM1P45,0.02,0.01,0.03,1000000.0,1000000.0,0,0,37,2026-02-02 23:35:49.579258
RTM1C46,4.79,4.78,4.8,1000000.0,1000000.0,0,0,37,2026-02-02 23:35:49.579258
RTM1P46,0.06,0.05,0.07,1000000.0,1000000.0,0,0,37,2026-02-02 23:35:49.579258
RTM1C47,3.85,3.84,3.86,1000000.0,1000000.0,0,0,37,2026-02-02 23:35:49.579258
RTM1P47,0.12,0.11,0.13,1000000.0,1000000.0,0,0,37,2026-02-02 23:35:49.579258
RTM1C48,3.02,3.01,3.03,1000000.0,1000000.0,0,0,37,2026-02-02 23:35:49.579258
RTM1P48,0.29,0.28,0.3,1000000.0,1000000.0,0,0,37,2026-02-02 23:35:49.579258
RTM1C49,2.25,2.24,2.26,1000000.0,1000000.0,0,0,37,2026-02-02 23:35:49.579258
RTM1P49,0.52,0.51,0.53,1000000.0,1000000.0,0,0,37,2026-02-02 23:35:49.579258
RTM1C50,1.57,1.56,1.58,1000000.0,1000000.0,0,0,37,2026-02-02 23:35:49.579258
RTM1P50,0.84,0.83,0.85,1000000.0,1000000.0,0,0,37,2026-02-02 23:35:49.579258
RTM1C51,1.14,1.13,1.15,1000000.0,1000000.0,0,0,37,2026-02-02 23:35:49.579258
RTM1P51,1.4,1.4,1.42,1000000.0,1000000.0,0,0,37,2026-02-02 23:35:49.579258
RTM1C52,0.64,0.63,0.65,1000000.0,1000000.0,0,0,37,2026-02-02 23:35:49.579258
RTM1P52,1.91,1.9,1.92,1000000.0,1000000.0,0,0,37,2026-02-02 23:35:49.579258
RTM1C53,0.47,0.46,0.48,1000000.0,1000000.0,0,0,37,2026-02-02 23:35:49.579258
RTM1P53,2.74,2.73,2.75,1000000.0,1000000.0,0,0,37,2026-02-02 23:35:49.579258
RTM1C54,0.22,0.21,0.23,1000000.0,1000000.0,0,0,37,2026-02-02 23:35:49.579258
RTM1P54,3.49,3.48,3.5,1000000.0,1000000.0,0,0,37,2026-02-02 23:35:49.579258
RTM,50.86,50.85,50.87,100000000.0,100000000.0,,,38,2026-02-02 23:35:50.668897
RTM1C45,5.88,5.87,5.89,1000000.0,1000000.0,,,38,2026-02-02 23:35:50.668897
RTM1P45,0.02,0.01,0.03,1000000.0,1000000.0,,,38,2026-02-02 23:35:50.668897
RTM1C46,4.93,4.92,4.94,1000000.0,1000000.0,,,38,2026-02-02 23:35:50.668897
RTM1P46,0.06,0.05,0.07,1000000.0,1000000.0,,,38,2026-02-02 23:35:50.668897
RTM1C47,3.97,3.96,3.98,1000000.0,1000000.0,,,38,2026-02-02 23:35:50.668897
RTM1P47,0.1,0.09,0.11,1000000.0,1000000.0,,,38,2026-02-02 23:35:50.668897
RTM1C48,3.12,3.11,3.13,1000000.0,1000000.0,,,38,2026-02-02 23:35:50.668897
RTM1P48,0.26,0.25,0.27,1000000.0,1000000.0,,,38,2026-02-02 23:35:50.668897
RTM1C49,2.34,2.33,2.35,1000000.0,1000000.0,,,38,2026-02-02 23:35:50.668897
RTM1P49,0.48,0.47,0.49,1000000.0,1000000.0,100.0,,38,2026-02-02 23:35:50.668897
RTM1C50,1.73,1.72,1.74,1000000.0,1000000.0,100.0,,38,2026-02-02 23:35:50.668897
RTM1P50,0.87,0.86,0.88,1000000.0,1000000.0,,100.0,38,2026-02-02 23:35:50.668897
RTM1C51,1.11,1.1,1.12,1000000.0,1000000.0,,,38,2026-02-02 23:35:50.668897
RTM1P51,1.25,1.24,1.26,1000000.0,1000000.0,,,38,2026-02-02 23:35:50.668897
RTM1C52,0.76,0.75,0.77,1000000.0,1000000.0,,,38,2026-02-02 23:35:50.668897
RTM1P52,1.89,1.88,1.9,1000000.0,1000000.0,,,38,2026-02-02 23:35:50.668897
RTM1C53,0.49,0.49,0.51,1000000.0,1000000.0,,,38,2026-02-02 23:35:50.668897
RTM1P53,2.64,2.63,2.65,1000000.0,1000000.0,,,38,2026-02-02 23:35:50.668897
RTM1C54,0.23,0.22,0.24,1000000.0,1000000.0,,,38,2026-02-02 23:35:50.668897
RTM1P54,3.37,3.36,3.38,1000000.0,1000000.0,,,38,2026-02-02 23:35:50.668897
RTM,51.07,51.07,51.09,100000000.0,10000.0,100000000.0,,39,2026-02-02 23:35:51.736049
RTM1C45,6.09,6.08,6.1,1000000.0,,1000000.0,,39,2026-02-02 23:35:51.736049
RTM1P45,0.02,0.01,0.03,1000000.0,,1000000.0,,39,2026-02-02 23:35:51.736049
RTM1C46,5.13,5.12,5.14,1000000.0,,1000000.0,,39,2026-02-02 23:35:51.736049
RTM1P46,0.05,0.04,0.06,1000000.0,,1000000.0,,39,2026-02-02 23:35:51.736049
RTM1C47,4.19,4.18,4.2,1000000.0,,1000000.0,,39,2026-02-02 23:35:51.736049
RTM1P47,0.11,0.1,0.12,1000000.0,,1000000.0,,39,2026-02-02 23:35:51.736049
RTM1C48,3.29,3.28,3.3,1000000.0,,1000000.0,,39,2026-02-02 23:35:51.736049
RTM1P48,0.21,0.2,0.22,1000000.0,,1000000.0,100.0,39,2026-02-02 23:35:51.736049
RTM1C49,2.55,2.54,2.56,1000000.0,100.0,1000000.0,,39,2026-02-02 23:35:51.736049
RTM1P49,0.48,0.46,0.48,1000000.0,,1000000.0,100.0,39,2026-02-02 23:35:51.736049
RTM1C50,1.67,1.66,1.68,1000000.0,,1000000.0,100.0,39,2026-02-02 23:35:51.736049
RTM1P50,0.59,0.58,0.6,1000000.0,,1000000.0,,39,2026-02-02 23:35:51.736049
RTM1C51,1.31,1.3,1.32,1000000.0,100.0,1000000.0,,39,2026-02-02 23:35:51.736049
RTM1P51,1.24,1.22,1.24,1000000.0,,1000000.0,100.0,39,2026-02-02 23:35:51.736049
RTM1C52,0.77,0.76,0.78,1000000.0,100.0,1000000.0,,39,2026-02-02 23:35:51.736049
RTM1P52,1.69,1.68,1.7,1000000.0,,1000000.0,,39,2026-02-02 23:35:51.736049
RTM1C53,0.54,0.53,0.55,1000000.0,,1000000.0,,39,2026-02-02 23:35:51.736049
RTM1P53,2.47,2.45,2.47,1000000.0,,1000000.0,100.0,39,2026-02-02 23:35:51.736049
RTM1C54,0.29,0.28,0.3,1000000.0,,1000000.0,,39,2026-02-02 23:35:51.736049
RTM1P54,3.21,3.2,3.22,1000000.0,,1000000.0,,39,2026-02-02 23:35:51.736049
RTM,51.32,51.32,51.34,100000000.0,10000.0,100000000.0,,40,2026-02-02 23:35:52.838498
RTM1C45,6.35,6.34,6.36,1000000.0,,1000000.0,,40,2026-02-02 23:35:52.838498
RTM1P45,0.02,0.01,0.03,1000000.0,,1000000.0,,40,2026-02-02 23:35:52.838498
RTM1C46,5.36,5.35,5.37,1000000.0,,1000000.0,,40,2026-02-02 23:35:52.838498
RTM1P46,0.03,0.02,0.04,1000000.0,,1000000.0,,40,2026-02-02 23:35:52.838498
RTM1C47,4.42,4.41,4.43,1000000.0,,1000000.0,,40,2026-02-02 23:35:52.838498
RTM1P47,0.09,0.08,0.1,1000000.0,,1000000.0,,40,2026-02-02 23:35:52.838498
RTM1C48,3.55,3.54,3.56,1000000.0,,1000000.0,,40,2026-02-02 23:35:52.838498
RTM1P48,0.21,0.2,0.22,1000000.0,,1000000.0,,40,2026-02-02 23:35:52.838498
RTM1C49,2.69,2.68,2.7,1000000.0,100.0,1000000.0,,40,2026-02-02 23:35:52.838498
RTM1P49,0.35,0.34,0.36,1000000.0,,1000000.0,,40,2026-02-02 23:35:52.838498
RTM1C50,1.96,1.95,1.97,1000000.0,,1000000.0,,40,2026-02-02 23:35:52.838498
RTM1P50,0.63,0.62,0.64,1000000.0,,1000000.0,,40,2026-02-02 23:35:52.838498
RTM1C51,1.43,1.43,1.45,1000000.0,,1000000.0,,40,2026-02-02 23:35:52.838498
RTM1P51,1.1,1.09,1.11,1000000.0,,1000000.0,,40,2026-02-02 23:35:52.838498
RTM1C52,0.93,0.92,0.94,1000000.0,,1000000.0,,40,2026-02-02 23:35:52.838498
RTM1P52,1.6,1.59,1.61,1000000.0,,1000000.0,,40,2026-02-02 23:35:52.838498
RTM1C53,0.59,0.58,0.6,1000000.0,,1000000.0,,40,2026-02-02 23:35:52.838498
RTM1P53,2.26,2.25,2.27,1000000.0,,1000000.0,100.0,40,2026-02-02 23:35:52.838498
RTM1C54,0.38,0.37,0.39,1000000.0,,1000000.0,,40,2026-02-02 23:35:52.838498
RTM1P54,3.05,3.04,3.06,1000000.0,,1000000.0,,40,2026-02-02 23:35:52.838498
RTM,51.31,51.3,51.32,100000000.0,100000000.0,,,41,2026-02-02 23:35:53.440786
RTM1C45,6.33,6.32,6.34,1000000.0,1000000.0,,,41,2026-02-02 23:35:53.440786
RTM1P45,0.02,0.01,0.03,1000000.0,1000000.0,,,41,2026-02-02 23:35:53.440786
RTM1C46,5.34,5.33,5.35,1000000.0,1000000.0,,,41,2026-02-02 23:35:53.440786
RTM1P46,0.04,0.03,0.05,1000000.0,1000000.0,,,41,2026-02-02 23:35:53.440786
RTM1C47,4.38,4.37,4.39,1000000.0,1000000.0,,,41,2026-02-02 23:35:53.440786
RTM1P47,0.08,0.07,0.09,1000000.0,1000000.0,,,41,2026-02-02 23:35:53.440786
RTM1C48,3.53,3.52,3.54,1000000.0,1000000.0,,,41,2026-02-02 23:35:53.440786
RTM1P48,0.22,0.21,0.23,1000000.0,1000000.0,,,41,2026-02-02 23:35:53.440786
RTM1C49,2.66,2.65,2.67,1000000.0,1000000.0,100.0,,41,2026-02-02 23:35:53.440786
RTM1P49,0.35,0.34,0.36,1000000.0,1000000.0,,,41,2026-02-02 23:35:53.440786
RTM1C50,1.94,1.93,1.95,1000000.0,1000000.0,,,41,2026-02-02 23:35:53.440786
RTM1P50,0.63,0.62,0.64,1000000.0,1000000.0,,,41,2026-02-02 23:35:53.440786
RTM1C51,1.41,1.4,1.42,1000000.0,1000000.0,,,41,2026-02-02 23:35:53.440786
RTM1P51,1.1,1.09,1.11,1000000.0,1000000.0,,,41,2026-02-02 23:35:53.440786
RTM1C52,0.89,0.88,0.9,1000000.0,1000000.0,,,41,2026-02-02 23:35:53.440786
RTM1P52,1.58,1.57,1.59,1000000.0,1000000.0,,,41,2026-02-02 23:35:53.440786
RTM1C53,0.5,0.49,0.51,1000000.0,1000000.0,,,41,2026-02-02 23:35:53.440786
RTM1P53,2.2,2.19,2.21,1000000.0,1000000.0,,100.0,41,2026-02-02 23:35:53.440786
RTM1C54,0.38,0.37,0.39,1000000.0,1000000.0,,,41,2026-02-02 23:35:53.440786
RTM1P54,3.07,3.06,3.08,1000000.0,1000000.0,,,41,2026-02-02 23:35:53.440786
RTM,51.14,51.13,51.15,100000000.0,100000000.0,,0,42,2026-02-02 23:35:54.492400
RTM1C45,6.16,6.15,6.17,1000000.0,1000000.0,,0,42,2026-02-02 23:35:54.492400
RTM1P45,0.02,0.01,0.03,1000000.0,1000000.0,,0,42,2026-02-02 23:35:54.492400
RTM1C46,5.18,5.17,5.19,1000000.0,1000000.0,,0,42,2026-02-02 23:35:54.492400
RTM1P46,0.04,0.03,0.05,1000000.0,1000000.0,,0,42,2026-02-02 23:35:54.492400
RTM1C47,4.24,4.23,4.25,1000000.0,1000000.0,,0,42,2026-02-02 23:35:54.492400
RTM1P47,0.1,0.09,0.11,1000000.0,1000000.0,,0,42,2026-02-02 23:35:54.492400
RTM1C48,3.35,3.34,3.36,1000000.0,1000000.0,,0,42,2026-02-02 23:35:54.492400
RTM1P48,0.21,0.2,0.22,1000000.0,1000000.0,,0,42,2026-02-02 23:35:54.492400
RTM1C49,2.59,2.58,2.6,1000000.0,1000000.0,,0,42,2026-02-02 23:35:54.492400
RTM1P49,0.45,0.44,0.46,1000000.0,1000000.0,,0,42,2026-02-02 23:35:54.492400
RTM1C50,1.78,1.77,1.79,1000000.0,1000000.0,100.0,0,42,2026-02-02 23:35:54.492400
RTM1P50,0.64,0.63,0.65,1000000.0,1000000.0,,0,42,2026-02-02 23:35:54.492400
RTM1C51,1.34,1.33,1.35,1000000.0,1000000.0,,0,42,2026-02-02 23:35:54.492400
RTM1P51,1.2,1.19,1.21,1000000.0,1000000.0,,0,42,2026-02-02 23:35:54.492400
RTM1C52,0.85,0.84,0.86,1000000.0,1000000.0,,0,42,2026-02-02 23:35:54.492400
RTM1P52,1.71,1.7,1.72,1000000.0,1000000.0,,0,42,2026-02-02 23:35:54.492400
RTM1C53,0.54,0.53,0.55,1000000.0,1000000.0,,0,42,2026-02-02 23:35:54.492400
RTM1P53,2.4,2.39,2.41,1000000.0,1000000.0,,0,42,2026-02-02 23:35:54.492400
RTM1C54,0.29,0.28,0.3,1000000.0,1000000.0,,0,42,2026-02-02 23:35:54.492400
RTM1P54,3.15,3.14,3.16,1000000.0,1000000.0,,0,42,2026-02-02 23:35:54.492400
RTM,50.96,50.94,50.96,100000000.0,100000000.0,0,0,43,2026-02-02 23:35:55.570686
RTM1C45,5.98,5.97,5.99,1000000.0,1000000.0,0,0,43,2026-02-02 23:35:55.570686
RTM1P45,0.02,0.01,0.03,1000000.0,1000000.0,0,0,43,2026-02-02 23:35:55.570686
RTM1C46,5.0,4.99,5.01,1000000.0,1000000.0,0,0,43,2026-02-02 23:35:55.570686
RTM1P46,0.04,0.03,0.05,1000000.0,1000000.0,0,0,43,2026-02-02 23:35:55.570686
RTM1C47,4.08,4.07,4.09,1000000.0,1000000.0,0,0,43,2026-02-02 23:35:55.570686
RTM1P47,0.12,0.11,0.13,1000000.0,1000000.0,0,0,43,2026-02-02 23:35:55.570686
RTM1C48,3.19,3.18,3.2,1000000.0,1000000.0,0,0,43,2026-02-02 23:35:55.570686
RTM1P48,0.24,0.23,0.25,1000000.0,1000000.0,0,0,43,2026-02-02 23:35:55.570686
RTM1C49,2.42,2.41,2.43,1000000.0,1000000.0,0,0,43,2026-02-02 23:35:55.570686
RTM1P49,0.47,0.46,0.48,1000000.0,1000000.0,0,0,43,2026-02-02 23:35:55.570686
RTM1C50,1.65,1.64,1.66,1000000.0,1000000.0,0,0,43,2026-02-02 23:35:55.570686
RTM1P50,0.7,0.69,0.71,1000000.0,1000000.0,0,0,43,2026-02-02 23:35:55.570686
RTM1C51,1.27,1.26,1.28,1000000.0,1000000.0,0,0,43,2026-02-02 23:35:55.570686
RTM1P51,1.32,1.31,1.33,1000000.0,1000000.0,0,0,43,2026-02-02 23:35:55.570686
RTM1C52,0.76,0.75,0.77,1000000.0,1000000.0,0,0,43,2026-02-02 23:35:55.570686
RTM1P52,1.81,1.8,1.82,1000000.0,1000000.0,0,0,43,2026-02-02 23:35:55.570686
RTM1C53,0.49,0.48,0.5,1000000.0,1000000.0,0,0,43,2026-02-02 23:35:55.570686
RTM1P53,2.54,2.53,2.55,1000000.0,1000000.0,0,0,43,2026-02-02 23:35:55.570686
RTM1C54,0.28,0.27,0.29,1000000.0,1000000.0,0,0,43,2026-02-02 23:35:55.570686
RTM1P54,3.33,3.32,3.34,1000000.0,1000000.0,0,0,43,2026-02-02 23:35:55.570686
RTM,50.69,50.68,50.7,100000000.0,100000000.0,0,0,44,2026-02-02 23:35:56.668546
RTM1C45,5.72,5.71,5.73,1000000.0,1000000.0,0,0,44,2026-02-02 23:35:56.668546
RTM1P45,0.03,0.02,0.04,1000000.0,1000000.0,0,0,44,2026-02-02 23:35:56.668546
RTM1C46,4.76,4.75,4.77,1000000.0,1000000.0,0,0,44,2026-02-02 23:35:56.668546
RTM1P46,0.08,0.07,0.09,1000000.0,1000000.0,0,0,44,2026-02-02 23:35:56.668546
RTM1C47,3.86,3.85,3.87,1000000.0,1000000.0,0,0,44,2026-02-02 23:35:56.668546
RTM1P47,0.17,0.16,0.18,1000000.0,1000000.0,0,0,44,2026-02-02 23:35:56.668546
RTM1C48,2.97,2.96,2.98,1000000.0,1000000.0,0,0,44,2026-02-02 23:35:56.668546
RTM1P48,0.28,0.27,0.29,1000000.0,1000000.0,0,0,44,2026-02-02 23:35:56.668546
RTM1C49,2.23,2.22,2.24,1000000.0,1000000.0,0,0,44,2026-02-02 23:35:56.668546
RTM1P49,0.54,0.53,0.55,1000000.0,1000000.0,0,0,44,2026-02-02 23:35:56.668546
RTM1C50,1.53,1.52,1.54,1000000.0,1000000.0,0,0,44,2026-02-02 23:35:56.668546
RTM1P50,0.85,0.84,0.86,1000000.0,1000000.0,0,0,44,2026-02-02 23:35:56.668546
RTM1C51,1.03,1.02,1.04,1000000.0,1000000.0,0,0,44,2026-02-02 23:35:56.668546
RTM1P51,1.34,1.33,1.35,1000000.0,1000000.0,0,0,44,2026-02-02 23:35:56.668546
RTM1C52,0.73,0.72,0.74,1000000.0,1000000.0,0,0,44,2026-02-02 23:35:56.668546
RTM1P52,2.04,2.03,2.05,1000000.0,1000000.0,0,0,44,2026-02-02 23:35:56.668546
RTM1C53,0.37,0.36,0.38,1000000.0,1000000.0,0,0,44,2026-02-02 23:35:56.668546
RTM1P53,2.67,2.67,2.69,1000000.0,1000000.0,0,0,44,2026-02-02 23:35:56.668546
RTM1C54,0.27,0.26,0.28,1000000.0,1000000.0,0,0,44,2026-02-02 23:35:56.668546
RTM1P54,3.58,3.57,3.59,1000000.0,1000000.0,0,0,44,2026-02-02 23:35:56.668546
RTM,50.48,50.46,50.48,100000000.0,100000000.0,,,45,2026-02-02 23:35:57.733041
RTM1C45,5.51,5.5,5.52,1000000.0,1000000.0,,,45,2026-02-02 23:35:57.733041
RTM1P45,0.03,0.02,0.04,1000000.0,1000000.0,,,45,2026-02-02 23:35:57.733041
RTM1C46,4.55,4.54,4.56,1000000.0,1000000.0,,,45,2026-02-02 23:35:57.733041
RTM1P46,0.07,0.06,0.08,1000000.0,1000000.0,,,45,2026-02-02 23:35:57.733041
RTM1C47,3.65,3.64,3.66,1000000.0,1000000.0,,,45,2026-02-02 23:35:57.733041
RTM1P47,0.18,0.17,0.19,1000000.0,1000000.0,,,45,2026-02-02 23:35:57.733041
RTM1C48,2.81,2.8,2.82,1000000.0,1000000.0,,,45,2026-02-02 23:35:57.733041
RTM1P48,0.33,0.32,0.34,1000000.0,1000000.0,,,45,2026-02-02 23:35:57.733041
RTM1C49,2.08,2.07,2.09,1000000.0,1000000.0,,,45,2026-02-02 23:35:57.733041
RTM1P49,0.61,0.6,0.62,1000000.0,1000000.0,,,45,2026-02-02 23:35:57.733041
RTM1C50,1.47,1.46,1.48,1000000.0,1000000.0,100.0,,45,2026-02-02 23:35:57.733041
RTM1P50,0.99,0.98,1.0,1000000.0,1000000.0,,,45,2026-02-02 23:35:57.733041
RTM1C51,0.96,0.95,0.97,1000000.0,1000000.0,,,45,2026-02-02 23:35:57.733041
RTM1P51,1.49,1.48,1.5,1000000.0,1000000.0,,,45,2026-02-02 23:35:57.733041
RTM1C52,0.63,0.62,0.64,1000000.0,1000000.0,,,45,2026-02-02 23:35:57.733041
RTM1P52,2.15,2.14,2.16,1000000.0,1000000.0,,101.0,45,2026-02-02 23:35:57.733041
RTM1C53,0.34,0.33,0.35,1000000.0,1000000.0,,,45,2026-02-02 23:35:57.733041
RTM1P53,2.86,2.85,2.87,1000000.0,1000000.0,,,45,2026-02-02 23:35:57.733041
RTM1C54,0.23,0.22,0.24,1000000.0,1000000.0,,,45,2026-02-02 23:35:57.733041
RTM1P54,3.76,3.75,3.77,1000000.0,1000000.0,,,45,2026-02-02 23:35:57.733041
RTM,50.55,50.54,50.56,100000000.0,100000000.0,,0,46,2026-02-02 23:35:58.798925
RTM1C45,5.58,5.57,5.59,1000000.0,1000000.0,,0,46,2026-02-02 23:35:58.798925
RTM1P45,0.03,0.02,0.04,1000000.0,1000000.0,,0,46,2026-02-02 23:35:58.798925
RTM1C46,4.64,4.63,4.65,1000000.0,1000000.0,,0,46,2026-02-02 23:35:58.798925
RTM1P46,0.09,0.08,0.1,1000000.0,1000000.0,,0,46,2026-02-02 23:35:58.798925
RTM1C47,3.74,3.73,3.75,1000000.0,1000000.0,,0,46,2026-02-02 23:35:58.798925
RTM1P47,0.19,0.18,0.2,1000000.0,1000000.0,,0,46,2026-02-02 23:35:58.798925
RTM1C48,2.9,2.89,2.91,1000000.0,1000000.0,,0,46,2026-02-02 23:35:58.798925
RTM1P48,0.35,0.34,0.36,1000000.0,1000000.0,,0,46,2026-02-02 23:35:58.798925
RTM1C49,2.14,2.13,2.15,1000000.0,1000000.0,,0,46,2026-02-02 23:35:58.798925
RTM1P49,0.61,0.59,0.61,1000000.0,1000000.0,,0,46,2026-02-02 23:35:58.798925
RTM1C50,1.52,1.51,1.53,1000000.0,1000000.0,,0,46,2026-02-02 23:35:58.798925
RTM1P50,0.97,0.96,0.98,1000000.0,1000000.0,,0,46,2026-02-02 23:35:58.798925
RTM1C51,1.07,1.06,1.08,1000000.0,1000000.0,,0,46,2026-02-02 23:35:58.798925
RTM1P51,1.52,1.51,1.53,1000000.0,1000000.0,,0,46,2026-02-02 23:35:58.798925
RTM1C52,0.62,0.61,0.63,1000000.0,1000000.0,,0,46,2026-02-02 23:35:58.798925
RTM1P52,2.08,2.07,2.09,1000000.0,1000000.0,1.0,0,46,2026-02-02 23:35:58.798925
RTM1C53,0.41,0.4,0.42,1000000.0,1000000.0,100.0,0,46,2026-02-02 23:35:58.798925
RTM1P53,2.86,2.85,2.87,1000000.0,1000000.0,,0,46,2026-02-02 23:35:58.798925
RTM1C54,0.25,0.24,0.26,1000000.0,1000000.0,,0,46,2026-02-02 23:35:58.798925
RTM1P54,3.7,3.69,3.71,1000000.0,1000000.0,,0,46,2026-02-02 23:35:58.798925
RTM,50.18,50.17,50.19,100000000.0,100000000.0,,,47,2026-02-02 23:35:59.847577
RTM1C45,5.23,5.22,5.24,1000000.0,1000000.0,,,47,2026-02-02 23:35:59.847577
RTM1P45,0.05,0.04,0.06,1000000.0,1000000.0,,,47,2026-02-02 23:35:59.847577
RTM1C46,4.3,4.29,4.31,1000000.0,1000000.0,,,47,2026-02-02 23:35:59.847577
RTM1P46,0.12,0.11,0.13,1000000.0,1000000.0,,,47,2026-02-02 23:35:59.847577
RTM1C47,3.42,3.41,3.43,1000000.0,1000000.0,,,47,2026-02-02 23:35:59.847577
RTM1P47,0.24,0.23,0.25,1000000.0,1000000.0,,,47,2026-02-02 23:35:59.847577
RTM1C48,2.56,2.55,2.57,1000000.0,1000000.0,,,47,2026-02-02 23:35:59.847577
RTM1P48,0.38,0.37,0.39,1000000.0,1000000.0,,,47,2026-02-02 23:35:59.847577
RTM1C49,1.89,1.88,1.9,1000000.0,1000000.0,,,47,2026-02-02 23:35:59.847577
RTM1P49,0.71,0.7,0.72,1000000.0,1000000.0,,,47,2026-02-02 23:35:59.847577
RTM1C50,1.32,1.31,1.33,1000000.0,1000000.0,100.0,,47,2026-02-02 23:35:59.847577
RTM1P50,1.13,1.13,1.15,1000000.0,1000000.0,,,47,2026-02-02 23:35:59.847577
RTM1C51,0.84,0.83,0.85,1000000.0,1000000.0,,,47,2026-02-02 23:35:59.847577
RTM1P51,1.66,1.65,1.67,1000000.0,1000000.0,,,47,2026-02-02 23:35:59.847577
RTM1C52,0.53,0.52,0.54,1000000.0,1000000.0,,,47,2026-02-02 23:35:59.847577
RTM1P52,2.35,2.34,2.36,1000000.0,1000000.0,,100.0,47,2026-02-02 23:35:59.847577
RTM1C53,0.31,0.3,0.32,1000000.0,1000000.0,,,47,2026-02-02 23:35:59.847577
RTM1P53,3.13,3.12,3.14,1000000.0,1000000.0,,,47,2026-02-02 23:35:59.847577
RTM1C54,0.19,0.18,0.2,1000000.0,1000000.0,,,47,2026-02-02 23:35:59.847577
RTM1P54,4.01,4.0,4.02,1000000.0,1000000.0,,,47,2026-02-02 23:35:59.847577
RTM,50.56,50.55,50.57,100000000.0,100000000.0,,,48,2026-02-02 23:36:00.898665
RTM1C45,5.6,5.59,5.61,1000000.0,1000000.0,,,48,2026-02-02 23:36:00.898665
RTM1P45,0.03,0.02,0.04,1000000.0,1000000.0,,,48,2026-02-02 23:36:00.898665
RTM1C46,4.64,4.63,4.65,1000000.0,1000000.0,,,48,2026-02-02 23:36:00.898665
RTM1P46,0.08,0.07,0.09,1000000.0,1000000.0,,,48,2026-02-02 23:36:00.898665
RTM1C47,3.75,3.74,3.76,1000000.0,1000000.0,,,48,2026-02-02 23:36:00.898665
RTM1P47,0.19,0.18,0.2,1000000.0,1000000.0,,,48,2026-02-02 23:36:00.898665
RTM1C48,2.87,2.86,2.88,1000000.0,1000000.0,,,48,2026-02-02 23:36:00.898665
RTM1P48,0.31,0.3,0.32,1000000.0,1000000.0,,,48,2026-02-02 23:36:00.898665
RTM1C49,2.2,2.19,2.21,1000000.0,1000000.0,,,48,2026-02-02 23:36:00.898665
RTM1P49,0.63,0.62,0.64,1000000.0,1000000.0,,,48,2026-02-02 23:36:00.898665
RTM1C50,1.5,1.49,1.51,1000000.0,1000000.0,100.0,,48,2026-02-02 23:36:00.898665
RTM1P50,0.93,0.92,0.94,1000000.0,1000000.0,,,48,2026-02-02 23:36:00.898665
RTM1C51,1.02,1.01,1.03,1000000.0,1000000.0,,100.0,48,2026-02-02 23:36:00.898665
RTM1P51,1.45,1.44,1.46,1000000.0,1000000.0,,,48,2026-02-02 23:36:00.898665
RTM1C52,0.66,0.65,0.67,1000000.0,1000000.0,,,48,2026-02-02 23:36:00.898665
RTM1P52,2.1,2.09,2.11,1000000.0,1000000.0,,100.0,48,2026-02-02 23:36:00.898665
RTM1C53,0.4,0.39,0.41,1000000.0,1000000.0,,,48,2026-02-02 23:36:00.898665
RTM1P53,2.83,2.82,2.84,1000000.0,1000000.0,,,48,2026-02-02 23:36:00.898665
RTM1C54,0.25,0.24,0.26,1000000.0,1000000.0,,,48,2026-02-02 23:36:00.898665
RTM1P54,3.68,3.67,3.69,1000000.0,1000000.0,,,48,2026-02-02 23:36:00.898665
RTM,50.62,50.61,50.63,100000000.0,100000000.0,,0,49,2026-02-02 23:36:01.449917
RTM1C45,5.65,5.64,5.66,1000000.0,1000000.0,,0,49,2026-02-02 23:36:01.449917
RTM1P45,0.03,0.02,0.04,1000000.0,1000000.0,,0,49,2026-02-02 23:36:01.449917
RTM1C46,4.69,4.68,4.7,1000000.0,1000000.0,,0,49,2026-02-02 23:36:01.449917
RTM1P46,0.07,0.06,0.08,1000000.0,1000000.0,,0,49,2026-02-02 23:36:01.449917
RTM1C47,3.79,3.78,3.8,1000000.0,1000000.0,,0,49,2026-02-02 23:36:01.449917
RTM1P47,0.17,0.16,0.18,1000000.0,1000000.0,,0,49,2026-02-02 23:36:01.449917
RTM1C48,2.96,2.95,2.97,1000000.0,1000000.0,,0,49,2026-02-02 23:36:01.449917
RTM1P48,0.34,0.33,0.35,1000000.0,1000000.0,,0,49,2026-02-02 23:36:01.449917
RTM1C49,2.12,2.11,2.13,1000000.0,1000000.0,,0,49,2026-02-02 23:36:01.449917
RTM1P49,0.5,0.49,0.51,1000000.0,1000000.0,,0,49,2026-02-02 23:36:01.449917
RTM1C50,1.55,1.55,1.57,1000000.0,1000000.0,,0,49,2026-02-02 23:36:01.449917
RTM1P50,0.94,0.93,0.95,1000000.0,1000000.0,,0,49,2026-02-02 23:36:01.449917
RTM1C51,1.05,1.04,1.06,1000000.0,1000000.0,100.0,0,49,2026-02-02 23:36:01.449917
RTM1P51,1.43,1.42,1.44,1000000.0,1000000.0,,0,49,2026-02-02 23:36:01.449917
RTM1C52,0.7,0.69,0.71,1000000.0,1000000.0,,0,49,2026-02-02 23:36:01.449917
RTM1P52,2.07,2.06,2.08,1000000.0,1000000.0,,0,49,2026-02-02 23:36:01.449917
RTM1C53,0.44,0.43,0.45,1000000.0,1000000.0,,0,49,2026-02-02 23:36:01.449917
RTM1P53,2.82,2.81,2.83,1000000.0,1000000.0,,0,49,2026-02-02 23:36:01.449917
RTM1C54,0.25,0.24,0.26,1000000.0,1000000.0,,0,49,2026-02-02 23:36:01.449917
RTM1P54,3.63,3.62,3.64,1000000.0,1000000.0,,0,49,2026-02-02 23:36:01.449917
RTM,50.8,50.79,50.81,100000000.0,100000000.0,,0,50,2026-02-02 23:36:02.498621
RTM1C45,5.83,5.82,5.84,1000000.0,1000000.0,,0,50,2026-02-02 23:36:02.498621
RTM1P45,0.03,0.02,0.04,1000000.0,1000000.0,,0,50,2026-02-02 23:36:02.498621
RTM1C46,4.87,4.86,4.88,1000000.0,1000000.0,,0,50,2026-02-02 23:36:02.498621
RTM1P46,0.07,0.06,0.08,1000000.0,1000000.0,,0,50,2026-02-02 23:36:02.498621
RTM1C47,3.95,3.94,3.96,1000000.0,1000000.0,,0,50,2026-02-02 23:36:02.498621
RTM1P47,0.14,0.13,0.15,1000000.0,1000000.0,,0,50,2026-02-02 23:36:02.498621
RTM1C48,3.12,3.11,3.13,1000000.0,1000000.0,,0,50,2026-02-02 23:36:02.498621
RTM1P48,0.32,0.31,0.33,1000000.0,1000000.0,,0,50,2026-02-02 23:36:02.498621
RTM1C49,2.3,2.29,2.31,1000000.0,1000000.0,,0,50,2026-02-02 23:36:02.498621
RTM1P49,0.5,0.49,0.51,1000000.0,1000000.0,,0,50,2026-02-02 23:36:02.498621
RTM1C50,1.69,1.68,1.7,1000000.0,1000000.0,51.0,0,50,2026-02-02 23:36:02.498621
RTM1P50,0.89,0.88,0.9,1000000.0,1000000.0,,0,50,2026-02-02 23:36:02.498621
RTM1C51,1.11,1.1,1.12,1000000.0,1000000.0,100.0,0,50,2026-02-02 23:36:02.498621
RTM1P51,1.31,1.3,1.32,1000000.0,1000000.0,,0,50,2026-02-02 23:36:02.498621
RTM1C52,0.74,0.73,0.75,1000000.0,1000000.0,,0,50,2026-02-02 23:36:02.498621
RTM1P52,1.94,1.93,1.95,1000000.0,1000000.0,,0,50,2026-02-02 23:36:02.498621
RTM1C53,0.49,0.48,0.5,1000000.0,1000000.0,,0,50,2026-02-02 23:36:02.498621
RTM1P53,2.69,2.68,2.7,1000000.0,1000000.0,,0,50,2026-02-02 23:36:02.498621
RTM1C54,0.26,0.25,0.27,1000000.0,1000000.0,,0,50,2026-02-02 23:36:02.498621
RTM1P54,3.46,3.45,3.47,1000000.0,1000000.0,,0,50,2026-02-02 23:36:02.498621
RTM,50.73,50.72,50.74,100000000.0,100000000.0,,0,51,2026-02-02 23:36:03.557573
RTM1C45,5.76,5.75,5.77,1000000.0,1000000.0,,0,51,2026-02-02 23:36:03.557573
RTM1P45,0.03,0.02,0.04,1000000.0,1000000.0,,0,51,2026-02-02 23:36:03.557573
RTM1C46,4.8,4.79,4.81,1000000.0,1000000.0,,0,51,2026-02-02 23:36:03.557573
RTM1P46,0.08,0.07,0.09,1000000.0,1000000.0,,0,51,2026-02-02 23:36:03.557573
RTM1C47,3.89,3.88,3.9,1000000.0,1000000.0,,0,51,2026-02-02 23:36:03.557573
RTM1P47,0.16,0.15,0.17,1000000.0,1000000.0,,0,51,2026-02-02 23:36:03.557573
RTM1C48,3.04,3.03,3.05,1000000.0,1000000.0,,0,51,2026-02-02 23:36:03.557573
RTM1P48,0.31,0.3,0.32,1000000.0,1000000.0,,0,51,2026-02-02 23:36:03.557573
RTM1C49,2.22,2.21,2.23,1000000.0,1000000.0,,0,51,2026-02-02 23:36:03.557573
RTM1P49,0.5,0.49,0.51,1000000.0,1000000.0,,0,51,2026-02-02 23:36:03.557573
RTM1C50,1.66,1.65,1.67,1000000.0,1000000.0,51.0,0,51,2026-02-02 23:36:03.557573
RTM1P50,0.93,0.92,0.94,1000000.0,1000000.0,,0,51,2026-02-02 23:36:03.557573
RTM1C51,1.11,1.1,1.12,1000000.0,1000000.0,,0,51,2026-02-02 23:36:03.557573
RTM1P51,1.39,1.38,1.4,1000000.0,1000000.0,,0,51,2026-02-02 23:36:03.557573
RTM1C52,0.76,0.75,0.77,1000000.0,1000000.0,,0,51,2026-02-02 23:36:03.557573
RTM1P52,2.03,2.02,2.04,1000000.0,1000000.0,,0,51,2026-02-02 23:36:03.557573
RTM1C53,0.48,0.47,0.49,1000000.0,1000000.0,,0,51,2026-02-02 23:36:03.557573
RTM1P53,2.76,2.75,2.77,1000000.0,1000000.0,,0,51,2026-02-02 23:36:03.557573
RTM1C54,0.26,0.25,0.27,1000000.0,1000000.0,,0,51,2026-02-02 23:36:03.557573
RTM1P54,3.53,3.52,3.54,1000000.0,1000000.0,,0,51,2026-02-02 23:36:03.557573
RTM,50.79,50.78,50.8,100000000.0,100000000.0,0,0,52,2026-02-02 23:36:04.609789
RTM1C45,5.82,5.81,5.83,1000000.0,1000000.0,0,0,52,2026-02-02 23:36:04.609789
RTM1P45,0.03,0.02,0.04,1000000.0,1000000.0,0,0,52,2026-02-02 23:36:04.609789
RTM1C46,4.85,4.84,4.86,1000000.0,1000000.0,0,0,52,2026-02-02 23:36:04.609789
RTM1P46,0.07,0.06,0.08,1000000.0,1000000.0,0,0,52,2026-02-02 23:36:04.609789
RTM1C47,3.93,3.92,3.94,1000000.0,1000000.0,0,0,52,2026-02-02 23:36:04.609789
RTM1P47,0.14,0.13,0.15,1000000.0,1000000.0,0,0,52,2026-02-02 23:36:04.609789
RTM1C48,3.1,3.09,3.11,1000000.0,1000000.0,0,0,52,2026-02-02 23:36:04.609789
RTM1P48,0.31,0.3,0.32,1000000.0,1000000.0,0,0,52,2026-02-02 23:36:04.609789
RTM1C49,2.31,2.3,2.32,1000000.0,1000000.0,0,0,52,2026-02-02 23:36:04.609789
RTM1P49,0.52,0.51,0.53,1000000.0,1000000.0,0,0,52,2026-02-02 23:36:04.609789
RTM1C50,1.64,1.63,1.65,1000000.0,1000000.0,0,0,52,2026-02-02 23:36:04.609789
RTM1P50,0.86,0.85,0.87,1000000.0,1000000.0,0,0,52,2026-02-02 23:36:04.609789
RTM1C51,1.18,1.17,1.19,1000000.0,1000000.0,0,0,52,2026-02-02 23:36:04.609789
RTM1P51,1.4,1.39,1.41,1000000.0,1000000.0,0,0,52,2026-02-02 23:36:04.609789
RTM1C52,0.78,0.78,0.8,1000000.0,1000000.0,0,0,52,2026-02-02 23:36:04.609789
RTM1P52,2.0,1.99,2.01,1000000.0,1000000.0,0,0,52,2026-02-02 23:36:04.609789
RTM1C53,0.5,0.49,0.51,1000000.0,1000000.0,0,0,52,2026-02-02 23:36:04.609789
RTM1P53,2.71,2.7,2.72,1000000.0,1000000.0,0,0,52,2026-02-02 23:36:04.609789
RTM1C54,0.28,0.27,0.29,1000000.0,1000000.0,0,0,52,2026-02-02 23:36:04.609789
RTM1P54,3.49,3.48,3.5,1000000.0,1000000.0,0,0,52,2026-02-02 23:36:04.609789
RTM,50.99,50.98,51.0,100000000.0,100000000.0,,0,53,2026-02-02 23:36:05.693745
RTM1C45,6.01,6.0,6.02,1000000.0,1000000.0,,0,53,2026-02-02 23:36:05.693745
RTM1P45,0.02,0.01,0.03,1000000.0,1000000.0,,0,53,2026-02-02 23:36:05.693745
RTM1C46,5.05,5.04,5.06,1000000.0,1000000.0,,0,53,2026-02-02 23:36:05.693745
RTM1P46,0.06,0.05,0.07,1000000.0,1000000.0,,0,53,2026-02-02 23:36:05.693745
RTM1C47,4.11,4.1,4.12,1000000.0,1000000.0,,0,53,2026-02-02 23:36:05.693745
RTM1P47,0.12,0.11,0.13,1000000.0,1000000.0,,0,53,2026-02-02 23:36:05.693745
RTM1C48,3.28,3.27,3.29,1000000.0,1000000.0,,0,53,2026-02-02 23:36:05.693745
RTM1P48,0.29,0.28,0.3,1000000.0,1000000.0,,0,53,2026-02-02 23:36:05.693745
RTM1C49,2.44,2.43,2.45,1000000.0,1000000.0,,0,53,2026-02-02 23:36:05.693745
RTM1P49,0.46,0.45,0.47,1000000.0,1000000.0,,0,53,2026-02-02 23:36:05.693745
RTM1C50,1.84,1.83,1.85,1000000.0,1000000.0,,0,53,2026-02-02 23:36:05.693745
RTM1P50,0.85,0.84,0.86,1000000.0,1000000.0,100.0,0,53,2026-02-02 23:36:05.693745
RTM1C51,1.29,1.28,1.3,1000000.0,1000000.0,,0,53,2026-02-02 23:36:05.693745
RTM1P51,1.3,1.29,1.31,1000000.0,1000000.0,,0,53,2026-02-02 23:36:05.693745
RTM1C52,0.86,0.85,0.87,1000000.0,1000000.0,,0,53,2026-02-02 23:36:05.693745
RTM1P52,1.87,1.86,1.88,1000000.0,1000000.0,100.0,0,53,2026-02-02 23:36:05.693745
RTM1C53,0.51,0.5,0.52,1000000.0,1000000.0,,0,53,2026-02-02 23:36:05.693745
RTM1P53,2.53,2.52,2.54,1000000.0,1000000.0,,0,53,2026-02-02 23:36:05.693745
RTM1C54,0.31,0.3,0.32,1000000.0,1000000.0,,0,53,2026-02-02 23:36:05.693745
RTM1P54,3.32,3.31,3.33,1000000.0,1000000.0,,0,53,2026-02-02 23:36:05.693745
RTM,50.88,50.87,50.89,100000000.0,100000000.0,0,0,54,2026-02-02 23:36:06.770812
RTM1C45,5.91,5.9,5.92,1000000.0,1000000.0,0,0,54,2026-02-02 23:36:06.770812
RTM1P45,0.03,0.02,0.04,1000000.0,1000000.0,0,0,54,2026-02-02 23:36:06.770812
RTM1C46,4.94,4.93,4.95,1000000.0,1000000.0,0,0,54,2026-02-02 23:36:06.770812
RTM1P46,0.07,0.06,0.08,1000000.0,1000000.0,0,0,54,2026-02-02 23:36:06.770812
RTM1C47,4.01,4.0,4.02,1000000.0,1000000.0,0,0,54,2026-02-02 23:36:06.770812
RTM1P47,0.14,0.13,0.15,1000000.0,1000000.0,0,0,54,2026-02-02 23:36:06.770812
RTM1C48,3.17,3.16,3.18,1000000.0,1000000.0,0,0,54,2026-02-02 23:36:06.770812
RTM1P48,0.29,0.28,0.3,1000000.0,1000000.0,0,0,54,2026-02-02 23:36:06.770812
RTM1C49,2.37,2.36,2.38,1000000.0,1000000.0,0,0,54,2026-02-02 23:36:06.770812
RTM1P49,0.49,0.48,0.5,1000000.0,1000000.0,0,0,54,2026-02-02 23:36:06.770812
RTM1C50,1.75,1.74,1.76,1000000.0,1000000.0,0,0,54,2026-02-02 23:36:06.770812
RTM1P50,0.87,0.86,0.88,1000000.0,1000000.0,0,0,54,2026-02-02 23:36:06.770812
RTM1C51,1.2,1.19,1.21,1000000.0,1000000.0,0,0,54,2026-02-02 23:36:06.770812
RTM1P51,1.32,1.31,1.33,1000000.0,1000000.0,0,0,54,2026-02-02 23:36:06.770812
RTM1C52,0.79,0.78,0.8,1000000.0,1000000.0,0,0,54,2026-02-02 23:36:06.770812
RTM1P52,1.92,1.91,1.93,1000000.0,1000000.0,0,0,54,2026-02-02 23:36:06.770812
RTM1C53,0.48,0.47,0.49,1000000.0,1000000.0,0,0,54,2026-02-02 23:36:06.770812
RTM1P53,2.6,2.59,2.61,1000000.0,1000000.0,0,0,54,2026-02-02 23:36:06.770812
RTM1C54,0.31,0.3,0.32,1000000.0,1000000.0,0,0,54,2026-02-02 23:36:06.770812
RTM1P54,3.43,3.42,3.44,1000000.0,1000000.0,0,0,54,2026-02-02 23:36:06.770812
RTM,50.74,50.72,50.74,100000000.0,100000000.0,,,55,2026-02-02 23:36:07.830620
RTM1C45,5.77,5.76,5.78,1000000.0,1000000.0,,,55,2026-02-02 23:36:07.830620
RTM1P45,0.04,0.03,0.05,1000000.0,1000000.0,,,55,2026-02-02 23:36:07.830620
RTM1C46,4.82,4.81,4.83,1000000.0,1000000.0,,,55,2026-02-02 23:36:07.830620
RTM1P46,0.08,0.07,0.09,1000000.0,1000000.0,,,55,2026-02-02 23:36:07.830620
RTM1C47,3.9,3.89,3.91,1000000.0,1000000.0,,,55,2026-02-02 23:36:07.830620
RTM1P47,0.17,0.16,0.18,1000000.0,1000000.0,,,55,2026-02-02 23:36:07.830620
RTM1C48,3.06,3.05,3.07,1000000.0,1000000.0,,,55,2026-02-02 23:36:07.830620
RTM1P48,0.33,0.32,0.34,1000000.0,1000000.0,,,55,2026-02-02 23:36:07.830620
RTM1C49,2.27,2.26,2.28,1000000.0,1000000.0,,,55,2026-02-02 23:36:07.830620
RTM1P49,0.54,0.53,0.55,1000000.0,1000000.0,,,55,2026-02-02 23:36:07.830620
RTM1C50,1.69,1.68,1.7,1000000.0,1000000.0,100.0,,55,2026-02-02 23:36:07.830620
RTM1P50,0.95,0.95,0.97,1000000.0,1000000.0,,,55,2026-02-02 23:36:07.830620
RTM1C51,1.11,1.11,1.13,1000000.0,1000000.0,,,55,2026-02-02 23:36:07.830620
RTM1P51,1.38,1.38,1.4,1000000.0,1000000.0,,,55,2026-02-02 23:36:07.830620
RTM1C52,0.77,0.76,0.78,1000000.0,1000000.0,,,55,2026-02-02 23:36:07.830620
RTM1P52,2.04,2.03,2.05,1000000.0,1000000.0,,77.0,55,2026-02-02 23:36:07.830620
RTM1C53,0.45,0.44,0.46,1000000.0,1000000.0,,,55,2026-02-02 23:36:07.830620
RTM1P53,2.71,2.7,2.72,1000000.0,1000000.0,,,55,2026-02-02 23:36:07.830620
RTM1C54,0.27,0.26,0.28,1000000.0,1000000.0,,,55,2026-02-02 23:36:07.830620
RTM1P54,3.54,3.53,3.55,1000000.0,1000000.0,,,55,2026-02-02 23:36:07.830620
RTM,50.63,50.62,50.64,100000000.0,100000000.0,,,56,2026-02-02 23:36:08.891327
RTM1C45,5.66,5.65,5.67,1000000.0,1000000.0,,,56,2026-02-02 23:36:08.891327
RTM1P45,0.03,0.02,0.04,1000000.0,1000000.0,,,56,2026-02-02 23:36:08.891327
RTM1C46,4.71,4.7,4.72,1000000.0,1000000.0,,,56,2026-02-02 23:36:08.891327
RTM1P46,0.08,0.07,0.09,1000000.0,1000000.0,,,56,2026-02-02 23:36:08.891327
RTM1C47,3.79,3.78,3.8,1000000.0,1000000.0,,,56,2026-02-02 23:36:08.891327
RTM1P47,0.16,0.15,0.17,1000000.0,1000000.0,,,56,2026-02-02 23:36:08.891327
RTM1C48,2.98,2.97,2.99,1000000.0,1000000.0,,,56,2026-02-02 23:36:08.891327
RTM1P48,0.35,0.34,0.36,1000000.0,1000000.0,,,56,2026-02-02 23:36:08.891327
RTM1C49,2.21,2.2,2.22,1000000.0,1000000.0,,,56,2026-02-02 23:36:08.891327
RTM1P49,0.59,0.58,0.6,1000000.0,1000000.0,,,56,2026-02-02 23:36:08.891327
RTM1C50,1.6,1.59,1.61,1000000.0,1000000.0,100.0,,56,2026-02-02 23:36:08.891327
RTM1P50,0.97,0.96,0.98,1000000.0,1000000.0,,,56,2026-02-02 23:36:08.891327
RTM1C51,1.12,1.11,1.13,1000000.0,1000000.0,,,56,2026-02-02 23:36:08.891327
RTM1P51,1.5,1.49,1.51,1000000.0,1000000.0,,,56,2026-02-02 23:36:08.891327
RTM1C52,0.7,0.68,0.7,1000000.0,1000000.0,,,56,2026-02-02 23:36:08.891327
RTM1P52,2.06,2.05,2.07,1000000.0,1000000.0,,77.0,56,2026-02-02 23:36:08.891327
RTM1C53,0.46,0.45,0.47,1000000.0,1000000.0,,,56,2026-02-02 23:36:08.891327
RTM1P53,2.83,2.82,2.84,1000000.0,1000000.0,,,56,2026-02-02 23:36:08.891327
RTM1C54,0.26,0.25,0.27,1000000.0,1000000.0,,,56,2026-02-02 23:36:08.891327
RTM1P54,3.63,3.62,3.64,1000000.0,1000000.0,,,56,2026-02-02 23:36:08.891327
RTM,50.61,50.6,50.62,100000000.0,100000000.0,,,57,2026-02-02 23:36:09.456842
RTM1C45,5.64,5.63,5.65,1000000.0,1000000.0,,,57,2026-02-02 23:36:09.456842
RTM1P45,0.03,0.02,0.04,1000000.0,1000000.0,,,57,2026-02-02 23:36:09.456842
RTM1C46,4.7,4.69,4.71,1000000.0,1000000.0,,,57,2026-02-02 23:36:09.456842
RTM1P46,0.09,0.08,0.1,1000000.0,1000000.0,,,57,2026-02-02 23:36:09.456842
RTM1C47,3.77,3.76,3.78,1000000.0,1000000.0,,,57,2026-02-02 23:36:09.456842
RTM1P47,0.17,0.16,0.18,1000000.0,1000000.0,,,57,2026-02-02 23:36:09.456842
RTM1C48,2.97,2.96,2.98,1000000.0,1000000.0,,,57,2026-02-02 23:36:09.456842
RTM1P48,0.36,0.35,0.37,1000000.0,1000000.0,,,57,2026-02-02 23:36:09.456842
RTM1C49,2.2,2.19,2.21,1000000.0,1000000.0,,,57,2026-02-02 23:36:09.456842
RTM1P49,0.6,0.59,0.61,1000000.0,1000000.0,,,57,2026-02-02 23:36:09.456842
RTM1C50,1.59,1.58,1.6,1000000.0,1000000.0,4.0,,57,2026-02-02 23:36:09.456842
RTM1P50,0.99,0.98,1.0,1000000.0,1000000.0,,,57,2026-02-02 23:36:09.456842
RTM1C51,1.11,1.1,1.12,1000000.0,1000000.0,,,57,2026-02-02 23:36:09.456842
RTM1P51,1.5,1.49,1.51,1000000.0,1000000.0,,,57,2026-02-02 23:36:09.456842
RTM1C52,0.71,0.7,0.72,1000000.0,1000000.0,,,57,2026-02-02 23:36:09.456842
RTM1P52,2.1,2.09,2.11,1000000.0,1000000.0,,4.0,57,2026-02-02 23:36:09.456842
RTM1C53,0.42,0.41,0.43,1000000.0,1000000.0,,,57,2026-02-02 23:36:09.456842
RTM1P53,2.82,2.81,2.83,1000000.0,1000000.0,,,57,2026-02-02 23:36:09.456842
RTM1C54,0.26,0.25,0.27,1000000.0,1000000.0,,,57,2026-02-02 23:36:09.456842
RTM1P54,3.65,3.64,3.66,1000000.0,1000000.0,,,57,2026-02-02 23:36:09.456842
RTM,50.47,50.46,50.48,100000000.0,100000000.0,10000.0,0,58,2026-02-02 23:36:10.515226
RTM1C45,5.51,5.5,5.52,1000000.0,1000000.0,,0,58,2026-02-02 23:36:10.515226
RTM1P45,0.04,0.03,0.05,1000000.0,1000000.0,,0,58,2026-02-02 23:36:10.515226
RTM1C46,4.57,4.56,4.58,1000000.0,1000000.0,,0,58,2026-02-02 23:36:10.515226
RTM1P46,0.1,0.09,0.11,1000000.0,1000000.0,,0,58,2026-02-02 23:36:10.515226
RTM1C47,3.68,3.67,3.69,1000000.0,1000000.0,,0,58,2026-02-02 23:36:10.515226
RTM1P47,0.21,0.2,0.22,1000000.0,1000000.0,,0,58,2026-02-02 23:36:10.515226
RTM1C48,2.84,2.83,2.85,1000000.0,1000000.0,,0,58,2026-02-02 23:36:10.515226
RTM1P48,0.37,0.36,0.38,1000000.0,1000000.0,,0,58,2026-02-02 23:36:10.515226
RTM1C49,2.11,2.1,2.12,1000000.0,1000000.0,,0,58,2026-02-02 23:36:10.515226
RTM1P49,0.64,0.63,0.65,1000000.0,1000000.0,,0,58,2026-02-02 23:36:10.515226
RTM1C50,1.53,1.52,1.54,1000000.0,1000000.0,,0,58,2026-02-02 23:36:10.515226
RTM1P50,1.07,1.06,1.08,1000000.0,1000000.0,,0,58,2026-02-02 23:36:10.515226
RTM1C51,1.0,0.99,1.01,1000000.0,1000000.0,,0,58,2026-02-02 23:36:10.515226
RTM1P51,1.53,1.52,1.54,1000000.0,1000000.0,,0,58,2026-02-02 23:36:10.515226
RTM1C52,0.66,0.65,0.67,1000000.0,1000000.0,,0,58,2026-02-02 23:36:10.515226
RTM1P52,2.19,2.18,2.2,1000000.0,1000000.0,,0,58,2026-02-02 23:36:10.515226
RTM1C53,0.42,0.41,0.43,1000000.0,1000000.0,,0,58,2026-02-02 23:36:10.515226
RTM1P53,2.95,2.94,2.96,1000000.0,1000000.0,,0,58,2026-02-02 23:36:10.515226
RTM1C54,0.25,0.24,0.26,1000000.0,1000000.0,,0,58,2026-02-02 23:36:10.515226
RTM1P54,3.78,3.77,3.79,1000000.0,1000000.0,,0,58,2026-02-02 23:36:10.515226
RTM,50.69,50.68,50.7,100000000.0,100000000.0,0,0,59,2026-02-02 23:36:11.576096
RTM1C45,5.72,5.71,5.73,1000000.0,1000000.0,0,0,59,2026-02-02 23:36:11.576096
RTM1P45,0.03,0.02,0.04,1000000.0,1000000.0,0,0,59,2026-02-02 23:36:11.576096
RTM1C46,4.77,4.76,4.78,1000000.0,1000000.0,0,0,59,2026-02-02 23:36:11.576096
RTM1P46,0.08,0.07,0.09,1000000.0,1000000.0,0,0,59,2026-02-02 23:36:11.576096
RTM1C47,3.86,3.85,3.87,1000000.0,1000000.0,0,0,59,2026-02-02 23:36:11.576096
RTM1P47,0.17,0.16,0.18,1000000.0,1000000.0,0,0,59,2026-02-02 23:36:11.576096
RTM1C48,3.02,3.01,3.03,1000000.0,1000000.0,0,0,59,2026-02-02 23:36:11.576096
RTM1P48,0.33,0.32,0.34,1000000.0,1000000.0,0,0,59,2026-02-02 23:36:11.576096
RTM1C49,2.26,2.25,2.27,1000000.0,1000000.0,0,0,59,2026-02-02 23:36:11.576096
RTM1P49,0.57,0.56,0.58,1000000.0,1000000.0,0,0,59,2026-02-02 23:36:11.576096
RTM1C50,1.64,1.63,1.65,1000000.0,1000000.0,0,0,59,2026-02-02 23:36:11.576096
RTM1P50,0.95,0.94,0.96,1000000.0,1000000.0,0,0,59,2026-02-02 23:36:11.576096
RTM1C51,1.11,1.1,1.12,1000000.0,1000000.0,0,0,59,2026-02-02 23:36:11.576096
RTM1P51,1.42,1.41,1.43,1000000.0,1000000.0,0,0,59,2026-02-02 23:36:11.576096
RTM1C52,0.75,0.74,0.76,1000000.0,1000000.0,0,0,59,2026-02-02 23:36:11.576096
RTM1P52,2.06,2.05,2.07,1000000.0,1000000.0,0,0,59,2026-02-02 23:36:11.576096
RTM1C53,0.46,0.45,0.47,1000000.0,1000000.0,0,0,59,2026-02-02 23:36:11.576096
RTM1P53,2.77,2.76,2.78,1000000.0,1000000.0,0,0,59,2026-02-02 23:36:11.576096
RTM1C54,0.26,0.25,0.27,1000000.0,1000000.0,0,0,59,2026-02-02 23:36:11.576096
RTM1P54,3.57,3.56,3.58,1000000.0,1000000.0,0,0,59,2026-02-02 23:36:11.576096
RTM,50.33,50.32,50.34,100000000.0,100000000.0,0,0,60,2026-02-02 23:36:12.630056
RTM1C45,5.38,5.37,5.39,1000000.0,1000000.0,0,0,60,2026-02-02 23:36:12.630056
RTM1P45,0.05,0.04,0.06,1000000.0,1000000.0,0,0,60,2026-02-02 23:36:12.630056
RTM1C46,4.43,4.42,4.44,1000000.0,1000000.0,0,0,60,2026-02-02 23:36:12.630056
RTM1P46,0.1,0.09,0.11,1000000.0,1000000.0,0,0,60,2026-02-02 23:36:12.630056
RTM1C47,3.54,3.53,3.55,1000000.0,1000000.0,0,0,60,2026-02-02 23:36:12.630056
RTM1P47,0.21,0.2,0.22,1000000.0,1000000.0,0,0,60,2026-02-02 23:36:12.630056
RTM1C48,2.75,2.74,2.76,1000000.0,1000000.0,0,0,60,2026-02-02 23:36:12.630056
RTM1P48,0.42,0.41,0.43,1000000.0,1000000.0,0,0,60,2026-02-02 23:36:12.630056
RTM1C49,2.03,2.02,2.04,1000000.0,1000000.0,0,0,60,2026-02-02 23:36:12.630056
RTM1P49,0.7,0.69,0.71,1000000.0,1000000.0,0,0,60,2026-02-02 23:36:12.630056
RTM1C50,1.44,1.43,1.45,1000000.0,1000000.0,0,0,60,2026-02-02 23:36:12.630056
RTM1P50,1.11,1.1,1.12,1000000.0,1000000.0,0,0,60,2026-02-02 23:36:12.630056
RTM1C51,0.96,0.95,0.97,1000000.0,1000000.0,0,0,60,2026-02-02 23:36:12.630056
RTM1P51,1.63,1.62,1.64,1000000.0,1000000.0,0,0,60,2026-02-02 23:36:12.630056
RTM1C52,0.61,0.6,0.62,1000000.0,1000000.0,0,0,60,2026-02-02 23:36:12.630056
RTM1P52,2.28,2.27,2.29,1000000.0,1000000.0,0,0,60,2026-02-02 23:36:12.630056
RTM1C53,0.39,0.38,0.4,1000000.0,1000000.0,0,0,60,2026-02-02 23:36:12.630056
RTM1P53,3.06,3.05,3.07,1000000.0,1000000.0,0,0,60,2026-02-02 23:36:12.630056
RTM1C54,0.21,0.2,0.22,1000000.0,1000000.0,0,0,60,2026-02-02 23:36:12.630056
RTM1P54,3.88,3.87,3.89,1000000.0,1000000.0,0,0,60,2026-02-02 23:36:12.630056
RTM,50.29,50.28,50.3,100000000.0,100000000.0,,,61,2026-02-02 23:36:13.699519
RTM1C45,5.34,5.33,5.35,1000000.0,1000000.0,,,61,2026-02-02 23:36:13.699519
RTM1P45,0.05,0.04,0.06,1000000.0,1000000.0,,,61,2026-02-02 23:36:13.699519
RTM1C46,4.39,4.38,4.4,1000000.0,1000000.0,,,61,2026-02-02 23:36:13.699519
RTM1P46,0.09,0.08,0.1,1000000.0,1000000.0,,,61,2026-02-02 23:36:13.699519
RTM1C47,3.53,3.52,3.54,1000000.0,1000000.0,,,61,2026-02-02 23:36:13.699519
RTM1P47,0.23,0.22,0.24,1000000.0,1000000.0,,,61,2026-02-02 23:36:13.699519
RTM1C48,2.73,2.72,2.74,1000000.0,1000000.0,,,61,2026-02-02 23:36:13.699519
RTM1P48,0.43,0.42,0.44,1000000.0,1000000.0,,,61,2026-02-02 23:36:13.699519
RTM1C49,2.02,2.01,2.03,1000000.0,1000000.0,,,61,2026-02-02 23:36:13.699519
RTM1P49,0.73,0.72,0.74,1000000.0,1000000.0,,,61,2026-02-02 23:36:13.699519
RTM1C50,1.4,1.39,1.41,1000000.0,1000000.0,100.0,,61,2026-02-02 23:36:13.699519
RTM1P50,1.11,1.1,1.12,1000000.0,1000000.0,,,61,2026-02-02 23:36:13.699519
RTM1C51,0.94,0.93,0.95,1000000.0,1000000.0,,,61,2026-02-02 23:36:13.699519
RTM1P51,1.64,1.63,1.65,1000000.0,1000000.0,,,61,2026-02-02 23:36:13.699519
RTM1C52,0.62,0.61,0.63,1000000.0,1000000.0,,,61,2026-02-02 23:36:13.699519
RTM1P52,2.33,2.32,2.34,1000000.0,1000000.0,,100.0,61,2026-02-02 23:36:13.699519
RTM1C53,0.37,0.36,0.38,1000000.0,1000000.0,,,61,2026-02-02 23:36:13.699519
RTM1P53,3.07,3.06,3.08,1000000.0,1000000.0,,,61,2026-02-02 23:36:13.699519
RTM1C54,0.23,0.22,0.24,1000000.0,1000000.0,,,61,2026-02-02 23:36:13.699519
RTM1P54,3.93,3.92,3.94,1000000.0,1000000.0,,,61,2026-02-02 23:36:13.699519
