ticker,last_price,bid_price,ask_price,BUY_ANON,SELL_ANON,SELL_COLB-2,BUY_COLB-2,tick,timestamp,news_news_id,news_period,news_tick,news_ticker,news_headline,news_body
RTM,50.0,0.0,0.0,100000000.0,100000000.0,0,0,1,2026-02-02 23:41:44.329324,2.0,1.0,1.0,Week 1,Delta limit and penalty,The delta limit for this sub-heat is 11000 and the penalty percentage is 3%
RTM1C45,5.0,0.0,0.0,1000000.0,1000000.0,0,0,1,2026-02-02 23:41:44.329324,1.0,1.0,1.0,Week 1,Risk free rate and current annualized volatility of RTM,The current risk free rate is 0%. RTM is an ETF that mimics one of the major indices in the simulated world and its current annualized realized volatility is 17%. This simulation consists of 20 trading days that are each 15 ticks in length.
RTM1P45,0.02,0.0,0.0,1000000.0,1000000.0,0,0,1,2026-02-02 23:41:44.329324,,,,,,
RTM1C46,4.01,0.0,0.0,1000000.0,1000000.0,0,0,1,2026-02-02 23:41:44.329324,,,,,,
RTM1P46,0.02,0.0,0.0,1000000.0,1000000.0,0,0,1,2026-02-02 23:41:44.329324,,,,,,
RTM1C47,3.04,0.0,0.0,1000000.0,1000000.0,0,0,1,2026-02-02 23:41:44.329324,,,,,,
RTM1P47,0.04,0.0,0.0,1000000.0,1000000.0,0,0,1,2026-02-02 23:41:44.329324,,,,,,
RTM1C48,2.14,0.0,0.0,1000000.0,1000000.0,0,0,1,2026-02-02 23:41:44.329324,,,,,,
RTM1P48,0.14,0.0,0.0,1000000.0,1000000.0,0,0,1,2026-02-02 23:41:44.329324,,,,,,
RTM1C49,1.33,0.0,0.0,1000000.0,1000000.0,0,0,1,2026-02-02 23:41:44.329324,,,,,,
RTM1P49,0.33,0.0,0.0,1000000.0,1000000.0,0,0,1,2026-02-02 23:41:44.329324,,,,,,
RTM1C50,0.62,0.0,0.0,1000000.0,1000000.0,0,0,1,2026-02-02 23:41:44.329324,,,,,,
RTM1P50,0.62,0.0,0.0,1000000.0,1000000.0,0,0,1,2026-02-02 23:41:44.329324,,,,,,
RTM1C51,0.32,0.0,0.0,1000000.0,1000000.0,0,0,1,2026-02-02 23:41:44.329324,,,,,,
RTM1P51,1.32,0.0,0.0,1000000.0,1000000.0,0,0,1,2026-02-02 23:41:44.329324,,,,,,
RTM1C52,0.17,0.0,0.0,1000000.0,1000000.0,0,0,1,2026-02-02 23:41:44.329324,,,,,,
RTM1P52,2.17,0.0,0.0,1000000.0,1000000.0,0,0,1,2026-02-02 23:41:44.329324,,,,,,
RTM1C53,0.06,0.0,0.0,1000000.0,1000000.0,0,0,1,2026-02-02 23:41:44.329324,,,,,,
RTM1P53,3.06,0.0,0.0,1000000.0,1000000.0,0,0,1,2026-02-02 23:41:44.329324,,,,,,
RTM1C54,0.02,0.0,0.0,1000000.0,1000000.0,0,0,1,2026-02-02 23:41:44.329324,,,,,,
RTM1P54,4.02,0.0,0.0,1000000.0,1000000.0,0,0,1,2026-02-02 23:41:44.329324,,,,,,
RTM,49.78,49.77,49.79,100000000.0,100000000.0,0,0,2,2026-02-02 23:41:45.427178
RTM1C45,4.78,4.77,4.79,1000000.0,1000000.0,0,0,2,2026-02-02 23:41:45.427178
RTM1P45,0.02,0.01,0.03,1000000.0,1000000.0,0,0,2,2026-02-02 23:41:45.427178
RTM1C46,3.79,3.78,3.8,1000000.0,1000000.0,0,0,2,2026-02-02 23:41:45.427178
RTM1P46,0.02,0.01,0.03,1000000.0,1000000.0,0,0,2,2026-02-02 23:41:45.427178
RTM1C47,2.8,2.79,2.81,1000000.0,1000000.0,0,0,2,2026-02-02 23:41:45.427178
RTM1P47,0.02,0.01,0.03,1000000.0,1000000.0,0,0,2,2026-02-02 23:41:45.427178
RTM1C48,1.96,1.95,1.97,1000000.0,1000000.0,0,0,2,2026-02-02 23:41:45.427178
RTM1P48,0.17,0.16,0.18,1000000.0,1000000.0,0,0,2,2026-02-02 23:41:45.427178
RTM1C49,1.14,1.13,1.15,1000000.0,1000000.0,0,0,2,2026-02-02 23:41:45.427178
RTM1P49,0.36,0.35,0.37,1000000.0,1000000.0,0,0,2,2026-02-02 23:41:45.427178
RTM1C50,0.66,0.65,0.67,1000000.0,1000000.0,0,0,2,2026-02-02 23:41:45.427178
RTM1P50,0.87,0.86,0.88,1000000.0,1000000.0,0,0,2,2026-02-02 23:41:45.427178
RTM1C51,0.21,0.2,0.22,1000000.0,1000000.0,0,0,2,2026-02-02 23:41:45.427178
RTM1P51,1.43,1.42,1.44,1000000.0,1000000.0,0,0,2,2026-02-02 23:41:45.427178
RTM1C52,0.13,0.12,0.14,1000000.0,1000000.0,0,0,2,2026-02-02 23:41:45.427178
RTM1P52,2.35,2.34,2.36,1000000.0,1000000.0,0,0,2,2026-02-02 23:41:45.427178
RTM1C53,0.02,0.01,0.03,1000000.0,1000000.0,0,0,2,2026-02-02 23:41:45.427178
RTM1P53,3.23,3.22,3.24,1000000.0,1000000.0,0,0,2,2026-02-02 23:41:45.427178
RTM1C54,0.02,0.01,0.03,1000000.0,1000000.0,0,0,2,2026-02-02 23:41:45.427178
RTM1P54,4.23,4.22,4.24,1000000.0,1000000.0,0,0,2,2026-02-02 23:41:45.427178
RTM,49.77,49.76,49.78,100000000.0,100000000.0,0,0,3,2026-02-02 23:41:46.007159
RTM1C45,4.78,4.77,4.79,1000000.0,1000000.0,0,0,3,2026-02-02 23:41:46.007159
RTM1P45,0.02,0.01,0.03,1000000.0,1000000.0,0,0,3,2026-02-02 23:41:46.007159
RTM1C46,3.79,3.78,3.8,1000000.0,1000000.0,0,0,3,2026-02-02 23:41:46.007159
RTM1P46,0.02,0.01,0.03,1000000.0,1000000.0,0,0,3,2026-02-02 23:41:46.007159
RTM1C47,2.81,2.8,2.82,1000000.0,1000000.0,0,0,3,2026-02-02 23:41:46.007159
RTM1P47,0.04,0.03,0.05,1000000.0,1000000.0,0,0,3,2026-02-02 23:41:46.007159
RTM1C48,1.95,1.94,1.96,1000000.0,1000000.0,0,0,3,2026-02-02 23:41:46.007159
RTM1P48,0.17,0.16,0.18,1000000.0,1000000.0,0,0,3,2026-02-02 23:41:46.007159
RTM1C49,1.07,1.06,1.08,1000000.0,1000000.0,0,0,3,2026-02-02 23:41:46.007159
RTM1P49,0.3,0.29,0.31,1000000.0,1000000.0,0,0,3,2026-02-02 23:41:46.007159
RTM1C50,0.53,0.52,0.54,1000000.0,1000000.0,0,0,3,2026-02-02 23:41:46.007159
RTM1P50,0.75,0.74,0.76,1000000.0,1000000.0,0,0,3,2026-02-02 23:41:46.007159
RTM1C51,0.26,0.25,0.27,1000000.0,1000000.0,0,0,3,2026-02-02 23:41:46.007159
RTM1P51,1.49,1.48,1.5,1000000.0,1000000.0,0,0,3,2026-02-02 23:41:46.007159
RTM1C52,0.07,0.06,0.08,1000000.0,1000000.0,0,0,3,2026-02-02 23:41:46.007159
RTM1P52,2.3,2.29,2.31,1000000.0,1000000.0,0,0,3,2026-02-02 23:41:46.007159
RTM1C53,0.03,0.02,0.04,1000000.0,1000000.0,0,0,3,2026-02-02 23:41:46.007159
RTM1P53,3.26,3.25,3.27,1000000.0,1000000.0,0,0,3,2026-02-02 23:41:46.007159
RTM1C54,0.02,0.01,0.03,1000000.0,1000000.0,0,0,3,2026-02-02 23:41:46.007159
RTM1P54,4.24,4.23,4.25,1000000.0,1000000.0,0,0,3,2026-02-02 23:41:46.007159
RTM,49.87,49.86,49.88,100000000.0,100000000.0,0,0,4,2026-02-02 23:41:47.085024
RTM1C45,4.87,4.86,4.88,1000000.0,1000000.0,0,0,4,2026-02-02 23:41:47.085024
RTM1P45,0.02,0.01,0.03,1000000.0,1000000.0,0,0,4,2026-02-02 23:41:47.085024
RTM1C46,3.87,3.86,3.88,1000000.0,1000000.0,0,0,4,2026-02-02 23:41:47.085024
RTM1P46,0.02,0.01,0.03,1000000.0,1000000.0,0,0,4,2026-02-02 23:41:47.085024
RTM1C47,2.9,2.89,2.91,1000000.0,1000000.0,0,0,4,2026-02-02 23:41:47.085024
RTM1P47,0.03,0.02,0.04,1000000.0,1000000.0,0,0,4,2026-02-02 23:41:47.085024
RTM1C48,1.96,1.95,1.97,1000000.0,1000000.0,0,0,4,2026-02-02 23:41:47.085024
RTM1P48,0.09,0.08,0.1,1000000.0,1000000.0,0,0,4,2026-02-02 23:41:47.085024
RTM1C49,1.29,1.28,1.3,1000000.0,1000000.0,0,0,4,2026-02-02 23:41:47.085024
RTM1P49,0.42,0.41,0.43,1000000.0,1000000.0,0,0,4,2026-02-02 23:41:47.085024
RTM1C50,0.72,0.71,0.73,1000000.0,1000000.0,0,0,4,2026-02-02 23:41:47.085024
RTM1P50,0.85,0.84,0.86,1000000.0,1000000.0,0,0,4,2026-02-02 23:41:47.085024
RTM1C51,0.27,0.26,0.28,1000000.0,1000000.0,0,0,4,2026-02-02 23:41:47.085024
RTM1P51,1.4,1.39,1.41,1000000.0,1000000.0,0,0,4,2026-02-02 23:41:47.085024
RTM1C52,0.08,0.07,0.09,1000000.0,1000000.0,0,0,4,2026-02-02 23:41:47.085024
RTM1P52,2.22,2.21,2.23,1000000.0,1000000.0,0,0,4,2026-02-02 23:41:47.085024
RTM1C53,0.02,0.01,0.03,1000000.0,1000000.0,0,0,4,2026-02-02 23:41:47.085024
RTM1P53,3.15,3.14,3.16,1000000.0,1000000.0,0,0,4,2026-02-02 23:41:47.085024
RTM1C54,0.02,0.01,0.03,1000000.0,1000000.0,0,0,4,2026-02-02 23:41:47.085024
RTM1P54,4.14,4.13,4.15,1000000.0,1000000.0,0,0,4,2026-02-02 23:41:47.085024
RTM,49.72,49.71,49.73,100000000.0,100000000.0,0,0,5,2026-02-02 23:41:48.144095
RTM1C45,4.72,4.71,4.73,1000000.0,1000000.0,0,0,5,2026-02-02 23:41:48.144095
RTM1P45,0.02,0.01,0.03,1000000.0,1000000.0,0,0,5,2026-02-02 23:41:48.144095
RTM1C46,3.73,3.72,3.74,1000000.0,1000000.0,0,0,5,2026-02-02 23:41:48.144095
RTM1P46,0.02,0.01,0.03,1000000.0,1000000.0,0,0,5,2026-02-02 23:41:48.144095
RTM1C47,2.79,2.78,2.8,1000000.0,1000000.0,0,0,5,2026-02-02 23:41:48.144095
RTM1P47,0.07,0.06,0.08,1000000.0,1000000.0,0,0,5,2026-02-02 23:41:48.144095
RTM1C48,1.91,1.9,1.92,1000000.0,1000000.0,0,0,5,2026-02-02 23:41:48.144095
RTM1P48,0.19,0.18,0.2,1000000.0,1000000.0,0,0,5,2026-02-02 23:41:48.144095
RTM1C49,1.05,1.04,1.06,1000000.0,1000000.0,0,0,5,2026-02-02 23:41:48.144095
RTM1P49,0.33,0.32,0.34,1000000.0,1000000.0,0,0,5,2026-02-02 23:41:48.144095
RTM1C50,0.66,0.65,0.67,1000000.0,1000000.0,0,0,5,2026-02-02 23:41:48.144095
RTM1P50,0.93,0.92,0.94,1000000.0,1000000.0,0,0,5,2026-02-02 23:41:48.144095
RTM1C51,0.28,0.27,0.29,1000000.0,1000000.0,0,0,5,2026-02-02 23:41:48.144095
RTM1P51,1.56,1.55,1.57,1000000.0,1000000.0,0,0,5,2026-02-02 23:41:48.144095
RTM1C52,0.1,0.09,0.11,1000000.0,1000000.0,0,0,5,2026-02-02 23:41:48.144095
RTM1P52,2.38,2.37,2.39,1000000.0,1000000.0,0,0,5,2026-02-02 23:41:48.144095
RTM1C53,0.04,0.03,0.05,1000000.0,1000000.0,0,0,5,2026-02-02 23:41:48.144095
RTM1P53,3.32,3.31,3.33,1000000.0,1000000.0,0,0,5,2026-02-02 23:41:48.144095
RTM1C54,0.02,0.01,0.03,1000000.0,1000000.0,0,0,5,2026-02-02 23:41:48.144095
RTM1P54,4.29,4.28,4.3,1000000.0,1000000.0,0,0,5,2026-02-02 23:41:48.144095
RTM,49.67,49.66,49.68,100000000.0,100000000.0,7892.0,0,6,2026-02-02 23:41:49.192437
RTM1C45,4.67,4.66,4.68,1000000.0,1000000.0,,0,6,2026-02-02 23:41:49.192437
RTM1P45,0.02,0.01,0.03,1000000.0,1000000.0,,0,6,2026-02-02 23:41:49.192437
RTM1C46,3.68,3.67,3.69,1000000.0,1000000.0,,0,6,2026-02-02 23:41:49.192437
RTM1P46,0.02,0.01,0.03,1000000.0,1000000.0,,0,6,2026-02-02 23:41:49.192437
RTM1C47,2.74,2.73,2.75,1000000.0,1000000.0,,0,6,2026-02-02 23:41:49.192437
RTM1P47,0.07,0.06,0.08,1000000.0,1000000.0,,0,6,2026-02-02 23:41:49.192437
RTM1C48,1.86,1.85,1.87,1000000.0,1000000.0,,0,6,2026-02-02 23:41:49.192437
RTM1P48,0.19,0.18,0.2,1000000.0,1000000.0,,0,6,2026-02-02 23:41:49.192437
RTM1C49,1.17,1.16,1.18,1000000.0,1000000.0,,0,6,2026-02-02 23:41:49.192437
RTM1P49,0.5,0.49,0.51,1000000.0,1000000.0,,0,6,2026-02-02 23:41:49.192437
RTM1C50,0.51,0.5,0.52,1000000.0,1000000.0,,0,6,2026-02-02 23:41:49.192437
RTM1P50,0.84,0.83,0.85,1000000.0,1000000.0,,0,6,2026-02-02 23:41:49.192437
RTM1C51,0.19,0.18,0.2,1000000.0,1000000.0,,0,6,2026-02-02 23:41:49.192437
RTM1P51,1.52,1.51,1.53,1000000.0,1000000.0,,0,6,2026-02-02 23:41:49.192437
RTM1C52,0.08,0.07,0.09,1000000.0,1000000.0,,0,6,2026-02-02 23:41:49.192437
RTM1P52,2.4,2.39,2.41,1000000.0,1000000.0,,0,6,2026-02-02 23:41:49.192437
RTM1C53,0.02,0.01,0.03,1000000.0,1000000.0,,0,6,2026-02-02 23:41:49.192437
RTM1P53,3.35,3.34,3.36,1000000.0,1000000.0,,0,6,2026-02-02 23:41:49.192437
RTM1C54,0.02,0.01,0.03,1000000.0,1000000.0,,0,6,2026-02-02 23:41:49.192437
RTM1P54,4.34,4.33,4.35,1000000.0,1000000.0,,0,6,2026-02-02 23:41:49.192437
RTM,49.78,49.77,49.79,100000000.0,100000000.0,0,0,7,2026-02-02 23:41:50.240690
RTM1C45,4.78,4.77,4.79,1000000.0,1000000.0,0,0,7,2026-02-02 23:41:50.240690
RTM1P45,0.02,0.01,0.03,1000000.0,1000000.0,0,0,7,2026-02-02 23:41:50.240690
RTM1C46,3.79,3.78,3.8,1000000.0,1000000.0,0,0,7,2026-02-02 23:41:50.240690
RTM1P46,0.02,0.01,0.03,1000000.0,1000000.0,0,0,7,2026-02-02 23:41:50.240690
RTM1C47,2.83,2.82,2.84,1000000.0,1000000.0,0,0,7,2026-02-02 23:41:50.240690
RTM1P47,0.05,0.04,0.06,1000000.0,1000000.0,0,0,7,2026-02-02 23:41:50.240690
RTM1C48,1.9,1.89,1.91,1000000.0,1000000.0,0,0,7,2026-02-02 23:41:50.240690
RTM1P48,0.12,0.11,0.13,1000000.0,1000000.0,0,0,7,2026-02-02 23:41:50.240690
RTM1C49,1.12,1.11,1.13,1000000.0,1000000.0,0,0,7,2026-02-02 23:41:50.240690
RTM1P49,0.34,0.33,0.35,1000000.0,1000000.0,0,0,7,2026-02-02 23:41:50.240690
RTM1C50,0.57,0.56,0.58,1000000.0,1000000.0,0,0,7,2026-02-02 23:41:50.240690
RTM1P50,0.79,0.78,0.8,1000000.0,1000000.0,0,0,7,2026-02-02 23:41:50.240690
RTM1C51,0.33,0.32,0.34,1000000.0,1000000.0,0,0,7,2026-02-02 23:41:50.240690
RTM1P51,1.55,1.54,1.56,1000000.0,1000000.0,0,0,7,2026-02-02 23:41:50.240690
RTM1C52,0.08,0.07,0.09,1000000.0,1000000.0,0,0,7,2026-02-02 23:41:50.240690
RTM1P52,2.3,2.29,2.31,1000000.0,1000000.0,0,0,7,2026-02-02 23:41:50.240690
RTM1C53,0.04,0.03,0.05,1000000.0,1000000.0,0,0,7,2026-02-02 23:41:50.240690
RTM1P53,3.26,3.25,3.27,1000000.0,1000000.0,0,0,7,2026-02-02 23:41:50.240690
RTM1C54,0.02,0.01,0.03,1000000.0,1000000.0,0,0,7,2026-02-02 23:41:50.240690
RTM1P54,4.22,4.21,4.23,1000000.0,1000000.0,0,0,7,2026-02-02 23:41:50.240690
RTM,49.7,49.7,49.71,3846.0,100000000.0,100000000.0,0,8,2026-02-02 23:41:51.282688
RTM1C45,4.7,4.69,4.71,,1000000.0,1000000.0,0,8,2026-02-02 23:41:51.282688
RTM1P45,0.02,0.01,0.03,,1000000.0,1000000.0,0,8,2026-02-02 23:41:51.282688
RTM1C46,3.71,3.7,3.72,,1000000.0,1000000.0,0,8,2026-02-02 23:41:51.282688
RTM1P46,0.02,0.01,0.03,,1000000.0,1000000.0,0,8,2026-02-02 23:41:51.282688
RTM1C47,2.73,2.72,2.74,,1000000.0,1000000.0,0,8,2026-02-02 23:41:51.282688
RTM1P47,0.03,0.02,0.04,,1000000.0,1000000.0,0,8,2026-02-02 23:41:51.282688
RTM1C48,1.83,1.82,1.84,,1000000.0,1000000.0,0,8,2026-02-02 23:41:51.282688
RTM1P48,0.13,0.12,0.14,,1000000.0,1000000.0,0,8,2026-02-02 23:41:51.282688
RTM1C49,1.05,1.04,1.06,,1000000.0,1000000.0,0,8,2026-02-02 23:41:51.282688
RTM1P49,0.36,0.35,0.37,,1000000.0,1000000.0,0,8,2026-02-02 23:41:51.282688
RTM1C50,0.66,0.65,0.67,,1000000.0,1000000.0,0,8,2026-02-02 23:41:51.282688
RTM1P50,0.96,0.95,0.97,,1000000.0,1000000.0,0,8,2026-02-02 23:41:51.282688
RTM1C51,0.3,0.29,0.31,,1000000.0,1000000.0,0,8,2026-02-02 23:41:51.282688
RTM1P51,1.61,1.6,1.62,,1000000.0,1000000.0,0,8,2026-02-02 23:41:51.282688
RTM1C52,0.11,0.1,0.12,,1000000.0,1000000.0,0,8,2026-02-02 23:41:51.282688
RTM1P52,2.41,2.4,2.42,,1000000.0,1000000.0,0,8,2026-02-02 23:41:51.282688
RTM1C53,0.02,0.01,0.03,,1000000.0,1000000.0,0,8,2026-02-02 23:41:51.282688
RTM1P53,3.32,3.31,3.33,,1000000.0,1000000.0,0,8,2026-02-02 23:41:51.282688
RTM1C54,0.02,0.01,0.03,,1000000.0,1000000.0,0,8,2026-02-02 23:41:51.282688
RTM1P54,4.31,4.3,4.32,,1000000.0,1000000.0,0,8,2026-02-02 23:41:51.282688
RTM,49.66,49.65,49.67,100000000.0,100000000.0,0,0,9,2026-02-02 23:41:52.334559
RTM1C45,4.66,4.65,4.67,1000000.0,1000000.0,0,0,9,2026-02-02 23:41:52.334559
RTM1P45,0.02,0.01,0.03,1000000.0,1000000.0,0,0,9,2026-02-02 23:41:52.334559
RTM1C46,3.68,3.67,3.69,1000000.0,1000000.0,0,0,9,2026-02-02 23:41:52.334559
RTM1P46,0.02,0.01,0.03,1000000.0,1000000.0,0,0,9,2026-02-02 23:41:52.334559
RTM1C47,2.71,2.7,2.72,1000000.0,1000000.0,0,0,9,2026-02-02 23:41:52.334559
RTM1P47,0.05,0.04,0.06,1000000.0,1000000.0,0,0,9,2026-02-02 23:41:52.334559
RTM1C48,1.8,1.79,1.81,1000000.0,1000000.0,0,0,9,2026-02-02 23:41:52.334559
RTM1P48,0.13,0.12,0.14,1000000.0,1000000.0,0,0,9,2026-02-02 23:41:52.334559
RTM1C49,1.17,1.16,1.18,1000000.0,1000000.0,0,0,9,2026-02-02 23:41:52.334559
RTM1P49,0.5,0.49,0.51,1000000.0,1000000.0,0,0,9,2026-02-02 23:41:52.334559
RTM1C50,0.57,0.56,0.58,1000000.0,1000000.0,0,0,9,2026-02-02 23:41:52.334559
RTM1P50,0.91,0.9,0.92,1000000.0,1000000.0,0,0,9,2026-02-02 23:41:52.334559
RTM1C51,0.31,0.3,0.32,1000000.0,1000000.0,0,0,9,2026-02-02 23:41:52.334559
RTM1P51,1.65,1.64,1.66,1000000.0,1000000.0,0,0,9,2026-02-02 23:41:52.334559
RTM1C52,0.1,0.09,0.11,1000000.0,1000000.0,0,0,9,2026-02-02 23:41:52.334559
RTM1P52,2.43,2.42,2.44,1000000.0,1000000.0,0,0,9,2026-02-02 23:41:52.334559
RTM1C53,0.02,0.01,0.03,1000000.0,1000000.0,0,0,9,2026-02-02 23:41:52.334559
RTM1P53,3.36,3.35,3.37,1000000.0,1000000.0,0,0,9,2026-02-02 23:41:52.334559
RTM1C54,0.02,0.01,0.03,1000000.0,1000000.0,0,0,9,2026-02-02 23:41:52.334559
RTM1P54,4.34,4.33,4.35,1000000.0,1000000.0,0,0,9,2026-02-02 23:41:52.334559
RTM,49.63,49.62,49.64,100000000.0,100000000.0,0,0,10,2026-02-02 23:41:53.414259
RTM1C45,4.63,4.62,4.64,1000000.0,1000000.0,0,0,10,2026-02-02 23:41:53.414259
RTM1P45,0.02,0.01,0.03,1000000.0,1000000.0,0,0,10,2026-02-02 23:41:53.414259
RTM1C46,3.65,3.64,3.66,1000000.0,1000000.0,0,0,10,2026-02-02 23:41:53.414259
RTM1P46,0.02,0.01,0.03,1000000.0,1000000.0,0,0,10,2026-02-02 23:41:53.414259
RTM1C47,2.71,2.7,2.72,1000000.0,1000000.0,0,0,10,2026-02-02 23:41:53.414259
RTM1P47,0.08,0.07,0.09,1000000.0,1000000.0,0,0,10,2026-02-02 23:41:53.414259
RTM1C48,1.82,1.81,1.83,1000000.0,1000000.0,0,0,10,2026-02-02 23:41:53.414259
RTM1P48,0.19,0.18,0.2,1000000.0,1000000.0,0,0,10,2026-02-02 23:41:53.414259
RTM1C49,1.07,1.06,1.08,1000000.0,1000000.0,0,0,10,2026-02-02 23:41:53.414259
RTM1P49,0.43,0.43,0.45,1000000.0,1000000.0,0,0,10,2026-02-02 23:41:53.414259
RTM1C50,0.51,0.5,0.52,1000000.0,1000000.0,0,0,10,2026-02-02 23:41:53.414259
RTM1P50,0.87,0.86,0.88,1000000.0,1000000.0,0,0,10,2026-02-02 23:41:53.414259
RTM1C51,0.29,0.28,0.3,1000000.0,1000000.0,0,0,10,2026-02-02 23:41:53.414259
RTM1P51,1.66,1.65,1.67,1000000.0,1000000.0,0,0,10,2026-02-02 23:41:53.414259
RTM1C52,0.09,0.08,0.1,1000000.0,1000000.0,0,0,10,2026-02-02 23:41:53.414259
RTM1P52,2.46,2.45,2.47,1000000.0,1000000.0,0,0,10,2026-02-02 23:41:53.414259
RTM1C53,0.02,0.01,0.03,1000000.0,1000000.0,0,0,10,2026-02-02 23:41:53.414259
RTM1P53,3.38,3.37,3.39,1000000.0,1000000.0,0,0,10,2026-02-02 23:41:53.414259
RTM1C54,0.02,0.01,0.03,1000000.0,1000000.0,0,0,10,2026-02-02 23:41:53.414259
RTM1P54,4.37,4.36,4.38,1000000.0,1000000.0,0,0,10,2026-02-02 23:41:53.414259
RTM,49.5,49.49,49.51,100000000.0,100000000.0,0,0,11,2026-02-02 23:41:54.454780
RTM1C45,4.5,4.49,4.51,1000000.0,1000000.0,0,0,11,2026-02-02 23:41:54.454780
RTM1P45,0.02,0.01,0.03,1000000.0,1000000.0,0,0,11,2026-02-02 23:41:54.454780
RTM1C46,3.51,3.5,3.52,1000000.0,1000000.0,0,0,11,2026-02-02 23:41:54.454780
RTM1P46,0.02,0.01,0.03,1000000.0,1000000.0,0,0,11,2026-02-02 23:41:54.454780
RTM1C47,2.56,2.55,2.57,1000000.0,1000000.0,0,0,11,2026-02-02 23:41:54.454780
RTM1P47,0.06,0.05,0.07,1000000.0,1000000.0,0,0,11,2026-02-02 23:41:54.454780
RTM1C48,1.73,1.72,1.74,1000000.0,1000000.0,0,0,11,2026-02-02 23:41:54.454780
RTM1P48,0.23,0.22,0.24,1000000.0,1000000.0,0,0,11,2026-02-02 23:41:54.454780
RTM1C49,1.07,1.06,1.08,1000000.0,1000000.0,0,0,11,2026-02-02 23:41:54.454780
RTM1P49,0.58,0.57,0.59,1000000.0,1000000.0,0,0,11,2026-02-02 23:41:54.454780
RTM1C50,0.54,0.53,0.55,1000000.0,1000000.0,0,0,11,2026-02-02 23:41:54.454780
RTM1P50,1.05,1.04,1.06,1000000.0,1000000.0,0,0,11,2026-02-02 23:41:54.454780
RTM1C51,0.21,0.2,0.22,1000000.0,1000000.0,0,0,11,2026-02-02 23:41:54.454780
RTM1P51,1.71,1.7,1.72,1000000.0,1000000.0,0,0,11,2026-02-02 23:41:54.454780
RTM1C52,0.1,0.09,0.11,1000000.0,1000000.0,0,0,11,2026-02-02 23:41:54.454780
RTM1P52,2.6,2.59,2.61,1000000.0,1000000.0,0,0,11,2026-02-02 23:41:54.454780
RTM1C53,0.04,0.03,0.05,1000000.0,1000000.0,0,0,11,2026-02-02 23:41:54.454780
RTM1P53,3.54,3.53,3.55,1000000.0,1000000.0,0,0,11,2026-02-02 23:41:54.454780
RTM1C54,0.02,0.01,0.03,1000000.0,1000000.0,0,0,11,2026-02-02 23:41:54.454780
RTM1P54,4.51,4.5,4.52,1000000.0,1000000.0,0,0,11,2026-02-02 23:41:54.454780
RTM,49.57,49.56,49.58,100000000.0,100000000.0,0,0,12,2026-02-02 23:41:55.509195
RTM1C45,4.58,4.57,4.59,1000000.0,1000000.0,0,0,12,2026-02-02 23:41:55.509195
RTM1P45,0.02,0.01,0.03,1000000.0,1000000.0,0,0,12,2026-02-02 23:41:55.509195
RTM1C46,3.59,3.58,3.6,1000000.0,1000000.0,0,0,12,2026-02-02 23:41:55.509195
RTM1P46,0.02,0.01,0.03,1000000.0,1000000.0,0,0,12,2026-02-02 23:41:55.509195
RTM1C47,2.65,2.64,2.66,1000000.0,1000000.0,0,0,12,2026-02-02 23:41:55.509195
RTM1P47,0.08,0.07,0.09,1000000.0,1000000.0,0,0,12,2026-02-02 23:41:55.509195
RTM1C48,1.75,1.74,1.76,1000000.0,1000000.0,0,0,12,2026-02-02 23:41:55.509195
RTM1P48,0.17,0.16,0.18,1000000.0,1000000.0,0,0,12,2026-02-02 23:41:55.509195
RTM1C49,1.04,1.02,1.04,1000000.0,1000000.0,0,0,12,2026-02-02 23:41:55.509195
RTM1P49,0.47,0.45,0.47,1000000.0,1000000.0,0,0,12,2026-02-02 23:41:55.509195
RTM1C50,0.49,0.47,0.49,1000000.0,1000000.0,0,0,12,2026-02-02 23:41:55.509195
RTM1P50,0.92,0.9,0.92,1000000.0,1000000.0,0,0,12,2026-02-02 23:41:55.509195
RTM1C51,0.23,0.22,0.24,1000000.0,1000000.0,0,0,12,2026-02-02 23:41:55.509195
RTM1P51,1.66,1.64,1.66,1000000.0,1000000.0,0,0,12,2026-02-02 23:41:55.509195
RTM1C52,0.1,0.09,0.11,1000000.0,1000000.0,0,0,12,2026-02-02 23:41:55.509195
RTM1P52,2.52,2.51,2.53,1000000.0,1000000.0,0,0,12,2026-02-02 23:41:55.509195
RTM1C53,0.02,0.02,0.04,1000000.0,1000000.0,0,0,12,2026-02-02 23:41:55.509195
RTM1P53,3.45,3.44,3.46,1000000.0,1000000.0,0,0,12,2026-02-02 23:41:55.509195
RTM1C54,0.02,0.01,0.03,1000000.0,1000000.0,0,0,12,2026-02-02 23:41:55.509195
RTM1P54,4.43,4.42,4.44,1000000.0,1000000.0,0,0,12,2026-02-02 23:41:55.509195
RTM,49.2,49.19,49.21,100000000.0,100000000.0,0,0,13,2026-02-02 23:41:56.065366
RTM1C45,4.21,4.2,4.22,1000000.0,1000000.0,0,0,13,2026-02-02 23:41:56.065366
RTM1P45,0.02,0.01,0.03,1000000.0,1000000.0,0,0,13,2026-02-02 23:41:56.065366
RTM1C46,3.24,3.23,3.25,1000000.0,1000000.0,0,0,13,2026-02-02 23:41:56.065366
RTM1P46,0.04,0.03,0.05,1000000.0,1000000.0,0,0,13,2026-02-02 23:41:56.065366
RTM1C47,2.32,2.31,2.33,1000000.0,1000000.0,0,0,13,2026-02-02 23:41:56.065366
RTM1P47,0.11,0.1,0.12,1000000.0,1000000.0,0,0,13,2026-02-02 23:41:56.065366
RTM1C48,1.46,1.45,1.47,1000000.0,1000000.0,0,0,13,2026-02-02 23:41:56.065366
RTM1P48,0.25,0.24,0.26,1000000.0,1000000.0,0,0,13,2026-02-02 23:41:56.065366
RTM1C49,0.91,0.9,0.92,1000000.0,1000000.0,0,0,13,2026-02-02 23:41:56.065366
RTM1P49,0.71,0.7,0.72,1000000.0,1000000.0,0,0,13,2026-02-02 23:41:56.065366
RTM1C50,0.35,0.34,0.36,1000000.0,1000000.0,0,0,13,2026-02-02 23:41:56.065366
RTM1P50,1.15,1.14,1.16,1000000.0,1000000.0,0,0,13,2026-02-02 23:41:56.065366
RTM1C51,0.13,0.12,0.14,1000000.0,1000000.0,0,0,13,2026-02-02 23:41:56.065366
RTM1P51,1.93,1.92,1.94,1000000.0,1000000.0,0,0,13,2026-02-02 23:41:56.065366
RTM1C52,0.08,0.07,0.09,1000000.0,1000000.0,0,0,13,2026-02-02 23:41:56.065366
RTM1P52,2.88,2.87,2.89,1000000.0,1000000.0,0,0,13,2026-02-02 23:41:56.065366
RTM1C53,0.02,0.01,0.03,1000000.0,1000000.0,0,0,13,2026-02-02 23:41:56.065366
RTM1P53,3.81,3.8,3.82,1000000.0,1000000.0,0,0,13,2026-02-02 23:41:56.065366
RTM1C54,0.02,0.01,0.03,1000000.0,1000000.0,0,0,13,2026-02-02 23:41:56.065366
RTM1P54,4.8,4.79,4.81,1000000.0,1000000.0,0,0,13,2026-02-02 23:41:56.065366
RTM,49.09,49.08,49.1,100000000.0,100000000.0,0,0,14,2026-02-02 23:41:57.117226
RTM1C45,4.09,4.08,4.1,1000000.0,1000000.0,0,0,14,2026-02-02 23:41:57.117226
RTM1P45,0.02,0.01,0.03,1000000.0,1000000.0,0,0,14,2026-02-02 23:41:57.117226
RTM1C46,3.14,3.13,3.15,1000000.0,1000000.0,0,0,14,2026-02-02 23:41:57.117226
RTM1P46,0.04,0.03,0.05,1000000.0,1000000.0,0,0,14,2026-02-02 23:41:57.117226
RTM1C47,2.18,2.17,2.19,1000000.0,1000000.0,0,0,14,2026-02-02 23:41:57.117226
RTM1P47,0.09,0.08,0.1,1000000.0,1000000.0,0,0,14,2026-02-02 23:41:57.117226
RTM1C48,1.45,1.44,1.46,1000000.0,1000000.0,0,0,14,2026-02-02 23:41:57.117226
RTM1P48,0.36,0.35,0.37,1000000.0,1000000.0,0,0,14,2026-02-02 23:41:57.117226
RTM1C49,0.79,0.78,0.8,1000000.0,1000000.0,0,0,14,2026-02-02 23:41:57.117226
RTM1P49,0.7,0.69,0.71,1000000.0,1000000.0,0,0,14,2026-02-02 23:41:57.117226
RTM1C50,0.41,0.4,0.42,1000000.0,1000000.0,0,0,14,2026-02-02 23:41:57.117226
RTM1P50,1.32,1.31,1.33,1000000.0,1000000.0,0,0,14,2026-02-02 23:41:57.117226
RTM1C51,0.19,0.18,0.2,1000000.0,1000000.0,0,0,14,2026-02-02 23:41:57.117226
RTM1P51,2.09,2.08,2.1,1000000.0,1000000.0,0,0,14,2026-02-02 23:41:57.117226
RTM1C52,0.06,0.05,0.07,1000000.0,1000000.0,0,0,14,2026-02-02 23:41:57.117226
RTM1P52,2.97,2.96,2.98,1000000.0,1000000.0,0,0,14,2026-02-02 23:41:57.117226
RTM1C53,0.02,0.01,0.03,1000000.0,1000000.0,0,0,14,2026-02-02 23:41:57.117226
RTM1P53,3.93,3.92,3.94,1000000.0,1000000.0,0,0,14,2026-02-02 23:41:57.117226
RTM1C54,0.02,0.01,0.03,1000000.0,1000000.0,0,0,14,2026-02-02 23:41:57.117226
RTM1P54,4.91,4.9,4.92,1000000.0,1000000.0,0,0,14,2026-02-02 23:41:57.117226
RTM,49.0,48.99,49.01,100000000.0,100000000.0,0,0,15,2026-02-02 23:41:58.169053
RTM1C45,4.01,4.0,4.02,1000000.0,1000000.0,0,0,15,2026-02-02 23:41:58.169053
RTM1P45,0.02,0.01,0.03,1000000.0,1000000.0,0,0,15,2026-02-02 23:41:58.169053
RTM1C46,3.04,3.03,3.05,1000000.0,1000000.0,0,0,15,2026-02-02 23:41:58.169053
RTM1P46,0.04,0.03,0.05,1000000.0,1000000.0,0,0,15,2026-02-02 23:41:58.169053
RTM1C47,2.14,2.13,2.15,1000000.0,1000000.0,0,0,15,2026-02-02 23:41:58.169053
RTM1P47,0.15,0.14,0.16,1000000.0,1000000.0,0,0,15,2026-02-02 23:41:58.169053
RTM1C48,1.38,1.37,1.39,1000000.0,1000000.0,0,0,15,2026-02-02 23:41:58.169053
RTM1P48,0.38,0.37,0.39,1000000.0,1000000.0,0,0,15,2026-02-02 23:41:58.169053
RTM1C49,0.74,0.73,0.75,1000000.0,1000000.0,0,0,15,2026-02-02 23:41:58.169053
RTM1P49,0.75,0.74,0.76,1000000.0,1000000.0,0,0,15,2026-02-02 23:41:58.169053
RTM1C50,0.33,0.32,0.34,1000000.0,1000000.0,0,0,15,2026-02-02 23:41:58.169053
RTM1P50,1.34,1.33,1.35,1000000.0,1000000.0,0,0,15,2026-02-02 23:41:58.169053
RTM1C51,0.16,0.15,0.17,1000000.0,1000000.0,0,0,15,2026-02-02 23:41:58.169053
RTM1P51,2.17,2.16,2.18,1000000.0,1000000.0,0,0,15,2026-02-02 23:41:58.169053
RTM1C52,0.04,0.03,0.05,1000000.0,1000000.0,0,0,15,2026-02-02 23:41:58.169053
RTM1P52,3.04,3.03,3.05,1000000.0,1000000.0,0,0,15,2026-02-02 23:41:58.169053
RTM1C53,0.02,0.01,0.03,1000000.0,1000000.0,0,0,15,2026-02-02 23:41:58.169053
RTM1P53,4.02,4.01,4.03,1000000.0,1000000.0,0,0,15,2026-02-02 23:41:58.169053
RTM1C54,0.02,0.01,0.03,1000000.0,1000000.0,0,0,15,2026-02-02 23:41:58.169053
RTM1P54,5.01,5.0,5.02,1000000.0,1000000.0,0,0,15,2026-02-02 23:41:58.169053
RTM,48.8,48.79,48.81,100000000.0,100000000.0,0,0,16,2026-02-02 23:41:59.234371
RTM1C45,3.81,3.8,3.82,1000000.0,1000000.0,0,0,16,2026-02-02 23:41:59.234371
RTM1P45,0.02,0.01,0.03,1000000.0,1000000.0,0,0,16,2026-02-02 23:41:59.234371
RTM1C46,2.85,2.84,2.86,1000000.0,1000000.0,0,0,16,2026-02-02 23:41:59.234371
RTM1P46,0.05,0.04,0.06,1000000.0,1000000.0,0,0,16,2026-02-02 23:41:59.234371
RTM1C47,1.92,1.91,1.93,1000000.0,1000000.0,0,0,16,2026-02-02 23:41:59.234371
RTM1P47,0.12,0.11,0.13,1000000.0,1000000.0,0,0,16,2026-02-02 23:41:59.234371
RTM1C48,1.16,1.15,1.17,1000000.0,1000000.0,0,0,16,2026-02-02 23:41:59.234371
RTM1P48,0.36,0.35,0.37,1000000.0,1000000.0,0,0,16,2026-02-02 23:41:59.234371
RTM1C49,0.61,0.6,0.62,1000000.0,1000000.0,0,0,16,2026-02-02 23:41:59.234371
RTM1P49,0.81,0.8,0.82,1000000.0,1000000.0,0,0,16,2026-02-02 23:41:59.234371
RTM1C50,0.27,0.26,0.28,1000000.0,1000000.0,0,0,16,2026-02-02 23:41:59.234371
RTM1P50,1.47,1.46,1.48,1000000.0,1000000.0,0,0,16,2026-02-02 23:41:59.234371
RTM1C51,0.11,0.1,0.12,1000000.0,1000000.0,0,0,16,2026-02-02 23:41:59.234371
RTM1P51,2.31,2.3,2.32,1000000.0,1000000.0,0,0,16,2026-02-02 23:41:59.234371
RTM1C52,0.03,0.02,0.04,1000000.0,1000000.0,0,0,16,2026-02-02 23:41:59.234371
RTM1P52,3.24,3.23,3.25,1000000.0,1000000.0,0,0,16,2026-02-02 23:41:59.234371
RTM1C53,0.02,0.01,0.03,1000000.0,1000000.0,0,0,16,2026-02-02 23:41:59.234371
RTM1P53,4.21,4.2,4.22,1000000.0,1000000.0,0,0,16,2026-02-02 23:41:59.234371
RTM1C54,0.02,0.01,0.03,1000000.0,1000000.0,0,0,16,2026-02-02 23:41:59.234371
RTM1P54,5.2,5.19,5.21,1000000.0,1000000.0,0,0,16,2026-02-02 23:41:59.234371
RTM,48.86,48.85,48.87,100000000.0,100000000.0,0,0,17,2026-02-02 23:42:00.313826
RTM1C45,3.86,3.85,3.87,1000000.0,1000000.0,0,0,17,2026-02-02 23:42:00.313826
RTM1P45,0.02,0.01,0.03,1000000.0,1000000.0,0,0,17,2026-02-02 23:42:00.313826
RTM1C46,2.91,2.89,2.91,1000000.0,1000000.0,0,0,17,2026-02-02 23:42:00.313826
RTM1P46,0.05,0.04,0.06,1000000.0,1000000.0,0,0,17,2026-02-02 23:42:00.313826
RTM1C47,1.98,1.97,1.99,1000000.0,1000000.0,0,0,17,2026-02-02 23:42:00.313826
RTM1P47,0.12,0.11,0.13,1000000.0,1000000.0,0,0,17,2026-02-02 23:42:00.313826
RTM1C48,1.23,1.22,1.24,1000000.0,1000000.0,0,0,17,2026-02-02 23:42:00.313826
RTM1P48,0.37,0.36,0.38,1000000.0,1000000.0,0,0,17,2026-02-02 23:42:00.313826
RTM1C49,0.7,0.69,0.71,1000000.0,1000000.0,0,0,17,2026-02-02 23:42:00.313826
RTM1P49,0.84,0.83,0.85,1000000.0,1000000.0,0,0,17,2026-02-02 23:42:00.313826
RTM1C50,0.36,0.35,0.37,1000000.0,1000000.0,0,0,17,2026-02-02 23:42:00.313826
RTM1P50,1.5,1.49,1.51,1000000.0,1000000.0,0,0,17,2026-02-02 23:42:00.313826
RTM1C51,0.12,0.11,0.13,1000000.0,1000000.0,0,0,17,2026-02-02 23:42:00.313826
RTM1P51,2.26,2.25,2.27,1000000.0,1000000.0,0,0,17,2026-02-02 23:42:00.313826
RTM1C52,0.05,0.04,0.06,1000000.0,1000000.0,0,0,17,2026-02-02 23:42:00.313826
RTM1P52,3.19,3.18,3.2,1000000.0,1000000.0,0,0,17,2026-02-02 23:42:00.313826
RTM1C53,0.02,0.01,0.03,1000000.0,1000000.0,0,0,17,2026-02-02 23:42:00.313826
RTM1P53,4.16,4.15,4.17,1000000.0,1000000.0,0,0,17,2026-02-02 23:42:00.313826
RTM1C54,0.02,0.01,0.03,1000000.0,1000000.0,0,0,17,2026-02-02 23:42:00.313826
RTM1P54,5.14,5.13,5.15,1000000.0,1000000.0,0,0,17,2026-02-02 23:42:00.313826
RTM,48.97,48.96,48.98,100000000.0,100000000.0,0,0,18,2026-02-02 23:42:01.371006
RTM1C45,3.97,3.96,3.98,1000000.0,1000000.0,0,0,18,2026-02-02 23:42:01.371006
RTM1P45,0.02,0.01,0.03,1000000.0,1000000.0,0,0,18,2026-02-02 23:42:01.371006
RTM1C46,3.0,2.99,3.01,1000000.0,1000000.0,0,0,18,2026-02-02 23:42:01.371006
RTM1P46,0.03,0.02,0.04,1000000.0,1000000.0,0,0,18,2026-02-02 23:42:01.371006
RTM1C47,2.13,2.12,2.14,1000000.0,1000000.0,0,0,18,2026-02-02 23:42:01.371006
RTM1P47,0.16,0.15,0.17,1000000.0,1000000.0,0,0,18,2026-02-02 23:42:01.371006
RTM1C48,1.33,1.32,1.34,1000000.0,1000000.0,0,0,18,2026-02-02 23:42:01.371006
RTM1P48,0.36,0.35,0.37,1000000.0,1000000.0,0,0,18,2026-02-02 23:42:01.371006
RTM1C49,0.79,0.78,0.8,1000000.0,1000000.0,0,0,18,2026-02-02 23:42:01.371006
RTM1P49,0.83,0.82,0.84,1000000.0,1000000.0,0,0,18,2026-02-02 23:42:01.371006
RTM1C50,0.39,0.38,0.4,1000000.0,1000000.0,0,0,18,2026-02-02 23:42:01.371006
RTM1P50,1.43,1.42,1.44,1000000.0,1000000.0,0,0,18,2026-02-02 23:42:01.371006
RTM1C51,0.12,0.11,0.13,1000000.0,1000000.0,0,0,18,2026-02-02 23:42:01.371006
RTM1P51,2.16,2.15,2.17,1000000.0,1000000.0,0,0,18,2026-02-02 23:42:01.371006
RTM1C52,0.06,0.05,0.07,1000000.0,1000000.0,0,0,18,2026-02-02 23:42:01.371006
RTM1P52,3.09,3.08,3.1,1000000.0,1000000.0,0,0,18,2026-02-02 23:42:01.371006
RTM1C53,0.02,0.01,0.03,1000000.0,1000000.0,0,0,18,2026-02-02 23:42:01.371006
RTM1P53,4.05,4.04,4.06,1000000.0,1000000.0,0,0,18,2026-02-02 23:42:01.371006
RTM1C54,0.02,0.01,0.03,1000000.0,1000000.0,0,0,18,2026-02-02 23:42:01.371006
RTM1P54,5.04,5.03,5.05,1000000.0,1000000.0,0,0,18,2026-02-02 23:42:01.371006
RTM,48.94,48.93,48.95,100000000.0,100000000.0,0,0,19,2026-02-02 23:42:02.425607
RTM1C45,3.95,3.94,3.96,1000000.0,1000000.0,0,0,19,2026-02-02 23:42:02.425607
RTM1P45,0.02,0.01,0.03,1000000.0,1000000.0,0,0,19,2026-02-02 23:42:02.425607
RTM1C46,2.99,2.98,3.0,1000000.0,1000000.0,0,0,19,2026-02-02 23:42:02.425607
RTM1P46,0.05,0.04,0.06,1000000.0,1000000.0,0,0,19,2026-02-02 23:42:02.425607
RTM1C47,2.06,2.05,2.07,1000000.0,1000000.0,0,0,19,2026-02-02 23:42:02.425607
RTM1P47,0.12,0.11,0.13,1000000.0,1000000.0,0,0,19,2026-02-02 23:42:02.425607
RTM1C48,1.3,1.29,1.31,1000000.0,1000000.0,0,0,19,2026-02-02 23:42:02.425607
RTM1P48,0.36,0.35,0.37,1000000.0,1000000.0,0,0,19,2026-02-02 23:42:02.425607
RTM1C49,0.75,0.74,0.76,1000000.0,1000000.0,0,0,19,2026-02-02 23:42:02.425607
RTM1P49,0.8,0.79,0.81,1000000.0,1000000.0,0,0,19,2026-02-02 23:42:02.425607
RTM1C50,0.34,0.33,0.35,1000000.0,1000000.0,0,0,19,2026-02-02 23:42:02.425607
RTM1P50,1.39,1.38,1.4,1000000.0,1000000.0,0,0,19,2026-02-02 23:42:02.425607
RTM1C51,0.12,0.11,0.13,1000000.0,1000000.0,0,0,19,2026-02-02 23:42:02.425607
RTM1P51,2.17,2.16,2.18,1000000.0,1000000.0,0,0,19,2026-02-02 23:42:02.425607
RTM1C52,0.05,0.04,0.06,1000000.0,1000000.0,0,0,19,2026-02-02 23:42:02.425607
RTM1P52,3.11,3.1,3.12,1000000.0,1000000.0,0,0,19,2026-02-02 23:42:02.425607
RTM1C53,0.02,0.01,0.03,1000000.0,1000000.0,0,0,19,2026-02-02 23:42:02.425607
RTM1P53,4.07,4.06,4.08,1000000.0,1000000.0,0,0,19,2026-02-02 23:42:02.425607
RTM1C54,0.02,0.01,0.03,1000000.0,1000000.0,0,0,19,2026-02-02 23:42:02.425607
RTM1P54,5.06,5.05,5.07,1000000.0,1000000.0,0,0,19,2026-02-02 23:42:02.425607
RTM,48.76,48.75,48.77,100000000.0,100000000.0,0,0,20,2026-02-02 23:42:03.480991
RTM1C45,3.78,3.77,3.79,1000000.0,1000000.0,0,0,20,2026-02-02 23:42:03.480991
RTM1P45,0.02,0.01,0.03,1000000.0,1000000.0,0,0,20,2026-02-02 23:42:03.480991
RTM1C46,2.82,2.81,2.83,1000000.0,1000000.0,0,0,20,2026-02-02 23:42:03.480991
RTM1P46,0.06,0.05,0.07,1000000.0,1000000.0,0,0,20,2026-02-02 23:42:03.480991
RTM1C47,1.93,1.92,1.94,1000000.0,1000000.0,0,0,20,2026-02-02 23:42:03.480991
RTM1P47,0.17,0.16,0.18,1000000.0,1000000.0,0,0,20,2026-02-02 23:42:03.480991
RTM1C48,1.24,1.23,1.25,1000000.0,1000000.0,0,0,20,2026-02-02 23:42:03.480991
RTM1P48,0.48,0.47,0.49,1000000.0,1000000.0,0,0,20,2026-02-02 23:42:03.480991
RTM1C49,0.61,0.6,0.62,1000000.0,1000000.0,0,0,20,2026-02-02 23:42:03.480991
RTM1P49,0.85,0.84,0.86,1000000.0,1000000.0,0,0,20,2026-02-02 23:42:03.480991
RTM1C50,0.32,0.31,0.33,1000000.0,1000000.0,0,0,20,2026-02-02 23:42:03.480991
RTM1P50,1.56,1.55,1.57,1000000.0,1000000.0,0,0,20,2026-02-02 23:42:03.480991
RTM1C51,0.1,0.09,0.11,1000000.0,1000000.0,0,0,20,2026-02-02 23:42:03.480991
RTM1P51,2.34,2.33,2.35,1000000.0,1000000.0,0,0,20,2026-02-02 23:42:03.480991
RTM1C52,0.04,0.03,0.05,1000000.0,1000000.0,0,0,20,2026-02-02 23:42:03.480991
RTM1P52,3.28,3.27,3.29,1000000.0,1000000.0,0,0,20,2026-02-02 23:42:03.480991
RTM1C53,0.02,0.01,0.03,1000000.0,1000000.0,0,0,20,2026-02-02 23:42:03.480991
RTM1P53,4.25,4.24,4.26,1000000.0,1000000.0,0,0,20,2026-02-02 23:42:03.480991
RTM1C54,0.02,0.01,0.03,1000000.0,1000000.0,0,0,20,2026-02-02 23:42:03.480991
RTM1P54,5.24,5.23,5.25,1000000.0,1000000.0,0,0,20,2026-02-02 23:42:03.480991
RTM,48.83,48.82,48.84,100000000.0,100000000.0,0,0,21,2026-02-02 23:42:04.530261
RTM1C45,3.85,3.84,3.86,1000000.0,1000000.0,0,0,21,2026-02-02 23:42:04.530261
RTM1P45,0.02,0.01,0.03,1000000.0,1000000.0,0,0,21,2026-02-02 23:42:04.530261
RTM1C46,2.89,2.88,2.9,1000000.0,1000000.0,0,0,21,2026-02-02 23:42:04.530261
RTM1P46,0.06,0.05,0.07,1000000.0,1000000.0,0,0,21,2026-02-02 23:42:04.530261
RTM1C47,2.03,2.02,2.04,1000000.0,1000000.0,0,0,21,2026-02-02 23:42:04.530261
RTM1P47,0.2,0.19,0.21,1000000.0,1000000.0,0,0,21,2026-02-02 23:42:04.530261
RTM1C48,1.26,1.25,1.27,1000000.0,1000000.0,0,0,21,2026-02-02 23:42:04.530261
RTM1P48,0.42,0.41,0.43,1000000.0,1000000.0,0,0,21,2026-02-02 23:42:04.530261
RTM1C49,0.7,0.69,0.71,1000000.0,1000000.0,0,0,21,2026-02-02 23:42:04.530261
RTM1P49,0.87,0.86,0.88,1000000.0,1000000.0,0,0,21,2026-02-02 23:42:04.530261
RTM1C50,0.35,0.34,0.36,1000000.0,1000000.0,0,0,21,2026-02-02 23:42:04.530261
RTM1P50,1.52,1.51,1.53,1000000.0,1000000.0,0,0,21,2026-02-02 23:42:04.530261
RTM1C51,0.13,0.12,0.14,1000000.0,1000000.0,0,0,21,2026-02-02 23:42:04.530261
RTM1P51,2.3,2.29,2.31,1000000.0,1000000.0,0,0,21,2026-02-02 23:42:04.530261
RTM1C52,0.04,0.03,0.05,1000000.0,1000000.0,0,0,21,2026-02-02 23:42:04.530261
RTM1P52,3.21,3.2,3.22,1000000.0,1000000.0,0,0,21,2026-02-02 23:42:04.530261
RTM1C53,0.02,0.01,0.03,1000000.0,1000000.0,0,0,21,2026-02-02 23:42:04.530261
RTM1P53,4.18,4.17,4.19,1000000.0,1000000.0,0,0,21,2026-02-02 23:42:04.530261
RTM1C54,0.02,0.01,0.03,1000000.0,1000000.0,0,0,21,2026-02-02 23:42:04.530261
RTM1P54,5.17,5.16,5.18,1000000.0,1000000.0,0,0,21,2026-02-02 23:42:04.530261
RTM,48.79,48.78,48.8,100000000.0,100000000.0,0,0,22,2026-02-02 23:42:05.080691
RTM1C45,3.8,3.79,3.81,1000000.0,1000000.0,0,0,22,2026-02-02 23:42:05.080691
RTM1P45,0.02,0.01,0.03,1000000.0,1000000.0,0,0,22,2026-02-02 23:42:05.080691
RTM1C46,2.86,2.85,2.87,1000000.0,1000000.0,0,0,22,2026-02-02 23:42:05.080691
RTM1P46,0.07,0.06,0.08,1000000.0,1000000.0,0,0,22,2026-02-02 23:42:05.080691
RTM1C47,2.0,1.99,2.01,1000000.0,1000000.0,0,0,22,2026-02-02 23:42:05.080691
RTM1P47,0.21,0.2,0.22,1000000.0,1000000.0,0,0,22,2026-02-02 23:42:05.080691
RTM1C48,1.23,1.22,1.24,1000000.0,1000000.0,0,0,22,2026-02-02 23:42:05.080691
RTM1P48,0.44,0.43,0.45,1000000.0,1000000.0,0,0,22,2026-02-02 23:42:05.080691
RTM1C49,0.71,0.7,0.72,1000000.0,1000000.0,0,0,22,2026-02-02 23:42:05.080691
RTM1P49,0.93,0.92,0.94,1000000.0,1000000.0,0,0,22,2026-02-02 23:42:05.080691
RTM1C50,0.33,0.32,0.34,1000000.0,1000000.0,0,0,22,2026-02-02 23:42:05.080691
RTM1P50,1.54,1.53,1.55,1000000.0,1000000.0,0,0,22,2026-02-02 23:42:05.080691
RTM1C51,0.14,0.13,0.15,1000000.0,1000000.0,0,0,22,2026-02-02 23:42:05.080691
RTM1P51,2.35,2.34,2.36,1000000.0,1000000.0,0,0,22,2026-02-02 23:42:05.080691
RTM1C52,0.04,0.03,0.05,1000000.0,1000000.0,0,0,22,2026-02-02 23:42:05.080691
RTM1P52,3.25,3.24,3.26,1000000.0,1000000.0,0,0,22,2026-02-02 23:42:05.080691
RTM1C53,0.02,0.01,0.03,1000000.0,1000000.0,0,0,22,2026-02-02 23:42:05.080691
RTM1P53,4.22,4.21,4.23,1000000.0,1000000.0,0,0,22,2026-02-02 23:42:05.080691
RTM1C54,0.02,0.01,0.03,1000000.0,1000000.0,0,0,22,2026-02-02 23:42:05.080691
RTM1P54,5.22,5.21,5.23,1000000.0,1000000.0,0,0,22,2026-02-02 23:42:05.080691
RTM,48.7,48.69,48.71,100000000.0,100000000.0,0,0,23,2026-02-02 23:42:06.136636
RTM1C45,3.72,3.71,3.73,1000000.0,1000000.0,0,0,23,2026-02-02 23:42:06.136636
RTM1P45,0.02,0.01,0.03,1000000.0,1000000.0,0,0,23,2026-02-02 23:42:06.136636
RTM1C46,2.77,2.76,2.78,1000000.0,1000000.0,0,0,23,2026-02-02 23:42:06.136636
RTM1P46,0.07,0.06,0.08,1000000.0,1000000.0,0,0,23,2026-02-02 23:42:06.136636
RTM1C47,1.93,1.92,1.94,1000000.0,1000000.0,0,0,23,2026-02-02 23:42:06.136636
RTM1P47,0.22,0.21,0.23,1000000.0,1000000.0,0,0,23,2026-02-02 23:42:06.136636
RTM1C48,1.2,1.19,1.21,1000000.0,1000000.0,0,0,23,2026-02-02 23:42:06.136636
RTM1P48,0.49,0.48,0.5,1000000.0,1000000.0,0,0,23,2026-02-02 23:42:06.136636
RTM1C49,0.67,0.66,0.68,1000000.0,1000000.0,0,0,23,2026-02-02 23:42:06.136636
RTM1P49,0.97,0.96,0.98,1000000.0,1000000.0,0,0,23,2026-02-02 23:42:06.136636
RTM1C50,0.29,0.28,0.3,1000000.0,1000000.0,0,0,23,2026-02-02 23:42:06.136636
RTM1P50,1.58,1.57,1.59,1000000.0,1000000.0,0,0,23,2026-02-02 23:42:06.136636
RTM1C51,0.12,0.11,0.13,1000000.0,1000000.0,0,0,23,2026-02-02 23:42:06.136636
RTM1P51,2.42,2.41,2.43,1000000.0,1000000.0,0,0,23,2026-02-02 23:42:06.136636
RTM1C52,0.04,0.03,0.05,1000000.0,1000000.0,0,0,23,2026-02-02 23:42:06.136636
RTM1P52,3.33,3.32,3.34,1000000.0,1000000.0,0,0,23,2026-02-02 23:42:06.136636
RTM1C53,0.02,0.01,0.03,1000000.0,1000000.0,0,0,23,2026-02-02 23:42:06.136636
RTM1P53,4.3,4.29,4.31,1000000.0,1000000.0,0,0,23,2026-02-02 23:42:06.136636
RTM1C54,0.02,0.01,0.03,1000000.0,1000000.0,0,0,23,2026-02-02 23:42:06.136636
RTM1P54,5.3,5.29,5.31,1000000.0,1000000.0,0,0,23,2026-02-02 23:42:06.136636
RTM,48.64,48.63,48.65,100000000.0,100000000.0,0,0,24,2026-02-02 23:42:07.190377
RTM1C45,3.64,3.63,3.65,1000000.0,1000000.0,0,0,24,2026-02-02 23:42:07.190377
RTM1P45,0.02,0.01,0.03,1000000.0,1000000.0,0,0,24,2026-02-02 23:42:07.190377
RTM1C46,2.7,2.69,2.71,1000000.0,1000000.0,0,0,24,2026-02-02 23:42:07.190377
RTM1P46,0.06,0.05,0.07,1000000.0,1000000.0,0,0,24,2026-02-02 23:42:07.190377
RTM1C47,1.82,1.81,1.83,1000000.0,1000000.0,0,0,24,2026-02-02 23:42:07.190377
RTM1P47,0.19,0.18,0.2,1000000.0,1000000.0,0,0,24,2026-02-02 23:42:07.190377
RTM1C48,1.13,1.12,1.14,1000000.0,1000000.0,0,0,24,2026-02-02 23:42:07.190377
RTM1P48,0.5,0.49,0.51,1000000.0,1000000.0,0,0,24,2026-02-02 23:42:07.190377
RTM1C49,0.65,0.64,0.66,1000000.0,1000000.0,0,0,24,2026-02-02 23:42:07.190377
RTM1P49,1.01,1.0,1.02,1000000.0,1000000.0,0,0,24,2026-02-02 23:42:07.190377
RTM1C50,0.3,0.29,0.31,1000000.0,1000000.0,0,0,24,2026-02-02 23:42:07.190377
RTM1P50,1.66,1.65,1.67,1000000.0,1000000.0,0,0,24,2026-02-02 23:42:07.190377
RTM1C51,0.1,0.09,0.11,1000000.0,1000000.0,0,0,24,2026-02-02 23:42:07.190377
RTM1P51,2.46,2.45,2.47,1000000.0,1000000.0,0,0,24,2026-02-02 23:42:07.190377
RTM1C52,0.05,0.04,0.06,1000000.0,1000000.0,0,0,24,2026-02-02 23:42:07.190377
RTM1P52,3.41,3.4,3.42,1000000.0,1000000.0,0,0,24,2026-02-02 23:42:07.190377
RTM1C53,0.02,0.01,0.03,1000000.0,1000000.0,0,0,24,2026-02-02 23:42:07.190377
RTM1P53,4.38,4.37,4.39,1000000.0,1000000.0,0,0,24,2026-02-02 23:42:07.190377
RTM1C54,0.02,0.01,0.03,1000000.0,1000000.0,0,0,24,2026-02-02 23:42:07.190377
RTM1P54,5.37,5.36,5.38,1000000.0,1000000.0,0,0,24,2026-02-02 23:42:07.190377
RTM,48.55,48.54,48.56,100000000.0,100000000.0,0,0,25,2026-02-02 23:42:08.240535
RTM1C45,3.56,3.55,3.57,1000000.0,1000000.0,0,0,25,2026-02-02 23:42:08.240535
RTM1P45,0.02,0.01,0.03,1000000.0,1000000.0,0,0,25,2026-02-02 23:42:08.240535
RTM1C46,2.64,2.63,2.65,1000000.0,1000000.0,0,0,25,2026-02-02 23:42:08.240535
RTM1P46,0.09,0.08,0.1,1000000.0,1000000.0,0,0,25,2026-02-02 23:42:08.240535
RTM1C47,1.75,1.74,1.76,1000000.0,1000000.0,0,0,25,2026-02-02 23:42:08.240535
RTM1P47,0.2,0.19,0.21,1000000.0,1000000.0,0,0,25,2026-02-02 23:42:08.240535
RTM1C48,1.05,1.04,1.06,1000000.0,1000000.0,0,0,25,2026-02-02 23:42:08.240535
RTM1P48,0.5,0.49,0.51,1000000.0,1000000.0,0,0,25,2026-02-02 23:42:08.240535
RTM1C49,0.59,0.58,0.6,1000000.0,1000000.0,0,0,25,2026-02-02 23:42:08.240535
RTM1P49,1.04,1.03,1.05,1000000.0,1000000.0,0,0,25,2026-02-02 23:42:08.240535
RTM1C50,0.27,0.26,0.28,1000000.0,1000000.0,0,0,25,2026-02-02 23:42:08.240535
RTM1P50,1.72,1.71,1.73,1000000.0,1000000.0,0,0,25,2026-02-02 23:42:08.240535
RTM1C51,0.11,0.1,0.12,1000000.0,1000000.0,0,0,25,2026-02-02 23:42:08.240535
RTM1P51,2.56,2.55,2.57,1000000.0,1000000.0,0,0,25,2026-02-02 23:42:08.240535
RTM1C52,0.04,0.03,0.05,1000000.0,1000000.0,0,0,25,2026-02-02 23:42:08.240535
RTM1P52,3.49,3.48,3.5,1000000.0,1000000.0,0,0,25,2026-02-02 23:42:08.240535
RTM1C53,0.02,0.01,0.03,1000000.0,1000000.0,0,0,25,2026-02-02 23:42:08.240535
RTM1P53,4.46,4.45,4.47,1000000.0,1000000.0,0,0,25,2026-02-02 23:42:08.240535
RTM1C54,0.02,0.01,0.03,1000000.0,1000000.0,0,0,25,2026-02-02 23:42:08.240535
RTM1P54,5.45,5.44,5.46,1000000.0,1000000.0,0,0,25,2026-02-02 23:42:08.240535
RTM,48.43,48.42,48.44,100000000.0,100000000.0,0,0,26,2026-02-02 23:42:09.288604
RTM1C45,3.45,3.44,3.46,1000000.0,1000000.0,0,0,26,2026-02-02 23:42:09.288604
RTM1P45,0.02,0.01,0.03,1000000.0,1000000.0,0,0,26,2026-02-02 23:42:09.288604
RTM1C46,2.52,2.51,2.53,1000000.0,1000000.0,0,0,26,2026-02-02 23:42:09.288604
RTM1P46,0.09,0.08,0.1,1000000.0,1000000.0,0,0,26,2026-02-02 23:42:09.288604
RTM1C47,1.72,1.71,1.73,1000000.0,1000000.0,0,0,26,2026-02-02 23:42:09.288604
RTM1P47,0.29,0.28,0.3,1000000.0,1000000.0,0,0,26,2026-02-02 23:42:09.288604
RTM1C48,1.01,1.0,1.02,1000000.0,1000000.0,0,0,26,2026-02-02 23:42:09.288604
RTM1P48,0.59,0.58,0.6,1000000.0,1000000.0,0,0,26,2026-02-02 23:42:09.288604
RTM1C49,0.55,0.54,0.56,1000000.0,1000000.0,0,0,26,2026-02-02 23:42:09.288604
RTM1P49,1.13,1.12,1.14,1000000.0,1000000.0,0,0,26,2026-02-02 23:42:09.288604
RTM1C50,0.22,0.21,0.23,1000000.0,1000000.0,0,0,26,2026-02-02 23:42:09.288604
RTM1P50,1.79,1.78,1.8,1000000.0,1000000.0,0,0,26,2026-02-02 23:42:09.288604
RTM1C51,0.09,0.08,0.1,1000000.0,1000000.0,0,0,26,2026-02-02 23:42:09.288604
RTM1P51,2.66,2.65,2.67,1000000.0,1000000.0,0,0,26,2026-02-02 23:42:09.288604
RTM1C52,0.03,0.02,0.04,1000000.0,1000000.0,0,0,26,2026-02-02 23:42:09.288604
RTM1P52,3.61,3.6,3.62,1000000.0,1000000.0,0,0,26,2026-02-02 23:42:09.288604
RTM1C53,0.02,0.01,0.03,1000000.0,1000000.0,0,0,26,2026-02-02 23:42:09.288604
RTM1P53,4.58,4.57,4.59,1000000.0,1000000.0,0,0,26,2026-02-02 23:42:09.288604
RTM1C54,0.02,0.01,0.03,1000000.0,1000000.0,0,0,26,2026-02-02 23:42:09.288604
RTM1P54,5.57,5.56,5.58,1000000.0,1000000.0,0,0,26,2026-02-02 23:42:09.288604
RTM,48.27,48.26,48.28,100000000.0,100000000.0,0,0,27,2026-02-02 23:42:10.339806
RTM1C45,3.3,3.29,3.31,1000000.0,1000000.0,0,0,27,2026-02-02 23:42:10.339806
RTM1P45,0.03,0.02,0.04,1000000.0,1000000.0,0,0,27,2026-02-02 23:42:10.339806
RTM1C46,2.4,2.39,2.41,1000000.0,1000000.0,0,0,27,2026-02-02 23:42:10.339806
RTM1P46,0.13,0.12,0.14,1000000.0,1000000.0,0,0,27,2026-02-02 23:42:10.339806
RTM1C47,1.55,1.54,1.56,1000000.0,1000000.0,0,0,27,2026-02-02 23:42:10.339806
RTM1P47,0.28,0.27,0.29,1000000.0,1000000.0,0,0,27,2026-02-02 23:42:10.339806
RTM1C48,0.92,0.91,0.93,1000000.0,1000000.0,0,0,27,2026-02-02 23:42:10.339806
RTM1P48,0.65,0.64,0.66,1000000.0,1000000.0,0,0,27,2026-02-02 23:42:10.339806
RTM1C49,0.49,0.48,0.5,1000000.0,1000000.0,0,0,27,2026-02-02 23:42:10.339806
RTM1P49,1.22,1.21,1.23,1000000.0,1000000.0,0,0,27,2026-02-02 23:42:10.339806
RTM1C50,0.21,0.2,0.22,1000000.0,1000000.0,0,0,27,2026-02-02 23:42:10.339806
RTM1P50,1.93,1.92,1.94,1000000.0,1000000.0,0,0,27,2026-02-02 23:42:10.339806
RTM1C51,0.08,0.07,0.09,1000000.0,1000000.0,0,0,27,2026-02-02 23:42:10.339806
RTM1P51,2.8,2.79,2.81,1000000.0,1000000.0,0,0,27,2026-02-02 23:42:10.339806
RTM1C52,0.02,0.01,0.03,1000000.0,1000000.0,0,0,27,2026-02-02 23:42:10.339806
RTM1P52,3.75,3.74,3.76,1000000.0,1000000.0,0,0,27,2026-02-02 23:42:10.339806
RTM1C53,0.02,0.01,0.03,1000000.0,1000000.0,0,0,27,2026-02-02 23:42:10.339806
RTM1P53,4.74,4.73,4.75,1000000.0,1000000.0,0,0,27,2026-02-02 23:42:10.339806
RTM1C54,0.02,0.01,0.03,1000000.0,1000000.0,0,0,27,2026-02-02 23:42:10.339806
RTM1P54,5.73,5.72,5.74,1000000.0,1000000.0,0,0,27,2026-02-02 23:42:10.339806
RTM,48.24,48.23,48.25,100000000.0,100000000.0,0,0,28,2026-02-02 23:42:11.394123
RTM1C45,3.28,3.27,3.29,1000000.0,1000000.0,0,0,28,2026-02-02 23:42:11.394123
RTM1P45,0.03,0.02,0.04,1000000.0,1000000.0,0,0,28,2026-02-02 23:42:11.394123
RTM1C46,2.36,2.35,2.37,1000000.0,1000000.0,0,0,28,2026-02-02 23:42:11.394123
RTM1P46,0.12,0.11,0.13,1000000.0,1000000.0,0,0,28,2026-02-02 23:42:11.394123
RTM1C47,1.55,1.54,1.56,1000000.0,1000000.0,0,0,28,2026-02-02 23:42:11.394123
RTM1P47,0.3,0.29,0.31,1000000.0,1000000.0,0,0,28,2026-02-02 23:42:11.394123
RTM1C48,0.9,0.89,0.91,1000000.0,1000000.0,0,0,28,2026-02-02 23:42:11.394123
RTM1P48,0.65,0.64,0.66,1000000.0,1000000.0,0,0,28,2026-02-02 23:42:11.394123
RTM1C49,0.51,0.5,0.52,1000000.0,1000000.0,0,0,28,2026-02-02 23:42:11.394123
RTM1P49,1.26,1.25,1.27,1000000.0,1000000.0,0,0,28,2026-02-02 23:42:11.394123
RTM1C50,0.19,0.18,0.2,1000000.0,1000000.0,0,0,28,2026-02-02 23:42:11.394123
RTM1P50,1.95,1.94,1.96,1000000.0,1000000.0,0,0,28,2026-02-02 23:42:11.394123
RTM1C51,0.09,0.08,0.1,1000000.0,1000000.0,0,0,28,2026-02-02 23:42:11.394123
RTM1P51,2.84,2.83,2.85,1000000.0,1000000.0,0,0,28,2026-02-02 23:42:11.394123
RTM1C52,0.03,0.02,0.04,1000000.0,1000000.0,0,0,28,2026-02-02 23:42:11.394123
RTM1P52,3.79,3.78,3.8,1000000.0,1000000.0,0,0,28,2026-02-02 23:42:11.394123
RTM1C53,0.02,0.01,0.03,1000000.0,1000000.0,0,0,28,2026-02-02 23:42:11.394123
RTM1P53,4.76,4.75,4.77,1000000.0,1000000.0,0,0,28,2026-02-02 23:42:11.394123
RTM1C54,0.02,0.01,0.03,1000000.0,1000000.0,0,0,28,2026-02-02 23:42:11.394123
RTM1P54,5.76,5.75,5.77,1000000.0,1000000.0,0,0,28,2026-02-02 23:42:11.394123
RTM,48.09,48.08,48.1,100000000.0,100000000.0,0,0,29,2026-02-02 23:42:12.443771
RTM1C45,3.12,3.11,3.13,1000000.0,1000000.0,0,0,29,2026-02-02 23:42:12.443771
RTM1P45,0.04,0.03,0.05,1000000.0,1000000.0,0,0,29,2026-02-02 23:42:12.443771
RTM1C46,2.21,2.2,2.22,1000000.0,1000000.0,0,0,29,2026-02-02 23:42:12.443771
RTM1P46,0.12,0.11,0.13,1000000.0,1000000.0,0,0,29,2026-02-02 23:42:12.443771
RTM1C47,1.43,1.42,1.44,1000000.0,1000000.0,0,0,29,2026-02-02 23:42:12.443771
RTM1P47,0.34,0.33,0.35,1000000.0,1000000.0,0,0,29,2026-02-02 23:42:12.443771
RTM1C48,0.82,0.81,0.83,1000000.0,1000000.0,0,0,29,2026-02-02 23:42:12.443771
RTM1P48,0.74,0.73,0.75,1000000.0,1000000.0,0,0,29,2026-02-02 23:42:12.443771
RTM1C49,0.41,0.4,0.42,1000000.0,1000000.0,0,0,29,2026-02-02 23:42:12.443771
RTM1P49,1.33,1.32,1.34,1000000.0,1000000.0,0,0,29,2026-02-02 23:42:12.443771
RTM1C50,0.18,0.17,0.19,1000000.0,1000000.0,0,0,29,2026-02-02 23:42:12.443771
RTM1P50,2.09,2.08,2.1,1000000.0,1000000.0,0,0,29,2026-02-02 23:42:12.443771
RTM1C51,0.07,0.06,0.08,1000000.0,1000000.0,0,0,29,2026-02-02 23:42:12.443771
RTM1P51,2.99,2.98,3.0,1000000.0,1000000.0,0,0,29,2026-02-02 23:42:12.443771
RTM1C52,0.02,0.01,0.03,1000000.0,1000000.0,0,0,29,2026-02-02 23:42:12.443771
RTM1P52,3.93,3.92,3.94,1000000.0,1000000.0,0,0,29,2026-02-02 23:42:12.443771
RTM1C53,0.02,0.01,0.03,1000000.0,1000000.0,0,0,29,2026-02-02 23:42:12.443771
RTM1P53,4.92,4.91,4.93,1000000.0,1000000.0,0,0,29,2026-02-02 23:42:12.443771
RTM1C54,0.02,0.01,0.03,1000000.0,1000000.0,0,0,29,2026-02-02 23:42:12.443771
RTM1P54,5.92,5.91,5.93,1000000.0,1000000.0,0,0,29,2026-02-02 23:42:12.443771
RTM,48.02,48.01,48.03,100000000.0,100000000.0,0,0,30,2026-02-02 23:42:13.489974
RTM1C45,3.07,3.06,3.08,1000000.0,1000000.0,0,0,30,2026-02-02 23:42:13.489974
RTM1P45,0.05,0.03,0.05,1000000.0,1000000.0,0,0,30,2026-02-02 23:42:13.489974
RTM1C46,2.18,2.17,2.19,1000000.0,1000000.0,0,0,30,2026-02-02 23:42:13.489974
RTM1P46,0.16,0.15,0.17,1000000.0,1000000.0,0,0,30,2026-02-02 23:42:13.489974
RTM1C47,1.41,1.4,1.42,1000000.0,1000000.0,0,0,30,2026-02-02 23:42:13.489974
RTM1P47,0.39,0.38,0.4,1000000.0,1000000.0,0,0,30,2026-02-02 23:42:13.489974
RTM1C48,0.78,0.77,0.79,1000000.0,1000000.0,0,0,30,2026-02-02 23:42:13.489974
RTM1P48,0.76,0.75,0.77,1000000.0,1000000.0,0,0,30,2026-02-02 23:42:13.489974
RTM1C49,0.4,0.39,0.41,1000000.0,1000000.0,0,0,30,2026-02-02 23:42:13.489974
RTM1P49,1.38,1.37,1.39,1000000.0,1000000.0,0,0,30,2026-02-02 23:42:13.489974
RTM1C50,0.19,0.19,0.21,1000000.0,1000000.0,0,0,30,2026-02-02 23:42:13.489974
RTM1P50,2.17,2.17,2.19,1000000.0,1000000.0,0,0,30,2026-02-02 23:42:13.489974
RTM1C51,0.08,0.07,0.09,1000000.0,1000000.0,0,0,30,2026-02-02 23:42:13.489974
RTM1P51,3.06,3.05,3.07,1000000.0,1000000.0,0,0,30,2026-02-02 23:42:13.489974
RTM1C52,0.02,0.01,0.03,1000000.0,1000000.0,0,0,30,2026-02-02 23:42:13.489974
RTM1P52,4.0,3.99,4.01,1000000.0,1000000.0,0,0,30,2026-02-02 23:42:13.489974
RTM1C53,0.02,0.01,0.03,1000000.0,1000000.0,0,0,30,2026-02-02 23:42:13.489974
RTM1P53,4.99,4.98,5.0,1000000.0,1000000.0,0,0,30,2026-02-02 23:42:13.489974
RTM1C54,0.02,0.01,0.03,1000000.0,1000000.0,0,0,30,2026-02-02 23:42:13.489974
RTM1P54,5.98,5.97,5.99,1000000.0,1000000.0,0,0,30,2026-02-02 23:42:13.489974
RTM,48.25,48.24,48.26,100000000.0,100000000.0,0,0,31,2026-02-02 23:42:14.537460
RTM1C45,3.29,3.28,3.3,1000000.0,1000000.0,0,0,31,2026-02-02 23:42:14.537460
RTM1P45,0.03,0.02,0.04,1000000.0,1000000.0,0,0,31,2026-02-02 23:42:14.537460
RTM1C46,2.37,2.36,2.38,1000000.0,1000000.0,0,0,31,2026-02-02 23:42:14.537460
RTM1P46,0.12,0.11,0.13,1000000.0,1000000.0,0,0,31,2026-02-02 23:42:14.537460
RTM1C47,1.57,1.56,1.58,1000000.0,1000000.0,0,0,31,2026-02-02 23:42:14.537460
RTM1P47,0.31,0.3,0.32,1000000.0,1000000.0,0,0,31,2026-02-02 23:42:14.537460
RTM1C48,0.95,0.94,0.96,1000000.0,1000000.0,0,0,31,2026-02-02 23:42:14.537460
RTM1P48,0.69,0.68,0.7,1000000.0,1000000.0,0,0,31,2026-02-02 23:42:14.537460
RTM1C49,0.49,0.48,0.5,1000000.0,1000000.0,0,0,31,2026-02-02 23:42:14.537460
RTM1P49,1.24,1.23,1.25,1000000.0,1000000.0,0,0,31,2026-02-02 23:42:14.537460
RTM1C50,0.22,0.21,0.23,1000000.0,1000000.0,0,0,31,2026-02-02 23:42:14.537460
RTM1P50,1.96,1.95,1.97,1000000.0,1000000.0,0,0,31,2026-02-02 23:42:14.537460
RTM1C51,0.09,0.08,0.1,1000000.0,1000000.0,0,0,31,2026-02-02 23:42:14.537460
RTM1P51,2.83,2.82,2.84,1000000.0,1000000.0,0,0,31,2026-02-02 23:42:14.537460
RTM1C52,0.03,0.02,0.04,1000000.0,1000000.0,0,0,31,2026-02-02 23:42:14.537460
RTM1P52,3.77,3.76,3.78,1000000.0,1000000.0,0,0,31,2026-02-02 23:42:14.537460
RTM1C53,0.02,0.01,0.03,1000000.0,1000000.0,0,0,31,2026-02-02 23:42:14.537460
RTM1P53,4.75,4.74,4.76,1000000.0,1000000.0,0,0,31,2026-02-02 23:42:14.537460
RTM1C54,0.02,0.01,0.03,1000000.0,1000000.0,0,0,31,2026-02-02 23:42:14.537460
RTM1P54,5.75,5.74,5.76,1000000.0,1000000.0,0,0,31,2026-02-02 23:42:14.537460
RTM,48.34,48.33,48.35,100000000.0,100000000.0,0,0,32,2026-02-02 23:42:15.587329
RTM1C45,3.37,3.36,3.38,1000000.0,1000000.0,0,0,32,2026-02-02 23:42:15.587329
RTM1P45,0.04,0.03,0.05,1000000.0,1000000.0,0,0,32,2026-02-02 23:42:15.587329
RTM1C46,2.46,2.45,2.47,1000000.0,1000000.0,0,0,32,2026-02-02 23:42:15.587329
RTM1P46,0.13,0.12,0.14,1000000.0,1000000.0,0,0,32,2026-02-02 23:42:15.587329
RTM1C47,1.62,1.61,1.63,1000000.0,1000000.0,0,0,32,2026-02-02 23:42:15.587329
RTM1P47,0.28,0.27,0.29,1000000.0,1000000.0,0,0,32,2026-02-02 23:42:15.587329
RTM1C48,0.97,0.96,0.98,1000000.0,1000000.0,0,0,32,2026-02-02 23:42:15.587329
RTM1P48,0.63,0.62,0.64,1000000.0,1000000.0,0,0,32,2026-02-02 23:42:15.587329
RTM1C49,0.52,0.51,0.53,1000000.0,1000000.0,0,0,32,2026-02-02 23:42:15.587329
RTM1P49,1.18,1.17,1.19,1000000.0,1000000.0,0,0,32,2026-02-02 23:42:15.587329
RTM1C50,0.23,0.22,0.24,1000000.0,1000000.0,0,0,32,2026-02-02 23:42:15.587329
RTM1P50,1.9,1.89,1.91,1000000.0,1000000.0,0,0,32,2026-02-02 23:42:15.587329
RTM1C51,0.11,0.1,0.12,1000000.0,1000000.0,0,0,32,2026-02-02 23:42:15.587329
RTM1P51,2.77,2.76,2.78,1000000.0,1000000.0,0,0,32,2026-02-02 23:42:15.587329
RTM1C52,0.03,0.02,0.04,1000000.0,1000000.0,0,0,32,2026-02-02 23:42:15.587329
RTM1P52,3.7,3.69,3.71,1000000.0,1000000.0,0,0,32,2026-02-02 23:42:15.587329
RTM1C53,0.02,0.01,0.03,1000000.0,1000000.0,0,0,32,2026-02-02 23:42:15.587329
RTM1P53,4.68,4.67,4.69,1000000.0,1000000.0,0,0,32,2026-02-02 23:42:15.587329
RTM1C54,0.02,0.01,0.03,1000000.0,1000000.0,0,0,32,2026-02-02 23:42:15.587329
RTM1P54,5.67,5.66,5.68,1000000.0,1000000.0,0,0,32,2026-02-02 23:42:15.587329
RTM,48.19,48.18,48.2,100000000.0,100000000.0,0,0,33,2026-02-02 23:42:16.631741
RTM1C45,3.24,3.23,3.25,1000000.0,1000000.0,0,0,33,2026-02-02 23:42:16.631741
RTM1P45,0.04,0.03,0.05,1000000.0,1000000.0,0,0,33,2026-02-02 23:42:16.631741
RTM1C46,2.34,2.33,2.35,1000000.0,1000000.0,0,0,33,2026-02-02 23:42:16.631741
RTM1P46,0.15,0.14,0.16,1000000.0,1000000.0,0,0,33,2026-02-02 23:42:16.631741
RTM1C47,1.54,1.53,1.55,1000000.0,1000000.0,0,0,33,2026-02-02 23:42:16.631741
RTM1P47,0.34,0.33,0.35,1000000.0,1000000.0,0,0,33,2026-02-02 23:42:16.631741
RTM1C48,0.91,0.9,0.92,1000000.0,1000000.0,0,0,33,2026-02-02 23:42:16.631741
RTM1P48,0.72,0.71,0.73,1000000.0,1000000.0,0,0,33,2026-02-02 23:42:16.631741
RTM1C49,0.48,0.47,0.49,1000000.0,1000000.0,0,0,33,2026-02-02 23:42:16.631741
RTM1P49,1.29,1.28,1.3,1000000.0,1000000.0,0,0,33,2026-02-02 23:42:16.631741
RTM1C50,0.22,0.21,0.23,1000000.0,1000000.0,0,0,33,2026-02-02 23:42:16.631741
RTM1P50,2.03,2.02,2.04,1000000.0,1000000.0,0,0,33,2026-02-02 23:42:16.631741
RTM1C51,0.09,0.08,0.1,1000000.0,1000000.0,0,0,33,2026-02-02 23:42:16.631741
RTM1P51,2.89,2.88,2.9,1000000.0,1000000.0,0,0,33,2026-02-02 23:42:16.631741
RTM1C52,0.03,0.02,0.04,1000000.0,1000000.0,0,0,33,2026-02-02 23:42:16.631741
RTM1P52,3.84,3.83,3.85,1000000.0,1000000.0,0,0,33,2026-02-02 23:42:16.631741
RTM1C53,0.02,0.01,0.03,1000000.0,1000000.0,0,0,33,2026-02-02 23:42:16.631741
RTM1P53,4.82,4.81,4.83,1000000.0,1000000.0,0,0,33,2026-02-02 23:42:16.631741
RTM1C54,0.02,0.01,0.03,1000000.0,1000000.0,0,0,33,2026-02-02 23:42:16.631741
RTM1P54,5.81,5.8,5.82,1000000.0,1000000.0,0,0,33,2026-02-02 23:42:16.631741
RTM,48.2,48.19,48.21,100000000.0,100000000.0,0,0,34,2026-02-02 23:42:17.183107
RTM1C45,3.24,3.23,3.25,1000000.0,1000000.0,0,0,34,2026-02-02 23:42:17.183107
RTM1P45,0.04,0.03,0.05,1000000.0,1000000.0,0,0,34,2026-02-02 23:42:17.183107
RTM1C46,2.35,2.34,2.36,1000000.0,1000000.0,0,0,34,2026-02-02 23:42:17.183107
RTM1P46,0.14,0.13,0.15,1000000.0,1000000.0,0,0,34,2026-02-02 23:42:17.183107
RTM1C47,1.56,1.55,1.57,1000000.0,1000000.0,0,0,34,2026-02-02 23:42:17.183107
RTM1P47,0.36,0.35,0.37,1000000.0,1000000.0,0,0,34,2026-02-02 23:42:17.183107
RTM1C48,0.9,0.89,0.91,1000000.0,1000000.0,0,0,34,2026-02-02 23:42:17.183107
RTM1P48,0.7,0.69,0.71,1000000.0,1000000.0,0,0,34,2026-02-02 23:42:17.183107
RTM1C49,0.49,0.48,0.5,1000000.0,1000000.0,0,0,34,2026-02-02 23:42:17.183107
RTM1P49,1.29,1.28,1.3,1000000.0,1000000.0,0,0,34,2026-02-02 23:42:17.183107
RTM1C50,0.23,0.22,0.24,1000000.0,1000000.0,0,0,34,2026-02-02 23:42:17.183107
RTM1P50,2.03,2.02,2.04,1000000.0,1000000.0,0,0,34,2026-02-02 23:42:17.183107
RTM1C51,0.09,0.08,0.1,1000000.0,1000000.0,0,0,34,2026-02-02 23:42:17.183107
RTM1P51,2.88,2.87,2.89,1000000.0,1000000.0,0,0,34,2026-02-02 23:42:17.183107
RTM1C52,0.04,0.03,0.05,1000000.0,1000000.0,0,0,34,2026-02-02 23:42:17.183107
RTM1P52,3.83,3.82,3.84,1000000.0,1000000.0,0,0,34,2026-02-02 23:42:17.183107
RTM1C53,0.02,0.01,0.03,1000000.0,1000000.0,0,0,34,2026-02-02 23:42:17.183107
RTM1P53,4.81,4.8,4.82,1000000.0,1000000.0,0,0,34,2026-02-02 23:42:17.183107
RTM1C54,0.02,0.01,0.03,1000000.0,1000000.0,0,0,34,2026-02-02 23:42:17.183107
RTM1P54,5.8,5.79,5.81,1000000.0,1000000.0,0,0,34,2026-02-02 23:42:17.183107
RTM,48.27,48.26,48.28,100000000.0,100000000.0,0,0,35,2026-02-02 23:42:18.227718
RTM1C45,3.31,3.3,3.32,1000000.0,1000000.0,0,0,35,2026-02-02 23:42:18.227718
RTM1P45,0.04,0.03,0.05,1000000.0,1000000.0,0,0,35,2026-02-02 23:42:18.227718
RTM1C46,2.4,2.39,2.41,1000000.0,1000000.0,0,0,35,2026-02-02 23:42:18.227718
RTM1P46,0.13,0.12,0.14,1000000.0,1000000.0,0,0,35,2026-02-02 23:42:18.227718
RTM1C47,1.62,1.61,1.63,1000000.0,1000000.0,0,0,35,2026-02-02 23:42:18.227718
RTM1P47,0.35,0.34,0.36,1000000.0,1000000.0,0,0,35,2026-02-02 23:42:18.227718
RTM1C48,0.97,0.96,0.98,1000000.0,1000000.0,0,0,35,2026-02-02 23:42:18.227718
RTM1P48,0.7,0.69,0.71,1000000.0,1000000.0,0,0,35,2026-02-02 23:42:18.227718
RTM1C49,0.5,0.49,0.51,1000000.0,1000000.0,0,0,35,2026-02-02 23:42:18.227718
RTM1P49,1.23,1.22,1.24,1000000.0,1000000.0,0,0,35,2026-02-02 23:42:18.227718
RTM1C50,0.25,0.24,0.26,1000000.0,1000000.0,0,0,35,2026-02-02 23:42:18.227718
RTM1P50,1.98,1.97,1.99,1000000.0,1000000.0,0,0,35,2026-02-02 23:42:18.227718
RTM1C51,0.11,0.1,0.12,1000000.0,1000000.0,0,0,35,2026-02-02 23:42:18.227718
RTM1P51,2.84,2.83,2.85,1000000.0,1000000.0,0,0,35,2026-02-02 23:42:18.227718
RTM1C52,0.03,0.02,0.04,1000000.0,1000000.0,0,0,35,2026-02-02 23:42:18.227718
RTM1P52,3.77,3.76,3.78,1000000.0,1000000.0,0,0,35,2026-02-02 23:42:18.227718
RTM1C53,0.02,0.01,0.03,1000000.0,1000000.0,0,0,35,2026-02-02 23:42:18.227718
RTM1P53,4.74,4.73,4.75,1000000.0,1000000.0,0,0,35,2026-02-02 23:42:18.227718
RTM1C54,0.02,0.01,0.03,1000000.0,1000000.0,0,0,35,2026-02-02 23:42:18.227718
RTM1P54,5.73,5.72,5.74,1000000.0,1000000.0,0,0,35,2026-02-02 23:42:18.227718
RTM,48.22,48.21,48.23,100000000.0,100000000.0,0,0,36,2026-02-02 23:42:19.282605,3.0,1.0,35.0,,News 1,The analysts have informed you that the realized volatility of RTM next week will be between 14% and 19%
RTM1C45,3.27,3.26,3.28,1000000.0,1000000.0,0,0,36,2026-02-02 23:42:19.282605,,,,,,
RTM1P45,0.05,0.04,0.06,1000000.0,1000000.0,0,0,36,2026-02-02 23:42:19.282605,,,,,,
RTM1C46,2.36,2.35,2.37,1000000.0,1000000.0,0,0,36,2026-02-02 23:42:19.282605,,,,,,
RTM1P46,0.14,0.13,0.15,1000000.0,1000000.0,0,0,36,2026-02-02 23:42:19.282605,,,,,,
RTM1C47,1.58,1.57,1.59,1000000.0,1000000.0,0,0,36,2026-02-02 23:42:19.282605,,,,,,
RTM1P47,0.36,0.35,0.37,1000000.0,1000000.0,0,0,36,2026-02-02 23:42:19.282605,,,,,,
RTM1C48,0.94,0.93,0.95,1000000.0,1000000.0,0,0,36,2026-02-02 23:42:19.282605,,,,,,
RTM1P48,0.72,0.71,0.73,1000000.0,1000000.0,0,0,36,2026-02-02 23:42:19.282605,,,,,,
RTM1C49,0.52,0.51,0.53,1000000.0,1000000.0,0,0,36,2026-02-02 23:42:19.282605,,,,,,
RTM1P49,1.3,1.29,1.31,1000000.0,1000000.0,0,0,36,2026-02-02 23:42:19.282605,,,,,,
RTM1C50,0.23,0.22,0.24,1000000.0,1000000.0,0,0,36,2026-02-02 23:42:19.282605,,,,,,
RTM1P50,2.01,2.0,2.02,1000000.0,1000000.0,0,0,36,2026-02-02 23:42:19.282605,,,,,,
RTM1C51,0.09,0.08,0.1,1000000.0,1000000.0,0,0,36,2026-02-02 23:42:19.282605,,,,,,
RTM1P51,2.87,2.86,2.88,1000000.0,1000000.0,0,0,36,2026-02-02 23:42:19.282605,,,,,,
RTM1C52,0.03,0.02,0.04,1000000.0,1000000.0,0,0,36,2026-02-02 23:42:19.282605,,,,,,
RTM1P52,3.81,3.8,3.82,1000000.0,1000000.0,0,0,36,2026-02-02 23:42:19.282605,,,,,,
RTM1C53,0.02,0.01,0.03,1000000.0,1000000.0,0,0,36,2026-02-02 23:42:19.282605,,,,,,
RTM1P53,4.79,4.78,4.8,1000000.0,1000000.0,0,0,36,2026-02-02 23:42:19.282605,,,,,,
RTM1C54,0.02,0.01,0.03,1000000.0,1000000.0,0,0,36,2026-02-02 23:42:19.282605,,,,,,
RTM1P54,5.78,5.77,5.79,1000000.0,1000000.0,0,0,36,2026-02-02 23:42:19.282605,,,,,,
RTM,47.89,47.88,47.9,100000000.0,100000000.0,,0,37,2026-02-02 23:42:20.329390
RTM1C45,2.96,2.95,2.97,1000000.0,1000000.0,,0,37,2026-02-02 23:42:20.329390
RTM1P45,0.07,0.06,0.08,1000000.0,1000000.0,,0,37,2026-02-02 23:42:20.329390
RTM1C46,2.09,2.08,2.1,1000000.0,1000000.0,,0,37,2026-02-02 23:42:20.329390
RTM1P46,0.2,0.19,0.21,1000000.0,1000000.0,,0,37,2026-02-02 23:42:20.329390
RTM1C47,1.34,1.33,1.35,1000000.0,1000000.0,,0,37,2026-02-02 23:42:20.329390
RTM1P47,0.46,0.45,0.47,1000000.0,1000000.0,,0,37,2026-02-02 23:42:20.329390
RTM1C48,0.78,0.77,0.79,1000000.0,1000000.0,100.0,0,37,2026-02-02 23:42:20.329390
RTM1P48,0.89,0.88,0.9,1000000.0,1000000.0,,0,37,2026-02-02 23:42:20.329390
RTM1C49,0.39,0.38,0.4,1000000.0,1000000.0,,0,37,2026-02-02 23:42:20.329390
RTM1P49,1.5,1.49,1.51,1000000.0,1000000.0,,0,37,2026-02-02 23:42:20.329390
RTM1C50,0.17,0.16,0.18,1000000.0,1000000.0,100.0,0,37,2026-02-02 23:42:20.329390
RTM1P50,2.28,2.27,2.29,1000000.0,1000000.0,,0,37,2026-02-02 23:42:20.329390
RTM1C51,0.07,0.06,0.08,1000000.0,1000000.0,,0,37,2026-02-02 23:42:20.329390
RTM1P51,3.19,3.18,3.2,1000000.0,1000000.0,,0,37,2026-02-02 23:42:20.329390
RTM1C52,0.02,0.01,0.03,1000000.0,1000000.0,,0,37,2026-02-02 23:42:20.329390
RTM1P52,4.14,4.13,4.15,1000000.0,1000000.0,,0,37,2026-02-02 23:42:20.329390
RTM1C53,0.02,0.01,0.03,1000000.0,1000000.0,,0,37,2026-02-02 23:42:20.329390
RTM1P53,5.12,5.11,5.13,1000000.0,1000000.0,,0,37,2026-02-02 23:42:20.329390
RTM1C54,0.02,0.01,0.03,1000000.0,1000000.0,,0,37,2026-02-02 23:42:20.329390
RTM1P54,6.11,6.1,6.12,1000000.0,1000000.0,,0,37,2026-02-02 23:42:20.329390
RTM,47.73,47.72,47.74,100000000.0,100000000.0,,,38,2026-02-02 23:42:21.381918
RTM1C45,2.81,2.8,2.82,1000000.0,1000000.0,,,38,2026-02-02 23:42:21.381918
RTM1P45,0.08,0.07,0.09,1000000.0,1000000.0,,,38,2026-02-02 23:42:21.381918
RTM1C46,1.96,1.95,1.97,1000000.0,1000000.0,,,38,2026-02-02 23:42:21.381918
RTM1P46,0.23,0.22,0.24,1000000.0,1000000.0,,,38,2026-02-02 23:42:21.381918
RTM1C47,1.23,1.22,1.24,1000000.0,1000000.0,,,38,2026-02-02 23:42:21.381918
RTM1P47,0.5,0.49,0.51,1000000.0,1000000.0,,,38,2026-02-02 23:42:21.381918
RTM1C48,0.71,0.7,0.72,1000000.0,1000000.0,200.0,,38,2026-02-02 23:42:21.381918
RTM1P48,0.98,0.97,0.99,1000000.0,1000000.0,,,38,2026-02-02 23:42:21.381918
RTM1C49,0.35,0.34,0.36,1000000.0,1000000.0,,,38,2026-02-02 23:42:21.381918
RTM1P49,1.62,1.61,1.63,1000000.0,1000000.0,,100.0,38,2026-02-02 23:42:21.381918
RTM1C50,0.15,0.14,0.16,1000000.0,1000000.0,100.0,,38,2026-02-02 23:42:21.381918
RTM1P50,2.42,2.41,2.43,1000000.0,1000000.0,,,38,2026-02-02 23:42:21.381918
RTM1C51,0.06,0.05,0.07,1000000.0,1000000.0,,,38,2026-02-02 23:42:21.381918
RTM1P51,3.33,3.32,3.34,1000000.0,1000000.0,,,38,2026-02-02 23:42:21.381918
RTM1C52,0.02,0.01,0.03,1000000.0,1000000.0,,,38,2026-02-02 23:42:21.381918
RTM1P52,4.29,4.28,4.3,1000000.0,1000000.0,,,38,2026-02-02 23:42:21.381918
RTM1C53,0.02,0.01,0.03,1000000.0,1000000.0,,,38,2026-02-02 23:42:21.381918
RTM1P53,5.28,5.27,5.29,1000000.0,1000000.0,,,38,2026-02-02 23:42:21.381918
RTM1C54,0.02,0.01,0.03,1000000.0,1000000.0,,,38,2026-02-02 23:42:21.381918
RTM1P54,6.27,6.26,6.28,1000000.0,1000000.0,,,38,2026-02-02 23:42:21.381918
RTM,47.74,47.73,47.75,100000000.0,100000000.0,,,39,2026-02-02 23:42:22.432459
RTM1C45,2.83,2.82,2.84,1000000.0,1000000.0,,,39,2026-02-02 23:42:22.432459
RTM1P45,0.08,0.07,0.09,1000000.0,1000000.0,,,39,2026-02-02 23:42:22.432459
RTM1C46,1.97,1.96,1.98,1000000.0,1000000.0,,,39,2026-02-02 23:42:22.432459
RTM1P46,0.22,0.21,0.23,1000000.0,1000000.0,,,39,2026-02-02 23:42:22.432459
RTM1C47,1.26,1.25,1.27,1000000.0,1000000.0,100.0,,39,2026-02-02 23:42:22.432459
RTM1P47,0.52,0.51,0.53,1000000.0,1000000.0,,100.0,39,2026-02-02 23:42:22.432459
RTM1C48,0.71,0.7,0.72,1000000.0,1000000.0,300.0,,39,2026-02-02 23:42:22.432459
RTM1P48,0.97,0.96,0.98,1000000.0,1000000.0,,,39,2026-02-02 23:42:22.432459
RTM1C49,0.37,0.36,0.38,1000000.0,1000000.0,,,39,2026-02-02 23:42:22.432459
RTM1P49,1.63,1.62,1.64,1000000.0,1000000.0,,100.0,39,2026-02-02 23:42:22.432459
RTM1C50,0.17,0.16,0.17,1000000.0,1000000.0,200.0,,39,2026-02-02 23:42:22.432459
RTM1P50,2.42,2.42,2.44,1000000.0,1000000.0,,,39,2026-02-02 23:42:22.432459
RTM1C51,0.06,0.05,0.07,1000000.0,1000000.0,,,39,2026-02-02 23:42:22.432459
RTM1P51,3.32,3.31,3.33,1000000.0,1000000.0,,,39,2026-02-02 23:42:22.432459
RTM1C52,0.02,0.01,0.03,1000000.0,1000000.0,,,39,2026-02-02 23:42:22.432459
RTM1P52,4.28,4.27,4.29,1000000.0,1000000.0,,,39,2026-02-02 23:42:22.432459
RTM1C53,0.02,0.01,0.03,1000000.0,1000000.0,,,39,2026-02-02 23:42:22.432459
RTM1P53,5.26,5.25,5.27,1000000.0,1000000.0,,,39,2026-02-02 23:42:22.432459
RTM1C54,0.02,0.01,0.03,1000000.0,1000000.0,,,39,2026-02-02 23:42:22.432459
RTM1P54,6.26,6.25,6.27,1000000.0,1000000.0,,,39,2026-02-02 23:42:22.432459
RTM,47.6,47.59,47.61,100000000.0,100000000.0,10000.0,,40,2026-02-02 23:42:23.481319
RTM1C45,2.7,2.69,2.71,1000000.0,1000000.0,,,40,2026-02-02 23:42:23.481319
RTM1P45,0.1,0.09,0.11,1000000.0,1000000.0,,,40,2026-02-02 23:42:23.481319
RTM1C46,1.86,1.85,1.87,1000000.0,1000000.0,,,40,2026-02-02 23:42:23.481319
RTM1P46,0.26,0.25,0.27,1000000.0,1000000.0,,,40,2026-02-02 23:42:23.481319
RTM1C47,1.15,1.14,1.16,1000000.0,1000000.0,100.0,,40,2026-02-02 23:42:23.481319
RTM1P47,0.56,0.55,0.57,1000000.0,1000000.0,,100.0,40,2026-02-02 23:42:23.481319
RTM1C48,0.66,0.65,0.67,1000000.0,1000000.0,200.0,,40,2026-02-02 23:42:23.481319
RTM1P48,1.05,1.05,1.07,1000000.0,1000000.0,,,40,2026-02-02 23:42:23.481319
RTM1C49,0.33,0.31,0.33,1000000.0,1000000.0,,,40,2026-02-02 23:42:23.481319
RTM1P49,1.72,1.71,1.73,1000000.0,1000000.0,,100.0,40,2026-02-02 23:42:23.481319
RTM1C50,0.14,0.13,0.15,1000000.0,1000000.0,100.0,,40,2026-02-02 23:42:23.481319
RTM1P50,2.54,2.53,2.55,1000000.0,1000000.0,,,40,2026-02-02 23:42:23.481319
RTM1C51,0.05,0.04,0.06,1000000.0,1000000.0,,,40,2026-02-02 23:42:23.481319
RTM1P51,3.45,3.44,3.46,1000000.0,1000000.0,,,40,2026-02-02 23:42:23.481319
RTM1C52,0.02,0.01,0.03,1000000.0,1000000.0,,,40,2026-02-02 23:42:23.481319
RTM1P52,4.42,4.41,4.43,1000000.0,1000000.0,,,40,2026-02-02 23:42:23.481319
RTM1C53,0.02,0.01,0.03,1000000.0,1000000.0,,,40,2026-02-02 23:42:23.481319
RTM1P53,5.41,5.4,5.42,1000000.0,1000000.0,,,40,2026-02-02 23:42:23.481319
RTM1C54,0.02,0.01,0.03,1000000.0,1000000.0,,,40,2026-02-02 23:42:23.481319
RTM1P54,6.41,6.4,6.42,1000000.0,1000000.0,,,40,2026-02-02 23:42:23.481319
RTM,47.55,47.54,47.56,100000000.0,100000000.0,8222.0,,41,2026-02-02 23:42:24.534365
RTM1C45,2.65,2.64,2.66,1000000.0,1000000.0,,,41,2026-02-02 23:42:24.534365
RTM1P45,0.1,0.09,0.11,1000000.0,1000000.0,,,41,2026-02-02 23:42:24.534365
RTM1C46,1.82,1.81,1.83,1000000.0,1000000.0,,,41,2026-02-02 23:42:24.534365
RTM1P46,0.27,0.26,0.28,1000000.0,1000000.0,,,41,2026-02-02 23:42:24.534365
RTM1C47,1.13,1.12,1.14,1000000.0,1000000.0,,,41,2026-02-02 23:42:24.534365
RTM1P47,0.58,0.57,0.59,1000000.0,1000000.0,,,41,2026-02-02 23:42:24.534365
RTM1C48,0.65,0.63,0.65,1000000.0,1000000.0,,,41,2026-02-02 23:42:24.534365
RTM1P48,1.08,1.07,1.09,1000000.0,1000000.0,,100.0,41,2026-02-02 23:42:24.534365
RTM1C49,0.32,0.31,0.33,1000000.0,1000000.0,,,41,2026-02-02 23:42:24.534365
RTM1P49,1.76,1.75,1.77,1000000.0,1000000.0,,100.0,41,2026-02-02 23:42:24.534365
RTM1C50,0.14,0.13,0.15,1000000.0,1000000.0,100.0,,41,2026-02-02 23:42:24.534365
RTM1P50,2.59,2.58,2.6,1000000.0,1000000.0,,,41,2026-02-02 23:42:24.534365
RTM1C51,0.05,0.04,0.06,1000000.0,1000000.0,,,41,2026-02-02 23:42:24.534365
RTM1P51,3.5,3.49,3.51,1000000.0,1000000.0,,,41,2026-02-02 23:42:24.534365
RTM1C52,0.02,0.01,0.03,1000000.0,1000000.0,,,41,2026-02-02 23:42:24.534365
RTM1P52,4.47,4.46,4.48,1000000.0,1000000.0,,,41,2026-02-02 23:42:24.534365
RTM1C53,0.02,0.01,0.03,1000000.0,1000000.0,,,41,2026-02-02 23:42:24.534365
RTM1P53,5.45,5.44,5.46,1000000.0,1000000.0,,,41,2026-02-02 23:42:24.534365
RTM1C54,0.02,0.01,0.03,1000000.0,1000000.0,,,41,2026-02-02 23:42:24.534365
RTM1P54,6.45,6.44,6.46,1000000.0,1000000.0,,,41,2026-02-02 23:42:24.534365
RTM,47.44,47.43,47.45,100000000.0,100000000.0,10000.0,,42,2026-02-02 23:42:25.632155
RTM1C45,2.55,2.54,2.56,1000000.0,1000000.0,,,42,2026-02-02 23:42:25.632155
RTM1P45,0.12,0.11,0.13,1000000.0,1000000.0,,,42,2026-02-02 23:42:25.632155
RTM1C46,1.74,1.73,1.75,1000000.0,1000000.0,,,42,2026-02-02 23:42:25.632155
RTM1P46,0.3,0.29,0.31,1000000.0,1000000.0,,,42,2026-02-02 23:42:25.632155
RTM1C47,1.07,1.06,1.08,1000000.0,1000000.0,,,42,2026-02-02 23:42:25.632155
RTM1P47,0.64,0.63,0.65,1000000.0,1000000.0,,,42,2026-02-02 23:42:25.632155
RTM1C48,0.59,0.58,0.6,1000000.0,1000000.0,,,42,2026-02-02 23:42:25.632155
RTM1P48,1.16,1.15,1.17,1000000.0,1000000.0,,200.0,42,2026-02-02 23:42:25.632155
RTM1C49,0.29,0.28,0.3,1000000.0,1000000.0,,,42,2026-02-02 23:42:25.632155
RTM1P49,1.85,1.84,1.86,1000000.0,1000000.0,,,42,2026-02-02 23:42:25.632155
RTM1C50,0.12,0.11,0.13,1000000.0,1000000.0,200.0,,42,2026-02-02 23:42:25.632155
RTM1P50,2.69,2.68,2.7,1000000.0,1000000.0,,,42,2026-02-02 23:42:25.632155
RTM1C51,0.05,0.04,0.06,1000000.0,1000000.0,,,42,2026-02-02 23:42:25.632155
RTM1P51,3.61,3.6,3.62,1000000.0,1000000.0,,100.0,42,2026-02-02 23:42:25.632155
RTM1C52,0.02,0.01,0.03,1000000.0,1000000.0,,,42,2026-02-02 23:42:25.632155
RTM1P52,4.58,4.57,4.59,1000000.0,1000000.0,,,42,2026-02-02 23:42:25.632155
RTM1C53,0.02,0.01,0.03,1000000.0,1000000.0,,,42,2026-02-02 23:42:25.632155
RTM1P53,5.57,5.56,5.58,1000000.0,1000000.0,,,42,2026-02-02 23:42:25.632155
RTM1C54,0.02,0.01,0.03,1000000.0,1000000.0,,,42,2026-02-02 23:42:25.632155
RTM1P54,6.57,6.56,6.58,1000000.0,1000000.0,,,42,2026-02-02 23:42:25.632155
RTM,47.38,47.37,47.39,100000000.0,100000000.0,20000.0,,43,2026-02-02 23:42:26.677706
RTM1C45,2.5,2.49,2.51,1000000.0,1000000.0,,,43,2026-02-02 23:42:26.677706
RTM1P45,0.13,0.12,0.14,1000000.0,1000000.0,,,43,2026-02-02 23:42:26.677706
RTM1C46,1.69,1.68,1.7,1000000.0,1000000.0,,,43,2026-02-02 23:42:26.677706
RTM1P46,0.32,0.31,0.33,1000000.0,1000000.0,,,43,2026-02-02 23:42:26.677706
RTM1C47,1.04,1.03,1.05,1000000.0,1000000.0,,,43,2026-02-02 23:42:26.677706
RTM1P47,0.67,0.66,0.68,1000000.0,1000000.0,,100.0,43,2026-02-02 23:42:26.677706
RTM1C48,0.57,0.56,0.58,1000000.0,1000000.0,,,43,2026-02-02 23:42:26.677706
RTM1P48,1.2,1.19,1.21,1000000.0,1000000.0,,200.0,43,2026-02-02 23:42:26.677706
RTM1C49,0.28,0.27,0.29,1000000.0,1000000.0,,,43,2026-02-02 23:42:26.677706
RTM1P49,1.9,1.89,1.91,1000000.0,1000000.0,,,43,2026-02-02 23:42:26.677706
RTM1C50,0.11,0.11,0.13,1000000.0,1000000.0,100.0,,43,2026-02-02 23:42:26.677706
RTM1P50,2.75,2.74,2.76,1000000.0,1000000.0,,,43,2026-02-02 23:42:26.677706
RTM1C51,0.04,0.03,0.05,1000000.0,1000000.0,,,43,2026-02-02 23:42:26.677706
RTM1P51,3.67,3.66,3.68,1000000.0,1000000.0,,,43,2026-02-02 23:42:26.677706
RTM1C52,0.02,0.01,0.03,1000000.0,1000000.0,,,43,2026-02-02 23:42:26.677706
RTM1P52,4.64,4.63,4.65,1000000.0,1000000.0,,,43,2026-02-02 23:42:26.677706
RTM1C53,0.02,0.01,0.03,1000000.0,1000000.0,,,43,2026-02-02 23:42:26.677706
RTM1P53,5.63,5.62,5.64,1000000.0,1000000.0,,,43,2026-02-02 23:42:26.677706
RTM1C54,0.02,0.01,0.03,1000000.0,1000000.0,,,43,2026-02-02 23:42:26.677706
RTM1P54,6.63,6.62,6.64,1000000.0,1000000.0,,,43,2026-02-02 23:42:26.677706
RTM,47.26,47.25,47.27,100000000.0,100000000.0,20000.0,,44,2026-02-02 23:42:27.243650
RTM1C45,2.4,2.39,2.41,1000000.0,1000000.0,,,44,2026-02-02 23:42:27.243650
RTM1P45,0.14,0.13,0.15,1000000.0,1000000.0,,,44,2026-02-02 23:42:27.243650
RTM1C46,1.61,1.6,1.62,1000000.0,1000000.0,,,44,2026-02-02 23:42:27.243650
RTM1P46,0.35,0.34,0.36,1000000.0,1000000.0,,,44,2026-02-02 23:42:27.243650
RTM1C47,0.98,0.97,0.99,1000000.0,1000000.0,,,44,2026-02-02 23:42:27.243650
RTM1P47,0.72,0.71,0.73,1000000.0,1000000.0,,,44,2026-02-02 23:42:27.243650
RTM1C48,0.53,0.52,0.54,1000000.0,1000000.0,,,44,2026-02-02 23:42:27.243650
RTM1P48,1.27,1.26,1.28,1000000.0,1000000.0,,100.0,44,2026-02-02 23:42:27.243650
RTM1C49,0.25,0.24,0.26,1000000.0,1000000.0,100.0,,44,2026-02-02 23:42:27.243650
RTM1P49,1.99,1.98,2.0,1000000.0,1000000.0,,100.0,44,2026-02-02 23:42:27.243650
RTM1C50,0.11,0.1,0.12,1000000.0,1000000.0,100.0,,44,2026-02-02 23:42:27.243650
RTM1P50,2.85,2.84,2.86,1000000.0,1000000.0,,,44,2026-02-02 23:42:27.243650
RTM1C51,0.04,0.03,0.05,1000000.0,1000000.0,,,44,2026-02-02 23:42:27.243650
RTM1P51,3.78,3.77,3.79,1000000.0,1000000.0,,100.0,44,2026-02-02 23:42:27.243650
RTM1C52,0.02,0.01,0.03,1000000.0,1000000.0,,,44,2026-02-02 23:42:27.243650
RTM1P52,4.75,4.74,4.76,1000000.0,1000000.0,,,44,2026-02-02 23:42:27.243650
RTM1C53,0.02,0.01,0.03,1000000.0,1000000.0,,,44,2026-02-02 23:42:27.243650
RTM1P53,5.74,5.73,5.75,1000000.0,1000000.0,,,44,2026-02-02 23:42:27.243650
RTM1C54,0.02,0.01,0.03,1000000.0,1000000.0,,,44,2026-02-02 23:42:27.243650
RTM1P54,6.74,6.73,6.75,1000000.0,1000000.0,,,44,2026-02-02 23:42:27.243650
RTM,47.31,47.3,47.32,100000000.0,100000000.0,10000.0,,45,2026-02-02 23:42:28.293415
RTM1C45,2.44,2.43,2.45,1000000.0,1000000.0,,,45,2026-02-02 23:42:28.293415
RTM1P45,0.14,0.13,0.15,1000000.0,1000000.0,,,45,2026-02-02 23:42:28.293415
RTM1C46,1.64,1.63,1.65,1000000.0,1000000.0,,,45,2026-02-02 23:42:28.293415
RTM1P46,0.34,0.33,0.35,1000000.0,1000000.0,,,45,2026-02-02 23:42:28.293415
RTM1C47,1.0,0.99,1.01,1000000.0,1000000.0,100.0,,45,2026-02-02 23:42:28.293415
RTM1P47,0.69,0.68,0.7,1000000.0,1000000.0,,100.0,45,2026-02-02 23:42:28.293415
RTM1C48,0.55,0.54,0.56,1000000.0,1000000.0,,,45,2026-02-02 23:42:28.293415
RTM1P48,1.25,1.24,1.26,1000000.0,1000000.0,,100.0,45,2026-02-02 23:42:28.293415
RTM1C49,0.27,0.26,0.28,1000000.0,1000000.0,,,45,2026-02-02 23:42:28.293415
RTM1P49,1.96,1.95,1.97,1000000.0,1000000.0,,,45,2026-02-02 23:42:28.293415
RTM1C50,0.11,0.1,0.11,1000000.0,1000000.0,100.0,,45,2026-02-02 23:42:28.293415
RTM1P50,2.8,2.79,2.81,1000000.0,1000000.0,,,45,2026-02-02 23:42:28.293415
RTM1C51,0.04,0.03,0.05,1000000.0,1000000.0,,,45,2026-02-02 23:42:28.293415
RTM1P51,3.74,3.73,3.75,1000000.0,1000000.0,,,45,2026-02-02 23:42:28.293415
RTM1C52,0.02,0.01,0.03,1000000.0,1000000.0,,,45,2026-02-02 23:42:28.293415
RTM1P52,4.71,4.7,4.72,1000000.0,1000000.0,,,45,2026-02-02 23:42:28.293415
RTM1C53,0.02,0.01,0.03,1000000.0,1000000.0,,,45,2026-02-02 23:42:28.293415
RTM1P53,5.7,5.69,5.71,1000000.0,1000000.0,,,45,2026-02-02 23:42:28.293415
RTM1C54,0.02,0.01,0.03,1000000.0,1000000.0,,,45,2026-02-02 23:42:28.293415
RTM1P54,6.7,6.69,6.71,1000000.0,1000000.0,,,45,2026-02-02 23:42:28.293415
RTM,47.38,47.37,47.39,100000000.0,100000000.0,0,0,46,2026-02-02 23:42:29.371826
RTM1C45,2.51,2.5,2.52,1000000.0,1000000.0,0,0,46,2026-02-02 23:42:29.371826
RTM1P45,0.14,0.13,0.15,1000000.0,1000000.0,0,0,46,2026-02-02 23:42:29.371826
RTM1C46,1.68,1.67,1.69,1000000.0,1000000.0,0,0,46,2026-02-02 23:42:29.371826
RTM1P46,0.3,0.29,0.31,1000000.0,1000000.0,0,0,46,2026-02-02 23:42:29.371826
RTM1C47,1.03,1.02,1.04,1000000.0,1000000.0,0,0,46,2026-02-02 23:42:29.371826
RTM1P47,0.66,0.65,0.67,1000000.0,1000000.0,0,0,46,2026-02-02 23:42:29.371826
RTM1C48,0.59,0.58,0.6,1000000.0,1000000.0,0,0,46,2026-02-02 23:42:29.371826
RTM1P48,1.21,1.2,1.22,1000000.0,1000000.0,0,0,46,2026-02-02 23:42:29.371826
RTM1C49,0.27,0.26,0.28,1000000.0,1000000.0,0,0,46,2026-02-02 23:42:29.371826
RTM1P49,1.89,1.88,1.9,1000000.0,1000000.0,0,0,46,2026-02-02 23:42:29.371826
RTM1C50,0.13,0.12,0.14,1000000.0,1000000.0,0,0,46,2026-02-02 23:42:29.371826
RTM1P50,2.75,2.74,2.76,1000000.0,1000000.0,0,0,46,2026-02-02 23:42:29.371826
RTM1C51,0.04,0.03,0.05,1000000.0,1000000.0,0,0,46,2026-02-02 23:42:29.371826
RTM1P51,3.66,3.65,3.67,1000000.0,1000000.0,0,0,46,2026-02-02 23:42:29.371826
RTM1C52,0.02,0.01,0.03,1000000.0,1000000.0,0,0,46,2026-02-02 23:42:29.371826
RTM1P52,4.64,4.63,4.65,1000000.0,1000000.0,0,0,46,2026-02-02 23:42:29.371826
RTM1C53,0.02,0.01,0.03,1000000.0,1000000.0,0,0,46,2026-02-02 23:42:29.371826
RTM1P53,5.63,5.62,5.64,1000000.0,1000000.0,0,0,46,2026-02-02 23:42:29.371826
RTM1C54,0.02,0.01,0.03,1000000.0,1000000.0,0,0,46,2026-02-02 23:42:29.371826
RTM1P54,6.62,6.61,6.63,1000000.0,1000000.0,0,0,46,2026-02-02 23:42:29.371826
RTM,47.32,47.31,47.33,100000000.0,100000000.0,0,0,47,2026-02-02 23:42:30.449126
RTM1C45,2.46,2.45,2.47,1000000.0,1000000.0,0,0,47,2026-02-02 23:42:30.449126
RTM1P45,0.14,0.13,0.15,1000000.0,1000000.0,0,0,47,2026-02-02 23:42:30.449126
RTM1C46,1.63,1.62,1.64,1000000.0,1000000.0,0,0,47,2026-02-02 23:42:30.449126
RTM1P46,0.32,0.31,0.33,1000000.0,1000000.0,0,0,47,2026-02-02 23:42:30.449126
RTM1C47,0.99,0.98,1.0,1000000.0,1000000.0,0,0,47,2026-02-02 23:42:30.449126
RTM1P47,0.68,0.67,0.69,1000000.0,1000000.0,0,0,47,2026-02-02 23:42:30.449126
RTM1C48,0.55,0.54,0.56,1000000.0,1000000.0,0,0,47,2026-02-02 23:42:30.449126
RTM1P48,1.23,1.22,1.24,1000000.0,1000000.0,0,0,47,2026-02-02 23:42:30.449126
RTM1C49,0.28,0.27,0.29,1000000.0,1000000.0,0,0,47,2026-02-02 23:42:30.449126
RTM1P49,1.97,1.96,1.98,1000000.0,1000000.0,0,0,47,2026-02-02 23:42:30.449126
RTM1C50,0.1,0.09,0.11,1000000.0,1000000.0,0,0,47,2026-02-02 23:42:30.449126
RTM1P50,2.79,2.78,2.8,1000000.0,1000000.0,0,0,47,2026-02-02 23:42:30.449126
RTM1C51,0.05,0.04,0.06,1000000.0,1000000.0,0,0,47,2026-02-02 23:42:30.449126
RTM1P51,3.73,3.72,3.74,1000000.0,1000000.0,0,0,47,2026-02-02 23:42:30.449126
RTM1C52,0.02,0.01,0.03,1000000.0,1000000.0,0,0,47,2026-02-02 23:42:30.449126
RTM1P52,4.7,4.69,4.71,1000000.0,1000000.0,0,0,47,2026-02-02 23:42:30.449126
RTM1C53,0.02,0.01,0.03,1000000.0,1000000.0,0,0,47,2026-02-02 23:42:30.449126
RTM1P53,5.69,5.68,5.7,1000000.0,1000000.0,0,0,47,2026-02-02 23:42:30.449126
RTM1C54,0.02,0.01,0.03,1000000.0,1000000.0,0,0,47,2026-02-02 23:42:30.449126
RTM1P54,6.68,6.67,6.69,1000000.0,1000000.0,0,0,47,2026-02-02 23:42:30.449126
RTM,47.36,47.35,47.37,100000000.0,100000000.0,,0,48,2026-02-02 23:42:31.506977
RTM1C45,2.49,2.48,2.5,1000000.0,1000000.0,,0,48,2026-02-02 23:42:31.506977
RTM1P45,0.13,0.12,0.14,1000000.0,1000000.0,,0,48,2026-02-02 23:42:31.506977
RTM1C46,1.68,1.67,1.69,1000000.0,1000000.0,,0,48,2026-02-02 23:42:31.506977
RTM1P46,0.31,0.3,0.32,1000000.0,1000000.0,,0,48,2026-02-02 23:42:31.506977
RTM1C47,1.03,1.02,1.04,1000000.0,1000000.0,,0,48,2026-02-02 23:42:31.506977
RTM1P47,0.66,0.65,0.67,1000000.0,1000000.0,,0,48,2026-02-02 23:42:31.506977
RTM1C48,0.58,0.57,0.59,1000000.0,1000000.0,100.0,0,48,2026-02-02 23:42:31.506977
RTM1P48,1.22,1.21,1.23,1000000.0,1000000.0,,0,48,2026-02-02 23:42:31.506977
RTM1C49,0.27,0.26,0.28,1000000.0,1000000.0,,0,48,2026-02-02 23:42:31.506977
RTM1P49,1.9,1.89,1.91,1000000.0,1000000.0,,0,48,2026-02-02 23:42:31.506977
RTM1C50,0.13,0.12,0.14,1000000.0,1000000.0,,0,48,2026-02-02 23:42:31.506977
RTM1P50,2.76,2.75,2.77,1000000.0,1000000.0,,0,48,2026-02-02 23:42:31.506977
RTM1C51,0.04,0.03,0.05,1000000.0,1000000.0,,0,48,2026-02-02 23:42:31.506977
RTM1P51,3.68,3.67,3.69,1000000.0,1000000.0,,0,48,2026-02-02 23:42:31.506977
RTM1C52,0.02,0.01,0.03,1000000.0,1000000.0,,0,48,2026-02-02 23:42:31.506977
RTM1P52,4.65,4.64,4.66,1000000.0,1000000.0,,0,48,2026-02-02 23:42:31.506977
RTM1C53,0.02,0.01,0.03,1000000.0,1000000.0,,0,48,2026-02-02 23:42:31.506977
RTM1P53,5.64,5.63,5.65,1000000.0,1000000.0,,0,48,2026-02-02 23:42:31.506977
RTM1C54,0.02,0.01,0.03,1000000.0,1000000.0,,0,48,2026-02-02 23:42:31.506977
RTM1P54,6.64,6.63,6.65,1000000.0,1000000.0,,0,48,2026-02-02 23:42:31.506977
RTM,47.29,47.28,47.3,100000000.0,100000000.0,0,0,49,2026-02-02 23:42:32.564621
RTM1C45,2.43,2.42,2.44,1000000.0,1000000.0,0,0,49,2026-02-02 23:42:32.564621
RTM1P45,0.14,0.13,0.15,1000000.0,1000000.0,0,0,49,2026-02-02 23:42:32.564621
RTM1C46,1.63,1.62,1.64,1000000.0,1000000.0,0,0,49,2026-02-02 23:42:32.564621
RTM1P46,0.34,0.33,0.35,1000000.0,1000000.0,0,0,49,2026-02-02 23:42:32.564621
RTM1C47,0.97,0.96,0.98,1000000.0,1000000.0,0,0,49,2026-02-02 23:42:32.564621
RTM1P47,0.68,0.67,0.69,1000000.0,1000000.0,0,0,49,2026-02-02 23:42:32.564621
RTM1C48,0.52,0.51,0.53,1000000.0,1000000.0,0,0,49,2026-02-02 23:42:32.564621
RTM1P48,1.23,1.22,1.24,1000000.0,1000000.0,0,0,49,2026-02-02 23:42:32.564621
RTM1C49,0.26,0.25,0.27,1000000.0,1000000.0,0,0,49,2026-02-02 23:42:32.564621
RTM1P49,1.97,1.96,1.98,1000000.0,1000000.0,0,0,49,2026-02-02 23:42:32.564621
RTM1C50,0.11,0.1,0.12,1000000.0,1000000.0,0,0,49,2026-02-02 23:42:32.564621
RTM1P50,2.82,2.81,2.83,1000000.0,1000000.0,0,0,49,2026-02-02 23:42:32.564621
RTM1C51,0.04,0.03,0.05,1000000.0,1000000.0,0,0,49,2026-02-02 23:42:32.564621
RTM1P51,3.75,3.74,3.76,1000000.0,1000000.0,0,0,49,2026-02-02 23:42:32.564621
RTM1C52,0.02,0.01,0.03,1000000.0,1000000.0,0,0,49,2026-02-02 23:42:32.564621
RTM1P52,4.73,4.72,4.74,1000000.0,1000000.0,0,0,49,2026-02-02 23:42:32.564621
RTM1C53,0.02,0.01,0.03,1000000.0,1000000.0,0,0,49,2026-02-02 23:42:32.564621
RTM1P53,5.72,5.71,5.73,1000000.0,1000000.0,0,0,49,2026-02-02 23:42:32.564621
RTM1C54,0.02,0.01,0.03,1000000.0,1000000.0,0,0,49,2026-02-02 23:42:32.564621
RTM1P54,6.71,6.7,6.72,1000000.0,1000000.0,0,0,49,2026-02-02 23:42:32.564621
RTM,47.22,47.21,47.23,100000000.0,100000000.0,,,50,2026-02-02 23:42:33.623327
RTM1C45,2.37,2.36,2.38,1000000.0,1000000.0,,,50,2026-02-02 23:42:33.623327
RTM1P45,0.14,0.13,0.15,1000000.0,1000000.0,,,50,2026-02-02 23:42:33.623327
RTM1C46,1.56,1.55,1.57,1000000.0,1000000.0,,,50,2026-02-02 23:42:33.623327
RTM1P46,0.34,0.33,0.35,1000000.0,1000000.0,,,50,2026-02-02 23:42:33.623327
RTM1C47,0.95,0.94,0.96,1000000.0,1000000.0,,,50,2026-02-02 23:42:33.623327
RTM1P47,0.73,0.72,0.74,1000000.0,1000000.0,,,50,2026-02-02 23:42:33.623327
RTM1C48,0.5,0.48,0.5,1000000.0,1000000.0,,,50,2026-02-02 23:42:33.623327
RTM1P48,1.26,1.25,1.27,1000000.0,1000000.0,200.0,,50,2026-02-02 23:42:33.623327
RTM1C49,0.25,0.24,0.26,1000000.0,1000000.0,,,50,2026-02-02 23:42:33.623327
RTM1P49,2.02,2.01,2.03,1000000.0,1000000.0,,,50,2026-02-02 23:42:33.623327
RTM1C50,0.1,0.1,0.12,1000000.0,1000000.0,,100.0,50,2026-02-02 23:42:33.623327
RTM1P50,2.88,2.87,2.89,1000000.0,1000000.0,,,50,2026-02-02 23:42:33.623327
RTM1C51,0.05,0.04,0.06,1000000.0,1000000.0,,,50,2026-02-02 23:42:33.623327
RTM1P51,3.82,3.81,3.83,1000000.0,1000000.0,,,50,2026-02-02 23:42:33.623327
RTM1C52,0.02,0.01,0.03,1000000.0,1000000.0,,,50,2026-02-02 23:42:33.623327
RTM1P52,4.79,4.78,4.8,1000000.0,1000000.0,,,50,2026-02-02 23:42:33.623327
RTM1C53,0.02,0.01,0.03,1000000.0,1000000.0,,,50,2026-02-02 23:42:33.623327
RTM1P53,5.78,5.77,5.79,1000000.0,1000000.0,,,50,2026-02-02 23:42:33.623327
RTM1C54,0.02,0.01,0.03,1000000.0,1000000.0,,,50,2026-02-02 23:42:33.623327
RTM1P54,6.78,6.77,6.79,1000000.0,1000000.0,,,50,2026-02-02 23:42:33.623327
RTM,47.55,47.54,47.56,100000000.0,100000000.0,,0,51,2026-02-02 23:42:34.671817
RTM1C45,2.64,2.63,2.65,1000000.0,1000000.0,,0,51,2026-02-02 23:42:34.671817
RTM1P45,0.1,0.09,0.11,1000000.0,1000000.0,,0,51,2026-02-02 23:42:34.671817
RTM1C46,1.83,1.82,1.84,1000000.0,1000000.0,45.0,0,51,2026-02-02 23:42:34.671817
RTM1P46,0.29,0.27,0.29,1000000.0,1000000.0,,0,51,2026-02-02 23:42:34.671817
RTM1C47,1.12,1.11,1.13,1000000.0,1000000.0,,0,51,2026-02-02 23:42:34.671817
RTM1P47,0.57,0.56,0.58,1000000.0,1000000.0,,0,51,2026-02-02 23:42:34.671817
RTM1C48,0.67,0.66,0.68,1000000.0,1000000.0,,0,51,2026-02-02 23:42:34.671817
RTM1P48,1.14,1.12,1.14,1000000.0,1000000.0,,0,51,2026-02-02 23:42:34.671817
RTM1C49,0.34,0.33,0.35,1000000.0,1000000.0,,0,51,2026-02-02 23:42:34.671817
RTM1P49,1.79,1.78,1.8,1000000.0,1000000.0,,0,51,2026-02-02 23:42:34.671817
RTM1C50,0.15,0.14,0.16,1000000.0,1000000.0,,0,51,2026-02-02 23:42:34.671817
RTM1P50,2.6,2.59,2.61,1000000.0,1000000.0,,0,51,2026-02-02 23:42:34.671817
RTM1C51,0.05,0.04,0.06,1000000.0,1000000.0,,0,51,2026-02-02 23:42:34.671817
RTM1P51,3.51,3.5,3.52,1000000.0,1000000.0,,0,51,2026-02-02 23:42:34.671817
RTM1C52,0.02,0.01,0.03,1000000.0,1000000.0,,0,51,2026-02-02 23:42:34.671817
RTM1P52,4.47,4.46,4.48,1000000.0,1000000.0,,0,51,2026-02-02 23:42:34.671817
RTM1C53,0.02,0.01,0.03,1000000.0,1000000.0,,0,51,2026-02-02 23:42:34.671817
RTM1P53,5.46,5.45,5.47,1000000.0,1000000.0,,0,51,2026-02-02 23:42:34.671817
RTM1C54,0.02,0.01,0.03,1000000.0,1000000.0,,0,51,2026-02-02 23:42:34.671817
RTM1P54,6.45,6.44,6.46,1000000.0,1000000.0,,0,51,2026-02-02 23:42:34.671817
RTM,47.73,47.72,47.74,100000000.0,100000000.0,,0,52,2026-02-02 23:42:35.724612
RTM1C45,2.8,2.79,2.81,1000000.0,1000000.0,,0,52,2026-02-02 23:42:35.724612
RTM1P45,0.08,0.07,0.09,1000000.0,1000000.0,,0,52,2026-02-02 23:42:35.724612
RTM1C46,1.96,1.95,1.97,1000000.0,1000000.0,45.0,0,52,2026-02-02 23:42:35.724612
RTM1P46,0.23,0.22,0.24,1000000.0,1000000.0,,0,52,2026-02-02 23:42:35.724612
RTM1C47,1.25,1.24,1.26,1000000.0,1000000.0,,0,52,2026-02-02 23:42:35.724612
RTM1P47,0.53,0.52,0.54,1000000.0,1000000.0,,0,52,2026-02-02 23:42:35.724612
RTM1C48,0.71,0.7,0.72,1000000.0,1000000.0,,0,52,2026-02-02 23:42:35.724612
RTM1P48,0.98,0.97,0.99,1000000.0,1000000.0,,0,52,2026-02-02 23:42:35.724612
RTM1C49,0.37,0.36,0.38,1000000.0,1000000.0,,0,52,2026-02-02 23:42:35.724612
RTM1P49,1.65,1.64,1.66,1000000.0,1000000.0,,0,52,2026-02-02 23:42:35.724612
RTM1C50,0.16,0.15,0.17,1000000.0,1000000.0,,0,52,2026-02-02 23:42:35.724612
RTM1P50,2.43,2.42,2.44,1000000.0,1000000.0,,0,52,2026-02-02 23:42:35.724612
RTM1C51,0.07,0.06,0.08,1000000.0,1000000.0,,0,52,2026-02-02 23:42:35.724612
RTM1P51,3.34,3.33,3.35,1000000.0,1000000.0,,0,52,2026-02-02 23:42:35.724612
RTM1C52,0.02,0.01,0.03,1000000.0,1000000.0,,0,52,2026-02-02 23:42:35.724612
RTM1P52,4.29,4.28,4.3,1000000.0,1000000.0,,0,52,2026-02-02 23:42:35.724612
RTM1C53,0.02,0.01,0.03,1000000.0,1000000.0,,0,52,2026-02-02 23:42:35.724612
RTM1P53,5.28,5.27,5.29,1000000.0,1000000.0,,0,52,2026-02-02 23:42:35.724612
RTM1C54,0.02,0.01,0.03,1000000.0,1000000.0,,0,52,2026-02-02 23:42:35.724612
RTM1P54,6.27,6.26,6.28,1000000.0,1000000.0,,0,52,2026-02-02 23:42:35.724612
RTM,47.62,47.61,47.63,100000000.0,100000000.0,,0,53,2026-02-02 23:42:36.775785
RTM1C45,2.72,2.71,2.73,1000000.0,1000000.0,,0,53,2026-02-02 23:42:36.775785
RTM1P45,0.1,0.09,0.11,1000000.0,1000000.0,,0,53,2026-02-02 23:42:36.775785
RTM1C46,1.88,1.87,1.89,1000000.0,1000000.0,,0,53,2026-02-02 23:42:36.775785
RTM1P46,0.26,0.25,0.27,1000000.0,1000000.0,,0,53,2026-02-02 23:42:36.775785
RTM1C47,1.16,1.15,1.17,1000000.0,1000000.0,27.0,0,53,2026-02-02 23:42:36.775785
RTM1P47,0.54,0.53,0.55,1000000.0,1000000.0,,0,53,2026-02-02 23:42:36.775785
RTM1C48,0.64,0.63,0.65,1000000.0,1000000.0,,0,53,2026-02-02 23:42:36.775785
RTM1P48,1.02,1.01,1.03,1000000.0,1000000.0,,0,53,2026-02-02 23:42:36.775785
RTM1C49,0.33,0.32,0.34,1000000.0,1000000.0,,0,53,2026-02-02 23:42:36.775785
RTM1P49,1.71,1.7,1.72,1000000.0,1000000.0,,0,53,2026-02-02 23:42:36.775785
RTM1C50,0.15,0.14,0.16,1000000.0,1000000.0,,0,53,2026-02-02 23:42:36.775785
RTM1P50,2.53,2.52,2.54,1000000.0,1000000.0,,0,53,2026-02-02 23:42:36.775785
RTM1C51,0.07,0.06,0.08,1000000.0,1000000.0,,0,53,2026-02-02 23:42:36.775785
RTM1P51,3.44,3.43,3.45,1000000.0,1000000.0,,0,53,2026-02-02 23:42:36.775785
RTM1C52,0.02,0.01,0.03,1000000.0,1000000.0,,0,53,2026-02-02 23:42:36.775785
RTM1P52,4.4,4.39,4.41,1000000.0,1000000.0,,0,53,2026-02-02 23:42:36.775785
RTM1C53,0.02,0.01,0.03,1000000.0,1000000.0,,0,53,2026-02-02 23:42:36.775785
RTM1P53,5.38,5.37,5.39,1000000.0,1000000.0,,0,53,2026-02-02 23:42:36.775785
RTM1C54,0.02,0.01,0.03,1000000.0,1000000.0,,0,53,2026-02-02 23:42:36.775785
RTM1P54,6.38,6.37,6.39,1000000.0,1000000.0,,0,53,2026-02-02 23:42:36.775785
RTM,47.85,47.84,47.86,100000000.0,100000000.0,,0,54,2026-02-02 23:42:37.325519
RTM1C45,2.93,2.92,2.94,1000000.0,1000000.0,,0,54,2026-02-02 23:42:37.325519
RTM1P45,0.08,0.07,0.09,1000000.0,1000000.0,,0,54,2026-02-02 23:42:37.325519
RTM1C46,2.08,2.07,2.09,1000000.0,1000000.0,,0,54,2026-02-02 23:42:37.325519
RTM1P46,0.23,0.22,0.24,1000000.0,1000000.0,,0,54,2026-02-02 23:42:37.325519
RTM1C47,1.34,1.33,1.35,1000000.0,1000000.0,27.0,0,54,2026-02-02 23:42:37.325519
RTM1P47,0.48,0.47,0.49,1000000.0,1000000.0,,0,54,2026-02-02 23:42:37.325519
RTM1C48,0.76,0.75,0.77,1000000.0,1000000.0,,0,54,2026-02-02 23:42:37.325519
RTM1P48,0.91,0.9,0.92,1000000.0,1000000.0,,0,54,2026-02-02 23:42:37.325519
RTM1C49,0.39,0.38,0.4,1000000.0,1000000.0,,0,54,2026-02-02 23:42:37.325519
RTM1P49,1.54,1.53,1.55,1000000.0,1000000.0,,0,54,2026-02-02 23:42:37.325519
RTM1C50,0.19,0.18,0.2,1000000.0,1000000.0,,0,54,2026-02-02 23:42:37.325519
RTM1P50,2.34,2.33,2.35,1000000.0,1000000.0,,0,54,2026-02-02 23:42:37.325519
RTM1C51,0.08,0.07,0.09,1000000.0,1000000.0,,0,54,2026-02-02 23:42:37.325519
RTM1P51,3.22,3.21,3.23,1000000.0,1000000.0,,0,54,2026-02-02 23:42:37.325519
RTM1C52,0.02,0.01,0.03,1000000.0,1000000.0,,0,54,2026-02-02 23:42:37.325519
RTM1P52,4.17,4.16,4.18,1000000.0,1000000.0,,0,54,2026-02-02 23:42:37.325519
RTM1C53,0.02,0.01,0.03,1000000.0,1000000.0,,0,54,2026-02-02 23:42:37.325519
RTM1P53,5.15,5.14,5.16,1000000.0,1000000.0,,0,54,2026-02-02 23:42:37.325519
RTM1C54,0.02,0.01,0.03,1000000.0,1000000.0,,0,54,2026-02-02 23:42:37.325519
RTM1P54,6.15,6.14,6.16,1000000.0,1000000.0,,0,54,2026-02-02 23:42:37.325519
RTM,47.73,47.72,47.74,100000000.0,100000000.0,,0,55,2026-02-02 23:42:38.385712
RTM1C45,2.81,2.8,2.82,1000000.0,1000000.0,,0,55,2026-02-02 23:42:38.385712
RTM1P45,0.08,0.07,0.09,1000000.0,1000000.0,,0,55,2026-02-02 23:42:38.385712
RTM1C46,1.97,1.96,1.98,1000000.0,1000000.0,,0,55,2026-02-02 23:42:38.385712
RTM1P46,0.24,0.23,0.25,1000000.0,1000000.0,,0,55,2026-02-02 23:42:38.385712
RTM1C47,1.23,1.22,1.24,1000000.0,1000000.0,27.0,0,55,2026-02-02 23:42:38.385712
RTM1P47,0.5,0.49,0.51,1000000.0,1000000.0,,0,55,2026-02-02 23:42:38.385712
RTM1C48,0.69,0.68,0.7,1000000.0,1000000.0,,0,55,2026-02-02 23:42:38.385712
RTM1P48,0.95,0.94,0.96,1000000.0,1000000.0,,0,55,2026-02-02 23:42:38.385712
RTM1C49,0.37,0.36,0.38,1000000.0,1000000.0,54.0,0,55,2026-02-02 23:42:38.385712
RTM1P49,1.64,1.63,1.65,1000000.0,1000000.0,,0,55,2026-02-02 23:42:38.385712
RTM1C50,0.16,0.15,0.17,1000000.0,1000000.0,,0,55,2026-02-02 23:42:38.385712
RTM1P50,2.42,2.41,2.43,1000000.0,1000000.0,,0,55,2026-02-02 23:42:38.385712
RTM1C51,0.07,0.06,0.08,1000000.0,1000000.0,,0,55,2026-02-02 23:42:38.385712
RTM1P51,3.33,3.32,3.34,1000000.0,1000000.0,,0,55,2026-02-02 23:42:38.385712
RTM1C52,0.02,0.01,0.03,1000000.0,1000000.0,,0,55,2026-02-02 23:42:38.385712
RTM1P52,4.29,4.28,4.3,1000000.0,1000000.0,,0,55,2026-02-02 23:42:38.385712
RTM1C53,0.02,0.01,0.03,1000000.0,1000000.0,,0,55,2026-02-02 23:42:38.385712
RTM1P53,5.27,5.26,5.28,1000000.0,1000000.0,,0,55,2026-02-02 23:42:38.385712
RTM1C54,0.02,0.01,0.03,1000000.0,1000000.0,,0,55,2026-02-02 23:42:38.385712
RTM1P54,6.27,6.26,6.28,1000000.0,1000000.0,,0,55,2026-02-02 23:42:38.385712
RTM,47.71,47.7,47.72,100000000.0,10000.0,100000000.0,0,56,2026-02-02 23:42:39.468347
RTM1C45,2.78,2.77,2.79,1000000.0,,1000000.0,0,56,2026-02-02 23:42:39.468347
RTM1P45,0.08,0.07,0.09,1000000.0,,1000000.0,0,56,2026-02-02 23:42:39.468347
RTM1C46,1.94,1.93,1.95,1000000.0,,1000000.0,0,56,2026-02-02 23:42:39.468347
RTM1P46,0.24,0.23,0.25,1000000.0,,1000000.0,0,56,2026-02-02 23:42:39.468347
RTM1C47,1.21,1.2,1.22,1000000.0,,1000000.0,0,56,2026-02-02 23:42:39.468347
RTM1P47,0.5,0.49,0.51,1000000.0,,1000000.0,0,56,2026-02-02 23:42:39.468347
RTM1C48,0.7,0.69,0.71,1000000.0,,1000000.0,0,56,2026-02-02 23:42:39.468347
RTM1P48,1.0,0.99,1.01,1000000.0,,1000000.0,0,56,2026-02-02 23:42:39.468347
RTM1C49,0.34,0.34,0.35,1000000.0,54.0,1000000.0,0,56,2026-02-02 23:42:39.468347
RTM1P49,1.64,1.63,1.65,1000000.0,,1000000.0,0,56,2026-02-02 23:42:39.468347
RTM1C50,0.15,0.14,0.16,1000000.0,,1000000.0,0,56,2026-02-02 23:42:39.468347
RTM1P50,2.44,2.43,2.45,1000000.0,,1000000.0,0,56,2026-02-02 23:42:39.468347
RTM1C51,0.07,0.06,0.08,1000000.0,,1000000.0,0,56,2026-02-02 23:42:39.468347
RTM1P51,3.36,3.35,3.37,1000000.0,,1000000.0,0,56,2026-02-02 23:42:39.468347
RTM1C52,0.02,0.01,0.03,1000000.0,,1000000.0,0,56,2026-02-02 23:42:39.468347
RTM1P52,4.31,4.3,4.32,1000000.0,,1000000.0,0,56,2026-02-02 23:42:39.468347
RTM1C53,0.02,0.01,0.03,1000000.0,,1000000.0,0,56,2026-02-02 23:42:39.468347
RTM1P53,5.3,5.29,5.31,1000000.0,,1000000.0,0,56,2026-02-02 23:42:39.468347
RTM1C54,0.02,0.01,0.03,1000000.0,,1000000.0,0,56,2026-02-02 23:42:39.468347
RTM1P54,6.3,6.29,6.31,1000000.0,,1000000.0,0,56,2026-02-02 23:42:39.468347
RTM,47.67,47.66,47.68,100000000.0,10000.0,100000000.0,4200.0,57,2026-02-02 23:42:40.543558
RTM1C45,2.76,2.75,2.77,1000000.0,,1000000.0,,57,2026-02-02 23:42:40.543558
RTM1P45,0.09,0.08,0.1,1000000.0,,1000000.0,,57,2026-02-02 23:42:40.543558
RTM1C46,1.92,1.91,1.93,1000000.0,,1000000.0,,57,2026-02-02 23:42:40.543558
RTM1P46,0.25,0.24,0.26,1000000.0,,1000000.0,,57,2026-02-02 23:42:40.543558
RTM1C47,1.22,1.21,1.23,1000000.0,,1000000.0,,57,2026-02-02 23:42:40.543558
RTM1P47,0.55,0.54,0.56,1000000.0,,1000000.0,,57,2026-02-02 23:42:40.543558
RTM1C48,0.7,0.7,0.72,1000000.0,,1000000.0,,57,2026-02-02 23:42:40.543558
RTM1P48,1.03,1.03,1.05,1000000.0,,1000000.0,,57,2026-02-02 23:42:40.543558
RTM1C49,0.34,0.34,0.35,1000000.0,54.0,1000000.0,,57,2026-02-02 23:42:40.543558
RTM1P49,1.67,1.66,1.68,1000000.0,,1000000.0,,57,2026-02-02 23:42:40.543558
RTM1C50,0.14,0.13,0.14,1000000.0,,1000000.0,42.0,57,2026-02-02 23:42:40.543558
RTM1P50,2.46,2.46,2.48,1000000.0,,1000000.0,,57,2026-02-02 23:42:40.543558
RTM1C51,0.07,0.06,0.08,1000000.0,,1000000.0,,57,2026-02-02 23:42:40.543558
RTM1P51,3.39,3.38,3.4,1000000.0,,1000000.0,,57,2026-02-02 23:42:40.543558
RTM1C52,0.02,0.01,0.03,1000000.0,,1000000.0,,57,2026-02-02 23:42:40.543558
RTM1P52,4.34,4.33,4.35,1000000.0,,1000000.0,,57,2026-02-02 23:42:40.543558
RTM1C53,0.02,0.01,0.03,1000000.0,,1000000.0,,57,2026-02-02 23:42:40.543558
RTM1P53,5.33,5.32,5.34,1000000.0,,1000000.0,,57,2026-02-02 23:42:40.543558
RTM1C54,0.02,0.01,0.03,1000000.0,,1000000.0,,57,2026-02-02 23:42:40.543558
RTM1P54,6.33,6.32,6.34,1000000.0,,1000000.0,,57,2026-02-02 23:42:40.543558
RTM,47.74,47.73,47.75,100000000.0,10000.0,100000000.0,0,58,2026-02-02 23:42:41.594145
RTM1C45,2.83,2.82,2.84,1000000.0,,1000000.0,0,58,2026-02-02 23:42:41.594145
RTM1P45,0.09,0.08,0.1,1000000.0,,1000000.0,0,58,2026-02-02 23:42:41.594145
RTM1C46,1.95,1.94,1.96,1000000.0,,1000000.0,0,58,2026-02-02 23:42:41.594145
RTM1P46,0.2,0.19,0.21,1000000.0,,1000000.0,0,58,2026-02-02 23:42:41.594145
RTM1C47,1.24,1.23,1.25,1000000.0,,1000000.0,0,58,2026-02-02 23:42:41.594145
RTM1P47,0.5,0.49,0.51,1000000.0,,1000000.0,0,58,2026-02-02 23:42:41.594145
RTM1C48,0.75,0.74,0.76,1000000.0,,1000000.0,0,58,2026-02-02 23:42:41.594145
RTM1P48,1.01,1.0,1.02,1000000.0,,1000000.0,0,58,2026-02-02 23:42:41.594145
RTM1C49,0.38,0.37,0.39,1000000.0,,1000000.0,0,58,2026-02-02 23:42:41.594145
RTM1P49,1.64,1.62,1.64,1000000.0,,1000000.0,0,58,2026-02-02 23:42:41.594145
RTM1C50,0.18,0.16,0.18,1000000.0,,1000000.0,0,58,2026-02-02 23:42:41.594145
RTM1P50,2.43,2.42,2.44,1000000.0,,1000000.0,0,58,2026-02-02 23:42:41.594145
RTM1C51,0.05,0.04,0.06,1000000.0,,1000000.0,0,58,2026-02-02 23:42:41.594145
RTM1P51,3.31,3.3,3.32,1000000.0,,1000000.0,0,58,2026-02-02 23:42:41.594145
RTM1C52,0.02,0.01,0.03,1000000.0,,1000000.0,0,58,2026-02-02 23:42:41.594145
RTM1P52,4.27,4.26,4.28,1000000.0,,1000000.0,0,58,2026-02-02 23:42:41.594145
RTM1C53,0.02,0.01,0.03,1000000.0,,1000000.0,0,58,2026-02-02 23:42:41.594145
RTM1P53,5.26,5.25,5.27,1000000.0,,1000000.0,0,58,2026-02-02 23:42:41.594145
RTM1C54,0.02,0.01,0.03,1000000.0,,1000000.0,0,58,2026-02-02 23:42:41.594145
RTM1P54,6.26,6.25,6.27,1000000.0,,1000000.0,0,58,2026-02-02 23:42:41.594145
RTM,47.74,47.74,47.75,13339.0,100000000.0,100000000.0,0,59,2026-02-02 23:42:42.636916
RTM1C45,2.83,2.82,2.84,,1000000.0,1000000.0,0,59,2026-02-02 23:42:42.636916
RTM1P45,0.08,0.07,0.09,,1000000.0,1000000.0,0,59,2026-02-02 23:42:42.636916
RTM1C46,1.98,1.97,1.99,,1000000.0,1000000.0,0,59,2026-02-02 23:42:42.636916
RTM1P46,0.24,0.23,0.25,,1000000.0,1000000.0,0,59,2026-02-02 23:42:42.636916
RTM1C47,1.26,1.25,1.27,,1000000.0,1000000.0,0,59,2026-02-02 23:42:42.636916
RTM1P47,0.52,0.51,0.53,,1000000.0,1000000.0,0,59,2026-02-02 23:42:42.636916
RTM1C48,0.7,0.68,0.7,,1000000.0,1000000.0,0,59,2026-02-02 23:42:42.636916
RTM1P48,0.95,0.94,0.96,,1000000.0,1000000.0,0,59,2026-02-02 23:42:42.636916
RTM1C49,0.34,0.33,0.35,,1000000.0,1000000.0,0,59,2026-02-02 23:42:42.636916
RTM1P49,1.6,1.59,1.61,,1000000.0,1000000.0,0,59,2026-02-02 23:42:42.636916
RTM1C50,0.16,0.15,0.17,,1000000.0,1000000.0,0,59,2026-02-02 23:42:42.636916
RTM1P50,2.42,2.41,2.43,,1000000.0,1000000.0,0,59,2026-02-02 23:42:42.636916
RTM1C51,0.06,0.05,0.07,,1000000.0,1000000.0,0,59,2026-02-02 23:42:42.636916
RTM1P51,3.32,3.31,3.33,,1000000.0,1000000.0,0,59,2026-02-02 23:42:42.636916
RTM1C52,0.02,0.01,0.03,,1000000.0,1000000.0,0,59,2026-02-02 23:42:42.636916
RTM1P52,4.28,4.27,4.29,,1000000.0,1000000.0,0,59,2026-02-02 23:42:42.636916
RTM1C53,0.02,0.01,0.03,,1000000.0,1000000.0,0,59,2026-02-02 23:42:42.636916
RTM1P53,5.27,5.26,5.28,,1000000.0,1000000.0,0,59,2026-02-02 23:42:42.636916
RTM1C54,0.02,0.01,0.03,,1000000.0,1000000.0,0,59,2026-02-02 23:42:42.636916
RTM1P54,6.26,6.25,6.27,,1000000.0,1000000.0,0,59,2026-02-02 23:42:42.636916
RTM,48.04,48.03,48.05,100000000.0,10000.0,100000000.0,,60,2026-02-02 23:42:43.694911
RTM1C45,3.11,3.1,3.12,1000000.0,,1000000.0,,60,2026-02-02 23:42:43.694911
RTM1P45,0.07,0.06,0.08,1000000.0,,1000000.0,,60,2026-02-02 23:42:43.694911
RTM1C46,2.2,2.19,2.21,1000000.0,,1000000.0,,60,2026-02-02 23:42:43.694911
RTM1P46,0.15,0.14,0.16,1000000.0,,1000000.0,,60,2026-02-02 23:42:43.694911
RTM1C47,1.43,1.42,1.44,1000000.0,,1000000.0,,60,2026-02-02 23:42:43.694911
RTM1P47,0.39,0.38,0.4,1000000.0,,1000000.0,,60,2026-02-02 23:42:43.694911
RTM1C48,0.88,0.87,0.89,1000000.0,,1000000.0,,60,2026-02-02 23:42:43.694911
RTM1P48,0.84,0.83,0.85,1000000.0,,1000000.0,,60,2026-02-02 23:42:43.694911
RTM1C49,0.43,0.42,0.44,1000000.0,,1000000.0,,60,2026-02-02 23:42:43.694911
RTM1P49,1.39,1.38,1.4,1000000.0,,1000000.0,,60,2026-02-02 23:42:43.694911
RTM1C50,0.2,0.2,0.22,1000000.0,,1000000.0,,60,2026-02-02 23:42:43.694911
RTM1P50,2.17,2.16,2.18,1000000.0,,1000000.0,100.0,60,2026-02-02 23:42:43.694911
RTM1C51,0.08,0.07,0.09,1000000.0,,1000000.0,,60,2026-02-02 23:42:43.694911
RTM1P51,3.04,3.03,3.05,1000000.0,,1000000.0,,60,2026-02-02 23:42:43.694911
RTM1C52,0.03,0.02,0.04,1000000.0,,1000000.0,,60,2026-02-02 23:42:43.694911
RTM1P52,3.99,3.98,4.0,1000000.0,,1000000.0,,60,2026-02-02 23:42:43.694911
RTM1C53,0.02,0.01,0.03,1000000.0,,1000000.0,,60,2026-02-02 23:42:43.694911
RTM1P53,4.97,4.96,4.98,1000000.0,,1000000.0,,60,2026-02-02 23:42:43.694911
RTM1C54,0.02,0.01,0.03,1000000.0,,1000000.0,,60,2026-02-02 23:42:43.694911
RTM1P54,5.96,5.95,5.97,1000000.0,,1000000.0,,60,2026-02-02 23:42:43.694911
RTM,48.04,48.02,48.04,100000000.0,100000000.0,,0,61,2026-02-02 23:42:44.753104
RTM1C45,3.08,3.07,3.09,1000000.0,1000000.0,,0,61,2026-02-02 23:42:44.753104
RTM1P45,0.06,0.05,0.07,1000000.0,1000000.0,,0,61,2026-02-02 23:42:44.753104
RTM1C46,2.2,2.19,2.21,1000000.0,1000000.0,,0,61,2026-02-02 23:42:44.753104
RTM1P46,0.17,0.16,0.18,1000000.0,1000000.0,,0,61,2026-02-02 23:42:44.753104
RTM1C47,1.45,1.45,1.47,1000000.0,1000000.0,,0,61,2026-02-02 23:42:44.753104
RTM1P47,0.43,0.43,0.45,1000000.0,1000000.0,,0,61,2026-02-02 23:42:44.753104
RTM1C48,0.85,0.84,0.86,1000000.0,1000000.0,,0,61,2026-02-02 23:42:44.753104
RTM1P48,0.83,0.82,0.84,1000000.0,1000000.0,,0,61,2026-02-02 23:42:44.753104
RTM1C49,0.43,0.42,0.44,1000000.0,1000000.0,,0,61,2026-02-02 23:42:44.753104
RTM1P49,1.41,1.4,1.42,1000000.0,1000000.0,,0,61,2026-02-02 23:42:44.753104
RTM1C50,0.23,0.21,0.23,1000000.0,1000000.0,,0,61,2026-02-02 23:42:44.753104
RTM1P50,2.19,2.18,2.2,1000000.0,1000000.0,100.0,0,61,2026-02-02 23:42:44.753104
RTM1C51,0.08,0.07,0.09,1000000.0,1000000.0,,0,61,2026-02-02 23:42:44.753104
RTM1P51,3.05,3.04,3.06,1000000.0,1000000.0,,0,61,2026-02-02 23:42:44.753104
RTM1C52,0.03,0.02,0.04,1000000.0,1000000.0,,0,61,2026-02-02 23:42:44.753104
RTM1P52,4.0,3.99,4.01,1000000.0,1000000.0,,0,61,2026-02-02 23:42:44.753104
RTM1C53,0.02,0.01,0.03,1000000.0,1000000.0,,0,61,2026-02-02 23:42:44.753104
RTM1P53,4.98,4.97,4.99,1000000.0,1000000.0,,0,61,2026-02-02 23:42:44.753104
RTM1C54,0.02,0.01,0.03,1000000.0,1000000.0,,0,61,2026-02-02 23:42:44.753104
RTM1P54,5.98,5.97,5.99,1000000.0,1000000.0,,0,61,2026-02-02 23:42:44.753104
RTM,48.11,48.1,48.12,100000000.0,10000.0,100000000.0,0,62,2026-02-02 23:42:45.817366
RTM1C45,3.16,3.15,3.17,1000000.0,,1000000.0,0,62,2026-02-02 23:42:45.817366
RTM1P45,0.05,0.04,0.06,1000000.0,,1000000.0,0,62,2026-02-02 23:42:45.817366
RTM1C46,2.27,2.26,2.28,1000000.0,,1000000.0,0,62,2026-02-02 23:42:45.817366
RTM1P46,0.16,0.15,0.17,1000000.0,,1000000.0,0,62,2026-02-02 23:42:45.817366
RTM1C47,1.48,1.47,1.49,1000000.0,,1000000.0,0,62,2026-02-02 23:42:45.817366
RTM1P47,0.37,0.36,0.38,1000000.0,,1000000.0,0,62,2026-02-02 23:42:45.817366
RTM1C48,0.91,0.9,0.92,1000000.0,,1000000.0,0,62,2026-02-02 23:42:45.817366
RTM1P48,0.8,0.79,0.81,1000000.0,,1000000.0,0,62,2026-02-02 23:42:45.817366
RTM1C49,0.46,0.45,0.47,1000000.0,,1000000.0,0,62,2026-02-02 23:42:45.817366
RTM1P49,1.35,1.34,1.36,1000000.0,,1000000.0,0,62,2026-02-02 23:42:45.817366
RTM1C50,0.22,0.21,0.23,1000000.0,,1000000.0,0,62,2026-02-02 23:42:45.817366
RTM1P50,2.11,2.1,2.12,1000000.0,,1000000.0,0,62,2026-02-02 23:42:45.817366
RTM1C51,0.09,0.08,0.1,1000000.0,,1000000.0,0,62,2026-02-02 23:42:45.817366
RTM1P51,2.98,2.97,2.99,1000000.0,,1000000.0,0,62,2026-02-02 23:42:45.817366
