ticker,last_price,bid_price,ask_price,BUY_ANON,SELL_ANON,BUY_DUBL-1,SELL_GIOT-1,BUY_UEBR-3,SELL_UEBR-2,BUY_GIOT-1,BUY_UEBR-2,SELL_DUBL-1,BUY_UBCT-2,SELL_UBCT-2,SELL_UEBR-3,tick,timestamp,news_news_id,news_period,news_tick,news_ticker,news_headline,news_body
RTM,49.58,49.57,49.59,100000000.0,100000000.0,0,0,0,0,0,0,0,0,0,0,2,2026-02-05 12:02:19.770539,2.0,1.0,1.0,Week 1,Delta limit and penalty,The delta limit for this sub-heat is 8000 and the penalty percentage is 3%
RTM1C45,4.74,4.73,4.75,1000000.0,1000000.0,0,0,0,0,0,0,0,0,0,0,2,2026-02-05 12:02:19.770539,1.0,1.0,1.0,Week 1,Risk free rate and current annualized volatility of RTM,The current risk free rate is 0%. RTM is an ETF that mimics one of the major indices in the simulated world and its current annualized realized volatility is 33%. This simulation consists of 20 trading days that are each 15 ticks in length.
RTM1P45,0.16,0.15,0.17,1000000.0,1000000.0,0,0,0,0,0,0,0,0,0,0,2,2026-02-05 12:02:19.770539,,,,,,
RTM1C46,3.78,3.77,3.79,1000000.0,1000000.0,0,0,0,0,0,0,0,0,0,0,2,2026-02-05 12:02:19.770539,,,,,,
RTM1P46,0.2,0.19,0.21,1000000.0,1000000.0,0,0,0,0,0,0,0,0,0,0,2,2026-02-05 12:02:19.770539,,,,,,
RTM1C47,2.96,2.95,2.97,1000000.0,1000000.0,0,0,0,0,0,0,0,0,0,0,2,2026-02-05 12:02:19.770539,,,,,,
RTM1P47,0.38,0.37,0.39,1000000.0,1000000.0,0,0,0,0,0,0,0,0,0,0,2,2026-02-05 12:02:19.770539,,,,,,
RTM1C48,2.11,2.1,2.12,1000000.0,1000000.0,0,0,0,0,0,0,0,0,0,0,2,2026-02-05 12:02:19.770539,,,,,,
RTM1P48,0.53,0.52,0.54,1000000.0,1000000.0,0,0,0,0,0,0,0,0,0,0,2,2026-02-05 12:02:19.770539,,,,,,
RTM1C49,1.48,1.47,1.49,1000000.0,1000000.0,0,0,0,0,0,0,0,0,0,0,2,2026-02-05 12:02:19.770539,,,,,,
RTM1P49,0.9,0.89,0.91,1000000.0,1000000.0,0,0,0,0,0,0,0,0,0,0,2,2026-02-05 12:02:19.770539,,,,,,
RTM1C50,1.21,1.2,1.22,1000000.0,1000000.0,0,0,0,0,0,0,0,0,0,0,2,2026-02-05 12:02:19.770539,,,,,,
RTM1P50,1.63,1.62,1.64,1000000.0,1000000.0,0,0,0,0,0,0,0,0,0,0,2,2026-02-05 12:02:19.770539,,,,,,
RTM1C51,0.91,0.9,0.92,1000000.0,1000000.0,0,0,0,0,0,0,0,0,0,0,2,2026-02-05 12:02:19.770539,,,,,,
RTM1P51,2.33,2.32,2.34,1000000.0,1000000.0,0,0,0,0,0,0,0,0,0,0,2,2026-02-05 12:02:19.770539,,,,,,
RTM1C52,0.51,0.5,0.52,1000000.0,1000000.0,0,0,0,0,0,0,0,0,0,0,2,2026-02-05 12:02:19.770539,,,,,,
RTM1P52,2.93,2.92,2.94,1000000.0,1000000.0,0,0,0,0,0,0,0,0,0,0,2,2026-02-05 12:02:19.770539,,,,,,
RTM1C53,0.35,0.34,0.36,1000000.0,1000000.0,0,0,0,0,0,0,0,0,0,0,2,2026-02-05 12:02:19.770539,,,,,,
RTM1P53,3.77,3.76,3.78,1000000.0,1000000.0,0,0,0,0,0,0,0,0,0,0,2,2026-02-05 12:02:19.770539,,,,,,
RTM1C54,0.17,0.16,0.18,1000000.0,1000000.0,0,0,0,0,0,0,0,0,0,0,2,2026-02-05 12:02:19.770539,,,,,,
RTM1P54,4.59,4.58,4.6,1000000.0,1000000.0,0,0,0,0,0,0,0,0,0,0,2,2026-02-05 12:02:19.770539,,,,,,
RTM,49.48,49.47,49.49,100000000.0,100000000.0,0,0,0,0,0,0,0,0,0,0,3,2026-02-05 12:02:20.870587
RTM1C45,4.65,4.64,4.66,1000000.0,1000000.0,0,0,0,0,0,0,0,0,0,0,3,2026-02-05 12:02:20.870587
RTM1P45,0.17,0.16,0.18,1000000.0,1000000.0,0,0,0,0,0,0,0,0,0,0,3,2026-02-05 12:02:20.870587
RTM1C46,3.68,3.67,3.69,1000000.0,1000000.0,0,0,0,0,0,0,0,0,0,0,3,2026-02-05 12:02:20.870587
RTM1P46,0.2,0.19,0.21,1000000.0,1000000.0,0,0,0,0,0,0,0,0,0,0,3,2026-02-05 12:02:20.870587
RTM1C47,2.9,2.89,2.91,1000000.0,1000000.0,0,0,0,0,0,0,0,0,0,0,3,2026-02-05 12:02:20.870587
RTM1P47,0.42,0.41,0.43,1000000.0,1000000.0,0,0,0,0,0,0,0,0,0,0,3,2026-02-05 12:02:20.870587
RTM1C48,2.09,2.08,2.1,1000000.0,1000000.0,0,0,0,0,0,0,0,0,0,0,3,2026-02-05 12:02:20.870587
RTM1P48,0.61,0.6,0.62,1000000.0,1000000.0,0,0,0,0,0,0,0,0,0,0,3,2026-02-05 12:02:20.870587
RTM1C49,1.46,1.45,1.47,1000000.0,1000000.0,0,0,0,0,0,0,0,0,0,0,3,2026-02-05 12:02:20.870587
RTM1P49,0.98,0.97,0.99,1000000.0,1000000.0,0,0,0,0,0,0,0,0,0,0,3,2026-02-05 12:02:20.870587
RTM1C50,1.07,1.06,1.08,1000000.0,1000000.0,0,0,0,0,0,0,0,0,0,0,3,2026-02-05 12:02:20.870587
RTM1P50,1.59,1.58,1.6,1000000.0,1000000.0,0,0,0,0,0,0,0,0,0,0,3,2026-02-05 12:02:20.870587
RTM1C51,0.83,0.82,0.84,1000000.0,1000000.0,0,0,0,0,0,0,0,0,0,0,3,2026-02-05 12:02:20.870587
RTM1P51,2.35,2.34,2.36,1000000.0,1000000.0,0,0,0,0,0,0,0,0,0,0,3,2026-02-05 12:02:20.870587
RTM1C52,0.38,0.37,0.39,1000000.0,1000000.0,0,0,0,0,0,0,0,0,0,0,3,2026-02-05 12:02:20.870587
RTM1P52,2.9,2.89,2.91,1000000.0,1000000.0,0,0,0,0,0,0,0,0,0,0,3,2026-02-05 12:02:20.870587
RTM1C53,0.21,0.2,0.22,1000000.0,1000000.0,0,0,0,0,0,0,0,0,0,0,3,2026-02-05 12:02:20.870587
RTM1P53,3.73,3.72,3.74,1000000.0,1000000.0,0,0,0,0,0,0,0,0,0,0,3,2026-02-05 12:02:20.870587
RTM1C54,0.12,0.11,0.13,1000000.0,1000000.0,0,0,0,0,0,0,0,0,0,0,3,2026-02-05 12:02:20.870587
RTM1P54,4.64,4.63,4.65,1000000.0,1000000.0,0,0,0,0,0,0,0,0,0,0,3,2026-02-05 12:02:20.870587
RTM,49.49,49.48,49.5,100000000.0,100000000.0,0,0,0,0,0,0,0,0,0,0,4,2026-02-05 12:02:21.932662
RTM1C45,4.59,4.58,4.6,1000000.0,1000000.0,0,0,0,0,0,0,0,0,0,0,4,2026-02-05 12:02:21.932662
RTM1P45,0.1,0.09,0.11,1000000.0,1000000.0,0,0,0,0,0,0,0,0,0,0,4,2026-02-05 12:02:21.932662
RTM1C46,3.82,3.81,3.83,1000000.0,1000000.0,0,0,0,0,0,0,0,0,0,0,4,2026-02-05 12:02:21.932662
RTM1P46,0.34,0.33,0.35,1000000.0,1000000.0,0,0,0,0,0,0,0,0,0,0,4,2026-02-05 12:02:21.932662
RTM1C47,2.89,2.88,2.9,1000000.0,1000000.0,0,0,0,0,0,0,0,0,0,0,4,2026-02-05 12:02:21.932662
RTM1P47,0.4,0.39,0.41,1000000.0,1000000.0,0,0,0,0,0,0,0,0,0,0,4,2026-02-05 12:02:21.932662
RTM1C48,2.17,2.16,2.18,1000000.0,1000000.0,0,0,0,0,0,0,0,0,0,0,4,2026-02-05 12:02:21.932662
RTM1P48,0.68,0.67,0.69,1000000.0,1000000.0,0,0,0,0,0,0,0,0,0,0,4,2026-02-05 12:02:21.932662
RTM1C49,1.6,1.59,1.61,1000000.0,1000000.0,0,0,0,0,0,0,0,0,0,0,4,2026-02-05 12:02:21.932662
RTM1P49,1.11,1.1,1.12,1000000.0,1000000.0,0,0,0,0,0,0,0,0,0,0,4,2026-02-05 12:02:21.932662
RTM1C50,1.15,1.14,1.16,1000000.0,1000000.0,0,0,0,0,0,0,0,0,0,0,4,2026-02-05 12:02:21.932662
RTM1P50,1.66,1.65,1.67,1000000.0,1000000.0,0,0,0,0,0,0,0,0,0,0,4,2026-02-05 12:02:21.932662
RTM1C51,0.87,0.86,0.88,1000000.0,1000000.0,0,0,0,0,0,0,0,0,0,0,4,2026-02-05 12:02:21.932662
RTM1P51,2.38,2.37,2.39,1000000.0,1000000.0,0,0,0,0,0,0,0,0,0,0,4,2026-02-05 12:02:21.932662
RTM1C52,0.53,0.52,0.54,1000000.0,1000000.0,0,0,0,0,0,0,0,0,0,0,4,2026-02-05 12:02:21.932662
RTM1P52,3.04,3.03,3.05,1000000.0,1000000.0,0,0,0,0,0,0,0,0,0,0,4,2026-02-05 12:02:21.932662
RTM1C53,0.33,0.32,0.34,1000000.0,1000000.0,0,0,0,0,0,0,0,0,0,0,4,2026-02-05 12:02:21.932662
RTM1P53,3.85,3.84,3.86,1000000.0,1000000.0,0,0,0,0,0,0,0,0,0,0,4,2026-02-05 12:02:21.932662
RTM1C54,0.14,0.13,0.15,1000000.0,1000000.0,0,0,0,0,0,0,0,0,0,0,4,2026-02-05 12:02:21.932662
RTM1P54,4.65,4.64,4.66,1000000.0,1000000.0,0,0,0,0,0,0,0,0,0,0,4,2026-02-05 12:02:21.932662
RTM,48.95,48.94,48.96,100000000.0,100000000.0,0,0,0,0,0,0,0,0,0,0,5,2026-02-05 12:02:23.007135
RTM1C45,4.17,4.16,4.18,1000000.0,1000000.0,0,0,0,0,0,0,0,0,0,0,5,2026-02-05 12:02:23.007135
RTM1P45,0.22,0.21,0.23,1000000.0,1000000.0,0,0,0,0,0,0,0,0,0,0,5,2026-02-05 12:02:23.007135
RTM1C46,3.19,3.18,3.2,1000000.0,1000000.0,0,0,0,0,0,0,0,0,0,0,5,2026-02-05 12:02:23.007135
RTM1P46,0.24,0.23,0.25,1000000.0,1000000.0,0,0,0,0,0,0,0,0,0,0,5,2026-02-05 12:02:23.007135
RTM1C47,2.46,2.45,2.47,1000000.0,1000000.0,0,0,0,0,0,0,0,0,0,0,5,2026-02-05 12:02:23.007135
RTM1P47,0.5,0.49,0.51,1000000.0,1000000.0,0,0,0,0,0,0,0,0,0,0,5,2026-02-05 12:02:23.007135
RTM1C48,1.79,1.78,1.8,1000000.0,1000000.0,0,0,0,0,0,0,0,0,0,0,5,2026-02-05 12:02:23.007135
RTM1P48,0.84,0.83,0.85,1000000.0,1000000.0,0,0,0,0,0,0,0,0,0,0,5,2026-02-05 12:02:23.007135
RTM1C49,1.15,1.14,1.16,1000000.0,1000000.0,0,0,0,0,0,0,0,0,0,0,5,2026-02-05 12:02:23.007135
RTM1P49,1.19,1.18,1.2,1000000.0,1000000.0,0,0,0,0,0,0,0,0,0,0,5,2026-02-05 12:02:23.007135
RTM1C50,0.89,0.88,0.9,1000000.0,1000000.0,0,0,0,0,0,0,0,0,0,0,5,2026-02-05 12:02:23.007135
RTM1P50,1.94,1.93,1.95,1000000.0,1000000.0,0,0,0,0,0,0,0,0,0,0,5,2026-02-05 12:02:23.007135
RTM1C51,0.47,0.46,0.48,1000000.0,1000000.0,0,0,0,0,0,0,0,0,0,0,5,2026-02-05 12:02:23.007135
RTM1P51,2.51,2.5,2.52,1000000.0,1000000.0,0,0,0,0,0,0,0,0,0,0,5,2026-02-05 12:02:23.007135
RTM1C52,0.37,0.36,0.38,1000000.0,1000000.0,0,0,0,0,0,0,0,0,0,0,5,2026-02-05 12:02:23.007135
RTM1P52,3.42,3.41,3.43,1000000.0,1000000.0,0,0,0,0,0,0,0,0,0,0,5,2026-02-05 12:02:23.007135
RTM1C53,0.14,0.13,0.15,1000000.0,1000000.0,0,0,0,0,0,0,0,0,0,0,5,2026-02-05 12:02:23.007135
RTM1P53,4.19,4.18,4.2,1000000.0,1000000.0,0,0,0,0,0,0,0,0,0,0,5,2026-02-05 12:02:23.007135
RTM1C54,0.19,0.18,0.2,1000000.0,1000000.0,0,0,0,0,0,0,0,0,0,0,5,2026-02-05 12:02:23.007135
RTM1P54,5.24,5.23,5.25,1000000.0,1000000.0,0,0,0,0,0,0,0,0,0,0,5,2026-02-05 12:02:23.007135
RTM,49.02,49.01,49.03,100000000.0,100000000.0,0,0,0,0,0,0,0,0,0,0,6,2026-02-05 12:02:24.087852
RTM1C45,4.23,4.22,4.24,1000000.0,1000000.0,0,0,0,0,0,0,0,0,0,0,6,2026-02-05 12:02:24.087852
RTM1P45,0.21,0.2,0.22,1000000.0,1000000.0,0,0,0,0,0,0,0,0,0,0,6,2026-02-05 12:02:24.087852
RTM1C46,3.31,3.3,3.32,1000000.0,1000000.0,0,0,0,0,0,0,0,0,0,0,6,2026-02-05 12:02:24.087852
RTM1P46,0.29,0.28,0.3,1000000.0,1000000.0,0,0,0,0,0,0,0,0,0,0,6,2026-02-05 12:02:24.087852
RTM1C47,2.68,2.67,2.69,1000000.0,1000000.0,0,0,0,0,0,0,0,0,0,0,6,2026-02-05 12:02:24.087852
RTM1P47,0.66,0.65,0.67,1000000.0,1000000.0,0,0,0,0,0,0,0,0,0,0,6,2026-02-05 12:02:24.087852
RTM1C48,1.76,1.75,1.77,1000000.0,1000000.0,0,0,0,0,0,0,0,0,0,0,6,2026-02-05 12:02:24.087852
RTM1P48,0.74,0.73,0.75,1000000.0,1000000.0,0,0,0,0,0,0,0,0,0,0,6,2026-02-05 12:02:24.087852
RTM1C49,1.34,1.33,1.35,1000000.0,1000000.0,0,0,0,0,0,0,0,0,0,0,6,2026-02-05 12:02:24.087852
RTM1P49,1.32,1.31,1.33,1000000.0,1000000.0,0,0,0,0,0,0,0,0,0,0,6,2026-02-05 12:02:24.087852
RTM1C50,1.01,1.0,1.02,1000000.0,1000000.0,0,0,0,0,0,0,0,0,0,0,6,2026-02-05 12:02:24.087852
RTM1P50,1.99,1.98,2.0,1000000.0,1000000.0,0,0,0,0,0,0,0,0,0,0,6,2026-02-05 12:02:24.087852
RTM1C51,0.62,0.61,0.63,1000000.0,1000000.0,0,0,0,0,0,0,0,0,0,0,6,2026-02-05 12:02:24.087852
RTM1P51,2.6,2.59,2.61,1000000.0,1000000.0,0,0,0,0,0,0,0,0,0,0,6,2026-02-05 12:02:24.087852
RTM1C52,0.49,0.48,0.5,1000000.0,1000000.0,0,0,0,0,0,0,0,0,0,0,6,2026-02-05 12:02:24.087852
RTM1P52,3.47,3.46,3.48,1000000.0,1000000.0,0,0,0,0,0,0,0,0,0,0,6,2026-02-05 12:02:24.087852
RTM1C53,0.24,0.23,0.25,1000000.0,1000000.0,0,0,0,0,0,0,0,0,0,0,6,2026-02-05 12:02:24.087852
RTM1P53,4.22,4.21,4.23,1000000.0,1000000.0,0,0,0,0,0,0,0,0,0,0,6,2026-02-05 12:02:24.087852
RTM1C54,0.13,0.12,0.14,1000000.0,1000000.0,0,0,0,0,0,0,0,0,0,0,6,2026-02-05 12:02:24.087852
RTM1P54,5.11,5.1,5.12,1000000.0,1000000.0,0,0,0,0,0,0,0,0,0,0,6,2026-02-05 12:02:24.087852
RTM,49.12,49.11,49.13,100000000.0,100000000.0,0,0,0,0,0,0,0,0,0,0,7,2026-02-05 12:02:24.665389
RTM1C45,4.3,4.29,4.31,1000000.0,1000000.0,0,0,0,0,0,0,0,0,0,0,7,2026-02-05 12:02:24.665389
RTM1P45,0.18,0.17,0.19,1000000.0,1000000.0,0,0,0,0,0,0,0,0,0,0,7,2026-02-05 12:02:24.665389
RTM1C46,3.48,3.47,3.49,1000000.0,1000000.0,0,0,0,0,0,0,0,0,0,0,7,2026-02-05 12:02:24.665389
RTM1P46,0.35,0.34,0.36,1000000.0,1000000.0,0,0,0,0,0,0,0,0,0,0,7,2026-02-05 12:02:24.665389
RTM1C47,2.61,2.6,2.62,1000000.0,1000000.0,0,0,0,0,0,0,0,0,0,0,7,2026-02-05 12:02:24.665389
RTM1P47,0.49,0.48,0.5,1000000.0,1000000.0,0,0,0,0,0,0,0,0,0,0,7,2026-02-05 12:02:24.665389
RTM1C48,2.11,2.1,2.12,1000000.0,1000000.0,0,0,0,0,0,0,0,0,0,0,7,2026-02-05 12:02:24.665389
RTM1P48,0.99,0.98,1.0,1000000.0,1000000.0,0,0,0,0,0,0,0,0,0,0,7,2026-02-05 12:02:24.665389
RTM1C49,1.47,1.46,1.48,1000000.0,1000000.0,0,0,0,0,0,0,0,0,0,0,7,2026-02-05 12:02:24.665389
RTM1P49,1.34,1.33,1.35,1000000.0,1000000.0,0,0,0,0,0,0,0,0,0,0,7,2026-02-05 12:02:24.665389
RTM1C50,0.9,0.89,0.91,1000000.0,1000000.0,0,0,0,0,0,0,0,0,0,0,7,2026-02-05 12:02:24.665389
RTM1P50,1.77,1.76,1.78,1000000.0,1000000.0,0,0,0,0,0,0,0,0,0,0,7,2026-02-05 12:02:24.665389
RTM1C51,0.67,0.66,0.68,1000000.0,1000000.0,0,0,0,0,0,0,0,0,0,0,7,2026-02-05 12:02:24.665389
RTM1P51,2.55,2.54,2.56,1000000.0,1000000.0,0,0,0,0,0,0,0,0,0,0,7,2026-02-05 12:02:24.665389
RTM1C52,0.52,0.51,0.53,1000000.0,1000000.0,0,0,0,0,0,0,0,0,0,0,7,2026-02-05 12:02:24.665389
RTM1P52,3.39,3.38,3.4,1000000.0,1000000.0,0,0,0,0,0,0,0,0,0,0,7,2026-02-05 12:02:24.665389
RTM1C53,0.32,0.31,0.33,1000000.0,1000000.0,0,0,0,0,0,0,0,0,0,0,7,2026-02-05 12:02:24.665389
RTM1P53,4.2,4.19,4.21,1000000.0,1000000.0,0,0,0,0,0,0,0,0,0,0,7,2026-02-05 12:02:24.665389
RTM1C54,0.13,0.12,0.14,1000000.0,1000000.0,0,0,0,0,0,0,0,0,0,0,7,2026-02-05 12:02:24.665389
RTM1P54,5.01,5.0,5.02,1000000.0,1000000.0,0,0,0,0,0,0,0,0,0,0,7,2026-02-05 12:02:24.665389
RTM,49.38,49.37,49.39,100000000.0,100000000.0,0,0,0,0,0,0,0,0,0,0,8,2026-02-05 12:02:25.781847
RTM1C45,4.55,4.54,4.56,1000000.0,1000000.0,0,0,0,0,0,0,0,0,0,0,8,2026-02-05 12:02:25.781847
RTM1P45,0.18,0.17,0.19,1000000.0,1000000.0,0,0,0,0,0,0,0,0,0,0,8,2026-02-05 12:02:25.781847
RTM1C46,3.57,3.56,3.58,1000000.0,1000000.0,0,0,0,0,0,0,0,0,0,0,8,2026-02-05 12:02:25.781847
RTM1P46,0.2,0.19,0.21,1000000.0,1000000.0,0,0,0,0,0,0,0,0,0,0,8,2026-02-05 12:02:25.781847
RTM1C47,2.78,2.77,2.79,1000000.0,1000000.0,0,0,0,0,0,0,0,0,0,0,8,2026-02-05 12:02:25.781847
RTM1P47,0.4,0.39,0.41,1000000.0,1000000.0,0,0,0,0,0,0,0,0,0,0,8,2026-02-05 12:02:25.781847
RTM1C48,2.13,2.12,2.14,1000000.0,1000000.0,0,0,0,0,0,0,0,0,0,0,8,2026-02-05 12:02:25.781847
RTM1P48,0.76,0.75,0.77,1000000.0,1000000.0,0,0,0,0,0,0,0,0,0,0,8,2026-02-05 12:02:25.781847
RTM1C49,1.61,1.6,1.62,1000000.0,1000000.0,0,0,0,0,0,0,0,0,0,0,8,2026-02-05 12:02:25.781847
RTM1P49,1.23,1.22,1.24,1000000.0,1000000.0,0,0,0,0,0,0,0,0,0,0,8,2026-02-05 12:02:25.781847
RTM1C50,1.07,1.06,1.08,1000000.0,1000000.0,0,0,0,0,0,0,0,0,0,0,8,2026-02-05 12:02:25.781847
RTM1P50,1.7,1.69,1.71,1000000.0,1000000.0,0,0,0,0,0,0,0,0,0,0,8,2026-02-05 12:02:25.781847
RTM1C51,0.83,0.82,0.84,1000000.0,1000000.0,0,0,0,0,0,0,0,0,0,0,8,2026-02-05 12:02:25.781847
RTM1P51,2.46,2.45,2.47,1000000.0,1000000.0,0,0,0,0,0,0,0,0,0,0,8,2026-02-05 12:02:25.781847
RTM1C52,0.58,0.57,0.59,1000000.0,1000000.0,0,0,0,0,0,0,0,0,0,0,8,2026-02-05 12:02:25.781847
RTM1P52,3.21,3.2,3.22,1000000.0,1000000.0,0,0,0,0,0,0,0,0,0,0,8,2026-02-05 12:02:25.781847
RTM1C53,0.29,0.28,0.3,1000000.0,1000000.0,0,0,0,0,0,0,0,0,0,0,8,2026-02-05 12:02:25.781847
RTM1P53,3.91,3.9,3.92,1000000.0,1000000.0,0,0,0,0,0,0,0,0,0,0,8,2026-02-05 12:02:25.781847
RTM1C54,0.18,0.17,0.19,1000000.0,1000000.0,0,0,0,0,0,0,0,0,0,0,8,2026-02-05 12:02:25.781847
RTM1P54,4.81,4.8,4.82,1000000.0,1000000.0,0,0,0,0,0,0,0,0,0,0,8,2026-02-05 12:02:25.781847
RTM,50.04,50.03,50.05,100000000.0,100000000.0,0,0,0,0,0,0,0,0,0,0,9,2026-02-05 12:02:26.923987
RTM1C45,5.13,5.12,5.14,1000000.0,1000000.0,0,0,0,0,0,0,0,0,0,0,9,2026-02-05 12:02:26.923987
RTM1P45,0.09,0.08,0.1,1000000.0,1000000.0,0,0,0,0,0,0,0,0,0,0,9,2026-02-05 12:02:26.923987
RTM1C46,4.16,4.15,4.17,1000000.0,1000000.0,0,0,0,0,0,0,0,0,0,0,9,2026-02-05 12:02:26.923987
RTM1P46,0.13,0.12,0.14,1000000.0,1000000.0,0,0,0,0,0,0,0,0,0,0,9,2026-02-05 12:02:26.923987
RTM1C47,3.32,3.31,3.33,1000000.0,1000000.0,0,0,0,0,0,0,0,0,0,0,9,2026-02-05 12:02:26.923987
RTM1P47,0.28,0.27,0.29,1000000.0,1000000.0,0,0,0,0,0,0,0,0,0,0,9,2026-02-05 12:02:26.923987
RTM1C48,2.65,2.64,2.66,1000000.0,1000000.0,0,0,0,0,0,0,0,0,0,0,9,2026-02-05 12:02:26.923987
RTM1P48,0.61,0.6,0.62,1000000.0,1000000.0,0,0,0,0,0,0,0,0,0,0,9,2026-02-05 12:02:26.923987
RTM1C49,2.08,2.07,2.09,1000000.0,1000000.0,0,0,0,0,0,0,0,0,0,0,9,2026-02-05 12:02:26.923987
RTM1P49,1.05,1.04,1.06,1000000.0,1000000.0,0,0,0,0,0,0,0,0,0,0,9,2026-02-05 12:02:26.923987
RTM1C50,1.27,1.26,1.28,1000000.0,1000000.0,0,0,0,0,0,0,0,0,0,0,9,2026-02-05 12:02:26.923987
RTM1P50,1.23,1.22,1.24,1000000.0,1000000.0,0,0,0,0,0,0,0,0,0,0,9,2026-02-05 12:02:26.923987
RTM1C51,0.95,0.94,0.96,1000000.0,1000000.0,0,0,0,0,0,0,0,0,0,0,9,2026-02-05 12:02:26.923987
RTM1P51,1.91,1.9,1.92,1000000.0,1000000.0,0,0,0,0,0,0,0,0,0,0,9,2026-02-05 12:02:26.923987
RTM1C52,0.62,0.61,0.63,1000000.0,1000000.0,0,0,0,0,0,0,0,0,0,0,9,2026-02-05 12:02:26.923987
RTM1P52,2.59,2.58,2.6,1000000.0,1000000.0,0,0,0,0,0,0,0,0,0,0,9,2026-02-05 12:02:26.923987
RTM1C53,0.46,0.45,0.47,1000000.0,1000000.0,0,0,0,0,0,0,0,0,0,0,9,2026-02-05 12:02:26.923987
RTM1P53,3.43,3.42,3.44,1000000.0,1000000.0,0,0,0,0,0,0,0,0,0,0,9,2026-02-05 12:02:26.923987
RTM1C54,0.17,0.16,0.18,1000000.0,1000000.0,0,0,0,0,0,0,0,0,0,0,9,2026-02-05 12:02:26.923987
RTM1P54,4.13,4.12,4.14,1000000.0,1000000.0,0,0,0,0,0,0,0,0,0,0,9,2026-02-05 12:02:26.923987
RTM,49.93,49.91,49.93,100000000.0,100000000.0,0,0,0,0,0,0,0,0,0,0,10,2026-02-05 12:02:28.034811
RTM1C45,5.06,5.05,5.07,1000000.0,1000000.0,0,0,0,0,0,0,0,0,0,0,10,2026-02-05 12:02:28.034811
RTM1P45,0.14,0.13,0.15,1000000.0,1000000.0,0,0,0,0,0,0,0,0,0,0,10,2026-02-05 12:02:28.034811
RTM1C46,4.09,4.08,4.1,1000000.0,1000000.0,0,0,0,0,0,0,0,0,0,0,10,2026-02-05 12:02:28.034811
RTM1P46,0.17,0.16,0.18,1000000.0,1000000.0,0,0,0,0,0,0,0,0,0,0,10,2026-02-05 12:02:28.034811
RTM1C47,3.25,3.24,3.26,1000000.0,1000000.0,0,0,0,0,0,0,0,0,0,0,10,2026-02-05 12:02:28.034811
RTM1P47,0.33,0.32,0.34,1000000.0,1000000.0,0,0,0,0,0,0,0,0,0,0,10,2026-02-05 12:02:28.034811
RTM1C48,2.6,2.59,2.61,1000000.0,1000000.0,0,0,0,0,0,0,0,0,0,0,10,2026-02-05 12:02:28.034811
RTM1P48,0.69,0.68,0.7,1000000.0,1000000.0,0,0,0,0,0,0,0,0,0,0,10,2026-02-05 12:02:28.034811
RTM1C49,1.85,1.84,1.86,1000000.0,1000000.0,0,0,0,0,0,0,0,0,0,0,10,2026-02-05 12:02:28.034811
RTM1P49,0.93,0.92,0.94,1000000.0,1000000.0,0,0,0,0,0,0,0,0,0,0,10,2026-02-05 12:02:28.034811
RTM1C50,1.25,1.24,1.26,1000000.0,1000000.0,0,0,0,0,0,0,0,0,0,0,10,2026-02-05 12:02:28.034811
RTM1P50,1.34,1.33,1.35,1000000.0,1000000.0,0,0,0,0,0,0,0,0,0,0,10,2026-02-05 12:02:28.034811
RTM1C51,1.06,1.05,1.07,1000000.0,1000000.0,0,0,0,0,0,0,0,0,0,0,10,2026-02-05 12:02:28.034811
RTM1P51,2.14,2.13,2.15,1000000.0,1000000.0,0,0,0,0,0,0,0,0,0,0,10,2026-02-05 12:02:28.034811
RTM1C52,0.74,0.73,0.75,1000000.0,1000000.0,0,0,0,0,0,0,0,0,0,0,10,2026-02-05 12:02:28.034811
RTM1P52,2.83,2.82,2.84,1000000.0,1000000.0,0,0,0,0,0,0,0,0,0,0,10,2026-02-05 12:02:28.034811
RTM1C53,0.35,0.34,0.36,1000000.0,1000000.0,0,0,0,0,0,0,0,0,0,0,10,2026-02-05 12:02:28.034811
RTM1P53,3.44,3.43,3.45,1000000.0,1000000.0,0,0,0,0,0,0,0,0,0,0,10,2026-02-05 12:02:28.034811
RTM1C54,0.16,0.15,0.17,1000000.0,1000000.0,0,0,0,0,0,0,0,0,0,0,10,2026-02-05 12:02:28.034811
RTM1P54,4.25,4.24,4.26,1000000.0,1000000.0,0,0,0,0,0,0,0,0,0,0,10,2026-02-05 12:02:28.034811
RTM,50.35,50.34,50.36,100000000.0,100000000.0,0,0,0,0,0,0,0,0,0,0,11,2026-02-05 12:02:29.103304
RTM1C45,5.44,5.43,5.45,1000000.0,1000000.0,0,0,0,0,0,0,0,0,0,0,11,2026-02-05 12:02:29.103304
RTM1P45,0.09,0.08,0.1,1000000.0,1000000.0,0,0,0,0,0,0,0,0,0,0,11,2026-02-05 12:02:29.103304
RTM1C46,4.49,4.48,4.5,1000000.0,1000000.0,0,0,0,0,0,0,0,0,0,0,11,2026-02-05 12:02:29.103304
RTM1P46,0.14,0.13,0.15,1000000.0,1000000.0,0,0,0,0,0,0,0,0,0,0,11,2026-02-05 12:02:29.103304
RTM1C47,3.74,3.73,3.75,1000000.0,1000000.0,0,0,0,0,0,0,0,0,0,0,11,2026-02-05 12:02:29.103304
RTM1P47,0.39,0.38,0.4,1000000.0,1000000.0,0,0,0,0,0,0,0,0,0,0,11,2026-02-05 12:02:29.103304
RTM1C48,2.83,2.82,2.84,1000000.0,1000000.0,0,0,0,0,0,0,0,0,0,0,11,2026-02-05 12:02:29.103304
RTM1P48,0.48,0.47,0.49,1000000.0,1000000.0,0,0,0,0,0,0,0,0,0,0,11,2026-02-05 12:02:29.103304
RTM1C49,2.3,2.29,2.31,1000000.0,1000000.0,0,0,0,0,0,0,0,0,0,0,11,2026-02-05 12:02:29.103304
RTM1P49,0.95,0.94,0.96,1000000.0,1000000.0,0,0,0,0,0,0,0,0,0,0,11,2026-02-05 12:02:29.103304
RTM1C50,1.46,1.45,1.47,1000000.0,1000000.0,0,0,0,0,0,0,0,0,0,0,11,2026-02-05 12:02:29.103304
RTM1P50,1.11,1.1,1.12,1000000.0,1000000.0,0,0,0,0,0,0,0,0,0,0,11,2026-02-05 12:02:29.103304
RTM1C51,1.17,1.16,1.18,1000000.0,1000000.0,0,0,0,0,0,0,0,0,0,0,11,2026-02-05 12:02:29.103304
RTM1P51,1.82,1.81,1.83,1000000.0,1000000.0,0,0,0,0,0,0,0,0,0,0,11,2026-02-05 12:02:29.103304
RTM1C52,0.64,0.63,0.65,1000000.0,1000000.0,0,0,0,0,0,0,0,0,0,0,11,2026-02-05 12:02:29.103304
RTM1P52,2.29,2.28,2.3,1000000.0,1000000.0,0,0,0,0,0,0,0,0,0,0,11,2026-02-05 12:02:29.103304
RTM1C53,0.48,0.47,0.49,1000000.0,1000000.0,0,0,0,0,0,0,0,0,0,0,11,2026-02-05 12:02:29.103304
RTM1P53,3.13,3.12,3.14,1000000.0,1000000.0,0,0,0,0,0,0,0,0,0,0,11,2026-02-05 12:02:29.103304
RTM1C54,0.35,0.34,0.36,1000000.0,1000000.0,0,0,0,0,0,0,0,0,0,0,11,2026-02-05 12:02:29.103304
RTM1P54,4.0,3.99,4.01,1000000.0,1000000.0,0,0,0,0,0,0,0,0,0,0,11,2026-02-05 12:02:29.103304
RTM,50.23,50.22,50.24,100000000.0,100000000.0,0,0,0,0,0,0,0,0,0,0,12,2026-02-05 12:02:29.683435
RTM1C45,5.29,5.28,5.3,1000000.0,1000000.0,0,0,0,0,0,0,0,0,0,0,12,2026-02-05 12:02:29.683435
RTM1P45,0.06,0.05,0.07,1000000.0,1000000.0,0,0,0,0,0,0,0,0,0,0,12,2026-02-05 12:02:29.683435
RTM1C46,4.44,4.43,4.45,1000000.0,1000000.0,0,0,0,0,0,0,0,0,0,0,12,2026-02-05 12:02:29.683435
RTM1P46,0.2,0.19,0.21,1000000.0,1000000.0,0,0,0,0,0,0,0,0,0,0,12,2026-02-05 12:02:29.683435
RTM1C47,3.62,3.61,3.63,1000000.0,1000000.0,0,0,0,0,0,0,0,0,0,0,12,2026-02-05 12:02:29.683435
RTM1P47,0.38,0.37,0.39,1000000.0,1000000.0,0,0,0,0,0,0,0,0,0,0,12,2026-02-05 12:02:29.683435
RTM1C48,2.85,2.84,2.86,1000000.0,1000000.0,0,0,0,0,0,0,0,0,0,0,12,2026-02-05 12:02:29.683435
RTM1P48,0.61,0.6,0.62,1000000.0,1000000.0,0,0,0,0,0,0,0,0,0,0,12,2026-02-05 12:02:29.683435
RTM1C49,2.08,2.07,2.09,1000000.0,1000000.0,0,0,0,0,0,0,0,0,0,0,12,2026-02-05 12:02:29.683435
RTM1P49,0.85,0.84,0.86,1000000.0,1000000.0,0,0,0,0,0,0,0,0,0,0,12,2026-02-05 12:02:29.683435
RTM1C50,1.44,1.43,1.45,1000000.0,1000000.0,0,0,0,0,0,0,0,0,0,0,12,2026-02-05 12:02:29.683435
RTM1P50,1.2,1.19,1.21,1000000.0,1000000.0,0,0,0,0,0,0,0,0,0,0,12,2026-02-05 12:02:29.683435
RTM1C51,1.2,1.19,1.21,1000000.0,1000000.0,0,0,0,0,0,0,0,0,0,0,12,2026-02-05 12:02:29.683435
RTM1P51,1.97,1.96,1.98,1000000.0,1000000.0,0,0,0,0,0,0,0,0,0,0,12,2026-02-05 12:02:29.683435
RTM1C52,0.67,0.66,0.68,1000000.0,1000000.0,0,0,0,0,0,0,0,0,0,0,12,2026-02-05 12:02:29.683435
RTM1P52,2.43,2.42,2.44,1000000.0,1000000.0,0,0,0,0,0,0,0,0,0,0,12,2026-02-05 12:02:29.683435
RTM1C53,0.42,0.41,0.43,1000000.0,1000000.0,0,0,0,0,0,0,0,0,0,0,12,2026-02-05 12:02:29.683435
RTM1P53,3.19,3.18,3.2,1000000.0,1000000.0,0,0,0,0,0,0,0,0,0,0,12,2026-02-05 12:02:29.683435
RTM1C54,0.29,0.28,0.3,1000000.0,1000000.0,0,0,0,0,0,0,0,0,0,0,12,2026-02-05 12:02:29.683435
RTM1P54,4.05,4.04,4.06,1000000.0,1000000.0,0,0,0,0,0,0,0,0,0,0,12,2026-02-05 12:02:29.683435
RTM,49.57,49.56,49.58,100000000.0,100000000.0,0,0,0,0,0,0,0,0,0,0,13,2026-02-05 12:02:30.778806
RTM1C45,4.66,4.65,4.67,1000000.0,1000000.0,0,0,0,0,0,0,0,0,0,0,13,2026-02-05 12:02:30.778806
RTM1P45,0.09,0.08,0.1,1000000.0,1000000.0,0,0,0,0,0,0,0,0,0,0,13,2026-02-05 12:02:30.778806
RTM1C46,3.76,3.75,3.77,1000000.0,1000000.0,0,0,0,0,0,0,0,0,0,0,13,2026-02-05 12:02:30.778806
RTM1P46,0.19,0.18,0.2,1000000.0,1000000.0,0,0,0,0,0,0,0,0,0,0,13,2026-02-05 12:02:30.778806
RTM1C47,3.1,3.09,3.11,1000000.0,1000000.0,0,0,0,0,0,0,0,0,0,0,13,2026-02-05 12:02:30.778806
RTM1P47,0.53,0.52,0.54,1000000.0,1000000.0,0,0,0,0,0,0,0,0,0,0,13,2026-02-05 12:02:30.778806
RTM1C48,2.21,2.2,2.22,1000000.0,1000000.0,0,0,0,0,0,0,0,0,0,0,13,2026-02-05 12:02:30.778806
RTM1P48,0.64,0.63,0.65,1000000.0,1000000.0,0,0,0,0,0,0,0,0,0,0,13,2026-02-05 12:02:30.778806
RTM1C49,1.56,1.55,1.57,1000000.0,1000000.0,0,0,0,0,0,0,0,0,0,0,13,2026-02-05 12:02:30.778806
RTM1P49,1.0,0.99,1.01,1000000.0,1000000.0,0,0,0,0,0,0,0,0,0,0,13,2026-02-05 12:02:30.778806
RTM1C50,1.1,1.09,1.11,1000000.0,1000000.0,0,0,0,0,0,0,0,0,0,0,13,2026-02-05 12:02:30.778806
RTM1P50,1.53,1.52,1.54,1000000.0,1000000.0,0,0,0,0,0,0,0,0,0,0,13,2026-02-05 12:02:30.778806
RTM1C51,0.8,0.79,0.81,1000000.0,1000000.0,0,0,0,0,0,0,0,0,0,0,13,2026-02-05 12:02:30.778806
RTM1P51,2.23,2.22,2.24,1000000.0,1000000.0,0,0,0,0,0,0,0,0,0,0,13,2026-02-05 12:02:30.778806
RTM1C52,0.64,0.63,0.65,1000000.0,1000000.0,0,0,0,0,0,0,0,0,0,0,13,2026-02-05 12:02:30.778806
RTM1P52,3.07,3.06,3.08,1000000.0,1000000.0,0,0,0,0,0,0,0,0,0,0,13,2026-02-05 12:02:30.778806
RTM1C53,0.4,0.39,0.41,1000000.0,1000000.0,0,0,0,0,0,0,0,0,0,0,13,2026-02-05 12:02:30.778806
RTM1P53,3.84,3.83,3.85,1000000.0,1000000.0,0,0,0,0,0,0,0,0,0,0,13,2026-02-05 12:02:30.778806
RTM1C54,0.17,0.16,0.18,1000000.0,1000000.0,0,0,0,0,0,0,0,0,0,0,13,2026-02-05 12:02:30.778806
RTM1P54,4.61,4.6,4.62,1000000.0,1000000.0,0,0,0,0,0,0,0,0,0,0,13,2026-02-05 12:02:30.778806
RTM,49.8,49.79,49.81,100000000.0,100000000.0,0,0,0,0,0,0,0,0,0,0,14,2026-02-05 12:02:31.886533
RTM1C45,4.93,4.92,4.94,1000000.0,1000000.0,0,0,0,0,0,0,0,0,0,0,14,2026-02-05 12:02:31.886533
RTM1P45,0.14,0.13,0.15,1000000.0,1000000.0,0,0,0,0,0,0,0,0,0,0,14,2026-02-05 12:02:31.886533
RTM1C46,4.01,4.0,4.02,1000000.0,1000000.0,0,0,0,0,0,0,0,0,0,0,14,2026-02-05 12:02:31.886533
RTM1P46,0.22,0.21,0.23,1000000.0,1000000.0,0,0,0,0,0,0,0,0,0,0,14,2026-02-05 12:02:31.886533
RTM1C47,3.25,3.24,3.26,1000000.0,1000000.0,0,0,0,0,0,0,0,0,0,0,14,2026-02-05 12:02:31.886533
RTM1P47,0.45,0.44,0.46,1000000.0,1000000.0,0,0,0,0,0,0,0,0,0,0,14,2026-02-05 12:02:31.886533
RTM1C48,2.37,2.36,2.38,1000000.0,1000000.0,0,0,0,0,0,0,0,0,0,0,14,2026-02-05 12:02:31.886533
RTM1P48,0.57,0.56,0.58,1000000.0,1000000.0,0,0,0,0,0,0,0,0,0,0,14,2026-02-05 12:02:31.886533
RTM1C49,1.85,1.84,1.86,1000000.0,1000000.0,0,0,0,0,0,0,0,0,0,0,14,2026-02-05 12:02:31.886533
RTM1P49,1.05,1.04,1.06,1000000.0,1000000.0,0,0,0,0,0,0,0,0,0,0,14,2026-02-05 12:02:31.886533
RTM1C50,1.36,1.35,1.37,1000000.0,1000000.0,0,0,0,0,0,0,0,0,0,0,14,2026-02-05 12:02:31.886533
RTM1P50,1.56,1.55,1.57,1000000.0,1000000.0,0,0,0,0,0,0,0,0,0,0,14,2026-02-05 12:02:31.886533
RTM1C51,0.8,0.79,0.81,1000000.0,1000000.0,0,0,0,0,0,0,0,0,0,0,14,2026-02-05 12:02:31.886533
RTM1P51,2.0,1.99,2.01,1000000.0,1000000.0,0,0,0,0,0,0,0,0,0,0,14,2026-02-05 12:02:31.886533
RTM1C52,0.52,0.51,0.53,1000000.0,1000000.0,0,0,0,0,0,0,0,0,0,0,14,2026-02-05 12:02:31.886533
RTM1P52,2.72,2.71,2.73,1000000.0,1000000.0,0,0,0,0,0,0,0,0,0,0,14,2026-02-05 12:02:31.886533
RTM1C53,0.42,0.41,0.43,1000000.0,1000000.0,0,0,0,0,0,0,0,0,0,0,14,2026-02-05 12:02:31.886533
RTM1P53,3.63,3.62,3.64,1000000.0,1000000.0,0,0,0,0,0,0,0,0,0,0,14,2026-02-05 12:02:31.886533
RTM1C54,0.28,0.27,0.29,1000000.0,1000000.0,0,0,0,0,0,0,0,0,0,0,14,2026-02-05 12:02:31.886533
RTM1P54,4.48,4.47,4.49,1000000.0,1000000.0,0,0,0,0,0,0,0,0,0,0,14,2026-02-05 12:02:31.886533
RTM,49.63,49.62,49.64,100000000.0,100000000.0,0,0,0,0,0,0,0,0,0,0,15,2026-02-05 12:02:32.958133
RTM1C45,4.75,4.74,4.76,1000000.0,1000000.0,0,0,0,0,0,0,0,0,0,0,15,2026-02-05 12:02:32.958133
RTM1P45,0.12,0.11,0.13,1000000.0,1000000.0,0,0,0,0,0,0,0,0,0,0,15,2026-02-05 12:02:32.958133
RTM1C46,3.86,3.85,3.87,1000000.0,1000000.0,0,0,0,0,0,0,0,0,0,0,15,2026-02-05 12:02:32.958133
RTM1P46,0.24,0.23,0.25,1000000.0,1000000.0,0,0,0,0,0,0,0,0,0,0,15,2026-02-05 12:02:32.958133
RTM1C47,2.99,2.98,3.0,1000000.0,1000000.0,0,0,0,0,0,0,0,0,0,0,15,2026-02-05 12:02:32.958133
RTM1P47,0.36,0.35,0.37,1000000.0,1000000.0,0,0,0,0,0,0,0,0,0,0,15,2026-02-05 12:02:32.958133
RTM1C48,2.3,2.29,2.31,1000000.0,1000000.0,0,0,0,0,0,0,0,0,0,0,15,2026-02-05 12:02:32.958133
RTM1P48,0.68,0.67,0.69,1000000.0,1000000.0,0,0,0,0,0,0,0,0,0,0,15,2026-02-05 12:02:32.958133
RTM1C49,1.73,1.72,1.74,1000000.0,1000000.0,0,0,0,0,0,0,0,0,0,0,15,2026-02-05 12:02:32.958133
RTM1P49,1.1,1.09,1.11,1000000.0,1000000.0,0,0,0,0,0,0,0,0,0,0,15,2026-02-05 12:02:32.958133
RTM1C50,1.27,1.26,1.28,1000000.0,1000000.0,0,0,0,0,0,0,0,0,0,0,15,2026-02-05 12:02:32.958133
RTM1P50,1.64,1.63,1.65,1000000.0,1000000.0,0,0,0,0,0,0,0,0,0,0,15,2026-02-05 12:02:32.958133
RTM1C51,0.93,0.92,0.94,1000000.0,1000000.0,0,0,0,0,0,0,0,0,0,0,15,2026-02-05 12:02:32.958133
RTM1P51,2.3,2.29,2.31,1000000.0,1000000.0,0,0,0,0,0,0,0,0,0,0,15,2026-02-05 12:02:32.958133
RTM1C52,0.58,0.57,0.59,1000000.0,1000000.0,0,0,0,0,0,0,0,0,0,0,15,2026-02-05 12:02:32.958133
RTM1P52,2.95,2.94,2.96,1000000.0,1000000.0,0,0,0,0,0,0,0,0,0,0,15,2026-02-05 12:02:32.958133
RTM1C53,0.43,0.42,0.44,1000000.0,1000000.0,0,0,0,0,0,0,0,0,0,0,15,2026-02-05 12:02:32.958133
RTM1P53,3.8,3.79,3.81,1000000.0,1000000.0,0,0,0,0,0,0,0,0,0,0,15,2026-02-05 12:02:32.958133
RTM1C54,0.21,0.2,0.22,1000000.0,1000000.0,0,0,0,0,0,0,0,0,0,0,15,2026-02-05 12:02:32.958133
RTM1P54,4.58,4.57,4.59,1000000.0,1000000.0,0,0,0,0,0,0,0,0,0,0,15,2026-02-05 12:02:32.958133
RTM,50.21,50.2,50.22,100000000.0,100000000.0,0,0,0,0,0,0,0,0,0,0,16,2026-02-05 12:02:34.021303
RTM1C45,5.28,5.27,5.29,1000000.0,1000000.0,0,0,0,0,0,0,0,0,0,0,16,2026-02-05 12:02:34.021303
RTM1P45,0.07,0.06,0.08,1000000.0,1000000.0,0,0,0,0,0,0,0,0,0,0,16,2026-02-05 12:02:34.021303
RTM1C46,4.39,4.38,4.4,1000000.0,1000000.0,0,0,0,0,0,0,0,0,0,0,16,2026-02-05 12:02:34.021303
RTM1P46,0.18,0.17,0.19,1000000.0,1000000.0,0,0,0,0,0,0,0,0,0,0,16,2026-02-05 12:02:34.021303
RTM1C47,3.63,3.62,3.64,1000000.0,1000000.0,0,0,0,0,0,0,0,0,0,0,16,2026-02-05 12:02:34.021303
RTM1P47,0.43,0.42,0.44,1000000.0,1000000.0,0,0,0,0,0,0,0,0,0,0,16,2026-02-05 12:02:34.021303
RTM1C48,2.69,2.68,2.7,1000000.0,1000000.0,0,0,0,0,0,0,0,0,0,0,16,2026-02-05 12:02:34.021303
RTM1P48,0.48,0.47,0.49,1000000.0,1000000.0,0,0,0,0,0,0,0,0,0,0,16,2026-02-05 12:02:34.021303
RTM1C49,2.2,2.19,2.21,1000000.0,1000000.0,0,0,0,0,0,0,0,0,0,0,16,2026-02-05 12:02:34.021303
RTM1P49,1.0,0.99,1.01,1000000.0,1000000.0,0,0,0,0,0,0,0,0,0,0,16,2026-02-05 12:02:34.021303
RTM1C50,1.63,1.62,1.64,1000000.0,1000000.0,0,0,0,0,0,0,0,0,0,0,16,2026-02-05 12:02:34.021303
RTM1P50,1.43,1.42,1.44,1000000.0,1000000.0,0,0,0,0,0,0,0,0,0,0,16,2026-02-05 12:02:34.021303
RTM1C51,1.02,1.01,1.03,1000000.0,1000000.0,0,0,0,0,0,0,0,0,0,0,16,2026-02-05 12:02:34.021303
RTM1P51,1.81,1.8,1.82,1000000.0,1000000.0,0,0,0,0,0,0,0,0,0,0,16,2026-02-05 12:02:34.021303
RTM1C52,0.7,0.69,0.71,1000000.0,1000000.0,0,0,0,0,0,0,0,0,0,0,16,2026-02-05 12:02:34.021303
RTM1P52,2.49,2.48,2.5,1000000.0,1000000.0,0,0,0,0,0,0,0,0,0,0,16,2026-02-05 12:02:34.021303
RTM1C53,0.56,0.55,0.57,1000000.0,1000000.0,0,0,0,0,0,0,0,0,0,0,16,2026-02-05 12:02:34.021303
RTM1P53,3.35,3.34,3.36,1000000.0,1000000.0,0,0,0,0,0,0,0,0,0,0,16,2026-02-05 12:02:34.021303
RTM1C54,0.24,0.23,0.25,1000000.0,1000000.0,0,0,0,0,0,0,0,0,0,0,16,2026-02-05 12:02:34.021303
RTM1P54,4.03,4.02,4.04,1000000.0,1000000.0,0,0,0,0,0,0,0,0,0,0,16,2026-02-05 12:02:34.021303
RTM,50.21,50.2,50.22,100000000.0,100000000.0,0,0,0,0,0,0,0,0,0,0,17,2026-02-05 12:02:35.079579
RTM1C45,5.29,5.28,5.3,1000000.0,1000000.0,0,0,0,0,0,0,0,0,0,0,17,2026-02-05 12:02:35.079579
RTM1P45,0.08,0.07,0.09,1000000.0,1000000.0,0,0,0,0,0,0,0,0,0,0,17,2026-02-05 12:02:35.079579
RTM1C46,4.41,4.4,4.42,1000000.0,1000000.0,0,0,0,0,0,0,0,0,0,0,17,2026-02-05 12:02:35.079579
RTM1P46,0.2,0.19,0.21,1000000.0,1000000.0,0,0,0,0,0,0,0,0,0,0,17,2026-02-05 12:02:35.079579
RTM1C47,3.58,3.57,3.59,1000000.0,1000000.0,0,0,0,0,0,0,0,0,0,0,17,2026-02-05 12:02:35.079579
RTM1P47,0.37,0.36,0.38,1000000.0,1000000.0,0,0,0,0,0,0,0,0,0,0,17,2026-02-05 12:02:35.079579
RTM1C48,2.87,2.86,2.88,1000000.0,1000000.0,0,0,0,0,0,0,0,0,0,0,17,2026-02-05 12:02:35.079579
RTM1P48,0.66,0.65,0.67,1000000.0,1000000.0,0,0,0,0,0,0,0,0,0,0,17,2026-02-05 12:02:35.079579
RTM1C49,2.21,2.2,2.22,1000000.0,1000000.0,0,0,0,0,0,0,0,0,0,0,17,2026-02-05 12:02:35.079579
RTM1P49,1.0,0.99,1.01,1000000.0,1000000.0,0,0,0,0,0,0,0,0,0,0,17,2026-02-05 12:02:35.079579
RTM1C50,1.48,1.47,1.49,1000000.0,1000000.0,0,0,0,0,0,0,0,0,0,0,17,2026-02-05 12:02:35.079579
RTM1P50,1.27,1.26,1.28,1000000.0,1000000.0,0,0,0,0,0,0,0,0,0,0,17,2026-02-05 12:02:35.079579
RTM1C51,1.08,1.07,1.09,1000000.0,1000000.0,0,0,0,0,0,0,0,0,0,0,17,2026-02-05 12:02:35.079579
RTM1P51,1.87,1.86,1.88,1000000.0,1000000.0,0,0,0,0,0,0,0,0,0,0,17,2026-02-05 12:02:35.079579
RTM1C52,0.67,0.66,0.68,1000000.0,1000000.0,0,0,0,0,0,0,0,0,0,0,17,2026-02-05 12:02:35.079579
RTM1P52,2.46,2.45,2.47,1000000.0,1000000.0,0,0,0,0,0,0,0,0,0,0,17,2026-02-05 12:02:35.079579
RTM1C53,0.52,0.51,0.53,1000000.0,1000000.0,0,0,0,0,0,0,0,0,0,0,17,2026-02-05 12:02:35.079579
RTM1P53,3.31,3.3,3.32,1000000.0,1000000.0,0,0,0,0,0,0,0,0,0,0,17,2026-02-05 12:02:35.079579
RTM1C54,0.28,0.27,0.29,1000000.0,1000000.0,0,0,0,0,0,0,0,0,0,0,17,2026-02-05 12:02:35.079579
RTM1P54,4.06,4.05,4.07,1000000.0,1000000.0,0,0,0,0,0,0,0,0,0,0,17,2026-02-05 12:02:35.079579
RTM,50.31,50.3,50.32,100000000.0,100000000.0,0,0,0,0,0,0,0,0,0,0,18,2026-02-05 12:02:36.135070
RTM1C45,5.41,5.4,5.42,1000000.0,1000000.0,0,0,0,0,0,0,0,0,0,0,18,2026-02-05 12:02:36.135070
RTM1P45,0.09,0.08,0.1,1000000.0,1000000.0,0,0,0,0,0,0,0,0,0,0,18,2026-02-05 12:02:36.135070
RTM1C46,4.49,4.48,4.5,1000000.0,1000000.0,0,0,0,0,0,0,0,0,0,0,18,2026-02-05 12:02:36.135070
RTM1P46,0.18,0.17,0.19,1000000.0,1000000.0,0,0,0,0,0,0,0,0,0,0,18,2026-02-05 12:02:36.135070
RTM1C47,3.73,3.72,3.74,1000000.0,1000000.0,0,0,0,0,0,0,0,0,0,0,18,2026-02-05 12:02:36.135070
RTM1P47,0.42,0.41,0.43,1000000.0,1000000.0,0,0,0,0,0,0,0,0,0,0,18,2026-02-05 12:02:36.135070
RTM1C48,2.94,2.93,2.95,1000000.0,1000000.0,0,0,0,0,0,0,0,0,0,0,18,2026-02-05 12:02:36.135070
RTM1P48,0.63,0.62,0.64,1000000.0,1000000.0,0,0,0,0,0,0,0,0,0,0,18,2026-02-05 12:02:36.135070
RTM1C49,2.16,2.15,2.17,1000000.0,1000000.0,0,0,0,0,0,0,0,0,0,0,18,2026-02-05 12:02:36.135070
RTM1P49,0.85,0.84,0.86,1000000.0,1000000.0,0,0,0,0,0,0,0,0,0,0,18,2026-02-05 12:02:36.135070
RTM1C50,1.68,1.67,1.69,1000000.0,1000000.0,0,0,0,0,0,0,0,0,0,0,18,2026-02-05 12:02:36.135070
RTM1P50,1.36,1.35,1.37,1000000.0,1000000.0,0,0,0,0,0,0,0,0,0,0,18,2026-02-05 12:02:36.135070
RTM1C51,1.16,1.15,1.17,1000000.0,1000000.0,0,0,0,0,0,0,0,0,0,0,18,2026-02-05 12:02:36.135070
RTM1P51,1.85,1.84,1.86,1000000.0,1000000.0,0,0,0,0,0,0,0,0,0,0,18,2026-02-05 12:02:36.135070
RTM1C52,0.7,0.69,0.71,1000000.0,1000000.0,0,0,0,0,0,0,0,0,0,0,18,2026-02-05 12:02:36.135070
RTM1P52,2.39,2.38,2.4,1000000.0,1000000.0,0,0,0,0,0,0,0,0,0,0,18,2026-02-05 12:02:36.135070
RTM1C53,0.55,0.54,0.56,1000000.0,1000000.0,0,0,0,0,0,0,0,0,0,0,18,2026-02-05 12:02:36.135070
RTM1P53,3.24,3.23,3.25,1000000.0,1000000.0,0,0,0,0,0,0,0,0,0,0,18,2026-02-05 12:02:36.135070
RTM1C54,0.32,0.31,0.33,1000000.0,1000000.0,0,0,0,0,0,0,0,0,0,0,18,2026-02-05 12:02:36.135070
RTM1P54,4.01,4.0,4.02,1000000.0,1000000.0,0,0,0,0,0,0,0,0,0,0,18,2026-02-05 12:02:36.135070
RTM,49.8,49.79,49.81,100000000.0,100000000.0,0,0,0,0,0,0,0,0,0,0,19,2026-02-05 12:02:36.708638
RTM1C45,4.9,4.89,4.91,1000000.0,1000000.0,0,0,0,0,0,0,0,0,0,0,19,2026-02-05 12:02:36.708638
RTM1P45,0.1,0.09,0.11,1000000.0,1000000.0,0,0,0,0,0,0,0,0,0,0,19,2026-02-05 12:02:36.708638
RTM1C46,4.03,4.02,4.04,1000000.0,1000000.0,0,0,0,0,0,0,0,0,0,0,19,2026-02-05 12:02:36.708638
RTM1P46,0.23,0.22,0.24,1000000.0,1000000.0,0,0,0,0,0,0,0,0,0,0,19,2026-02-05 12:02:36.708638
RTM1C47,3.16,3.15,3.17,1000000.0,1000000.0,0,0,0,0,0,0,0,0,0,0,19,2026-02-05 12:02:36.708638
RTM1P47,0.36,0.35,0.37,1000000.0,1000000.0,0,0,0,0,0,0,0,0,0,0,19,2026-02-05 12:02:36.708638
RTM1C48,2.58,2.57,2.59,1000000.0,1000000.0,0,0,0,0,0,0,0,0,0,0,19,2026-02-05 12:02:36.708638
RTM1P48,0.79,0.78,0.8,1000000.0,1000000.0,0,0,0,0,0,0,0,0,0,0,19,2026-02-05 12:02:36.708638
RTM1C49,1.98,1.97,1.99,1000000.0,1000000.0,0,0,0,0,0,0,0,0,0,0,19,2026-02-05 12:02:36.708638
RTM1P49,1.18,1.17,1.19,1000000.0,1000000.0,0,0,0,0,0,0,0,0,0,0,19,2026-02-05 12:02:36.708638
RTM1C50,1.39,1.38,1.4,1000000.0,1000000.0,0,0,0,0,0,0,0,0,0,0,19,2026-02-05 12:02:36.708638
RTM1P50,1.59,1.58,1.6,1000000.0,1000000.0,0,0,0,0,0,0,0,0,0,0,19,2026-02-05 12:02:36.708638
RTM1C51,0.96,0.95,0.97,1000000.0,1000000.0,0,0,0,0,0,0,0,0,0,0,19,2026-02-05 12:02:36.708638
RTM1P51,2.17,2.16,2.18,1000000.0,1000000.0,0,0,0,0,0,0,0,0,0,0,19,2026-02-05 12:02:36.708638
RTM1C52,0.59,0.58,0.6,1000000.0,1000000.0,0,0,0,0,0,0,0,0,0,0,19,2026-02-05 12:02:36.708638
RTM1P52,2.79,2.78,2.8,1000000.0,1000000.0,0,0,0,0,0,0,0,0,0,0,19,2026-02-05 12:02:36.708638
RTM1C53,0.34,0.33,0.35,1000000.0,1000000.0,0,0,0,0,0,0,0,0,0,0,19,2026-02-05 12:02:36.708638
RTM1P53,3.54,3.53,3.55,1000000.0,1000000.0,0,0,0,0,0,0,0,0,0,0,19,2026-02-05 12:02:36.708638
RTM1C54,0.25,0.24,0.26,1000000.0,1000000.0,0,0,0,0,0,0,0,0,0,0,19,2026-02-05 12:02:36.708638
RTM1P54,4.45,4.44,4.46,1000000.0,1000000.0,0,0,0,0,0,0,0,0,0,0,19,2026-02-05 12:02:36.708638
RTM,49.92,49.91,49.93,100000000.0,100000000.0,0,0,0,0,0,0,0,0,0,0,20,2026-02-05 12:02:37.770920
RTM1C45,5.03,5.02,5.04,1000000.0,1000000.0,0,0,0,0,0,0,0,0,0,0,20,2026-02-05 12:02:37.770920
RTM1P45,0.11,0.1,0.12,1000000.0,1000000.0,0,0,0,0,0,0,0,0,0,0,20,2026-02-05 12:02:37.770920
RTM1C46,4.17,4.16,4.18,1000000.0,1000000.0,0,0,0,0,0,0,0,0,0,0,20,2026-02-05 12:02:37.770920
RTM1P46,0.26,0.25,0.27,1000000.0,1000000.0,0,0,0,0,0,0,0,0,0,0,20,2026-02-05 12:02:37.770920
RTM1C47,3.35,3.34,3.36,1000000.0,1000000.0,0,0,0,0,0,0,0,0,0,0,20,2026-02-05 12:02:37.770920
RTM1P47,0.43,0.42,0.44,1000000.0,1000000.0,0,0,0,0,0,0,0,0,0,0,20,2026-02-05 12:02:37.770920
RTM1C48,2.57,2.56,2.58,1000000.0,1000000.0,0,0,0,0,0,0,0,0,0,0,20,2026-02-05 12:02:37.770920
RTM1P48,0.65,0.64,0.66,1000000.0,1000000.0,0,0,0,0,0,0,0,0,0,0,20,2026-02-05 12:02:37.770920
RTM1C49,2.02,2.01,2.03,1000000.0,1000000.0,0,0,0,0,0,0,0,0,0,0,20,2026-02-05 12:02:37.770920
RTM1P49,1.1,1.09,1.11,1000000.0,1000000.0,0,0,0,0,0,0,0,0,0,0,20,2026-02-05 12:02:37.770920
RTM1C50,1.37,1.36,1.38,1000000.0,1000000.0,0,0,0,0,0,0,0,0,0,0,20,2026-02-05 12:02:37.770920
RTM1P50,1.45,1.44,1.46,1000000.0,1000000.0,0,0,0,0,0,0,0,0,0,0,20,2026-02-05 12:02:37.770920
RTM1C51,1.02,1.01,1.03,1000000.0,1000000.0,0,0,0,0,0,0,0,0,0,0,20,2026-02-05 12:02:37.770920
RTM1P51,2.1,2.09,2.11,1000000.0,1000000.0,0,0,0,0,0,0,0,0,0,0,20,2026-02-05 12:02:37.770920
RTM1C52,0.63,0.62,0.64,1000000.0,1000000.0,0,0,0,0,0,0,0,0,0,0,20,2026-02-05 12:02:37.770920
RTM1P52,2.71,2.7,2.72,1000000.0,1000000.0,0,0,0,0,0,0,0,0,0,0,20,2026-02-05 12:02:37.770920
RTM1C53,0.38,0.37,0.39,1000000.0,1000000.0,0,0,0,0,0,0,0,0,0,0,20,2026-02-05 12:02:37.770920
RTM1P53,3.47,3.46,3.48,1000000.0,1000000.0,0,0,0,0,0,0,0,0,0,0,20,2026-02-05 12:02:37.770920
RTM1C54,0.35,0.34,0.36,1000000.0,1000000.0,0,0,0,0,0,0,0,0,0,0,20,2026-02-05 12:02:37.770920
RTM1P54,4.43,4.42,4.44,1000000.0,1000000.0,0,0,0,0,0,0,0,0,0,0,20,2026-02-05 12:02:37.770920
RTM,49.89,49.88,49.9,100000000.0,100000000.0,0,0,0,0,0,0,0,0,0,0,21,2026-02-05 12:02:38.872804
RTM1C45,4.99,4.98,5.0,1000000.0,1000000.0,0,0,0,0,0,0,0,0,0,0,21,2026-02-05 12:02:38.872804
RTM1P45,0.1,0.09,0.11,1000000.0,1000000.0,0,0,0,0,0,0,0,0,0,0,21,2026-02-05 12:02:38.872804
RTM1C46,4.16,4.15,4.17,1000000.0,1000000.0,0,0,0,0,0,0,0,0,0,0,21,2026-02-05 12:02:38.872804
RTM1P46,0.26,0.25,0.27,1000000.0,1000000.0,0,0,0,0,0,0,0,0,0,0,21,2026-02-05 12:02:38.872804
RTM1C47,3.25,3.24,3.26,1000000.0,1000000.0,0,0,0,0,0,0,0,0,0,0,21,2026-02-05 12:02:38.872804
RTM1P47,0.35,0.34,0.36,1000000.0,1000000.0,0,0,0,0,0,0,0,0,0,0,21,2026-02-05 12:02:38.872804
RTM1C48,2.65,2.64,2.66,1000000.0,1000000.0,0,0,0,0,0,0,0,0,0,0,21,2026-02-05 12:02:38.872804
RTM1P48,0.75,0.74,0.76,1000000.0,1000000.0,0,0,0,0,0,0,0,0,0,0,21,2026-02-05 12:02:38.872804
RTM1C49,1.91,1.9,1.92,1000000.0,1000000.0,0,0,0,0,0,0,0,0,0,0,21,2026-02-05 12:02:38.872804
RTM1P49,1.01,1.0,1.02,1000000.0,1000000.0,0,0,0,0,0,0,0,0,0,0,21,2026-02-05 12:02:38.872804
RTM1C50,1.35,1.34,1.36,1000000.0,1000000.0,0,0,0,0,0,0,0,0,0,0,21,2026-02-05 12:02:38.872804
RTM1P50,1.46,1.45,1.47,1000000.0,1000000.0,0,0,0,0,0,0,0,0,0,0,21,2026-02-05 12:02:38.872804
RTM1C51,1.06,1.05,1.07,1000000.0,1000000.0,0,0,0,0,0,0,0,0,0,0,21,2026-02-05 12:02:38.872804
RTM1P51,2.17,2.16,2.18,1000000.0,1000000.0,0,0,0,0,0,0,0,0,0,0,21,2026-02-05 12:02:38.872804
RTM1C52,0.79,0.78,0.8,1000000.0,1000000.0,0,0,0,0,0,0,0,0,0,0,21,2026-02-05 12:02:38.872804
RTM1P52,2.89,2.88,2.9,1000000.0,1000000.0,0,0,0,0,0,0,0,0,0,0,21,2026-02-05 12:02:38.872804
RTM1C53,0.39,0.38,0.4,1000000.0,1000000.0,0,0,0,0,0,0,0,0,0,0,21,2026-02-05 12:02:38.872804
RTM1P53,3.5,3.49,3.51,1000000.0,1000000.0,0,0,0,0,0,0,0,0,0,0,21,2026-02-05 12:02:38.872804
RTM1C54,0.22,0.21,0.23,1000000.0,1000000.0,0,0,0,0,0,0,0,0,0,0,21,2026-02-05 12:02:38.872804
RTM1P54,4.33,4.32,4.34,1000000.0,1000000.0,0,0,0,0,0,0,0,0,0,0,21,2026-02-05 12:02:38.872804
RTM,50.05,50.04,50.06,100000000.0,100000000.0,0,0,0,0,0,0,0,0,0,0,22,2026-02-05 12:02:39.939706
RTM1C45,5.18,5.17,5.19,1000000.0,1000000.0,0,0,0,0,0,0,0,0,0,0,22,2026-02-05 12:02:39.939706
RTM1P45,0.13,0.12,0.14,1000000.0,1000000.0,0,0,0,0,0,0,0,0,0,0,22,2026-02-05 12:02:39.939706
RTM1C46,4.26,4.25,4.27,1000000.0,1000000.0,0,0,0,0,0,0,0,0,0,0,22,2026-02-05 12:02:39.939706
RTM1P46,0.21,0.2,0.22,1000000.0,1000000.0,0,0,0,0,0,0,0,0,0,0,22,2026-02-05 12:02:39.939706
RTM1C47,3.47,3.46,3.48,1000000.0,1000000.0,0,0,0,0,0,0,0,0,0,0,22,2026-02-05 12:02:39.939706
RTM1P47,0.42,0.41,0.43,1000000.0,1000000.0,0,0,0,0,0,0,0,0,0,0,22,2026-02-05 12:02:39.939706
RTM1C48,2.78,2.77,2.79,1000000.0,1000000.0,0,0,0,0,0,0,0,0,0,0,22,2026-02-05 12:02:39.939706
RTM1P48,0.73,0.72,0.74,1000000.0,1000000.0,0,0,0,0,0,0,0,0,0,0,22,2026-02-05 12:02:39.939706
RTM1C49,2.02,2.01,2.03,1000000.0,1000000.0,0,0,0,0,0,0,0,0,0,0,22,2026-02-05 12:02:39.939706
RTM1P49,0.97,0.96,0.98,1000000.0,1000000.0,0,0,0,0,0,0,0,0,0,0,22,2026-02-05 12:02:39.939706
RTM1C50,1.45,1.44,1.46,1000000.0,1000000.0,0,0,0,0,0,0,0,0,0,0,22,2026-02-05 12:02:39.939706
RTM1P50,1.4,1.39,1.41,1000000.0,1000000.0,0,0,0,0,0,0,0,0,0,0,22,2026-02-05 12:02:39.939706
RTM1C51,1.08,1.07,1.09,1000000.0,1000000.0,0,0,0,0,0,0,0,0,0,0,22,2026-02-05 12:02:39.939706
RTM1P51,2.03,2.02,2.04,1000000.0,1000000.0,0,0,0,0,0,0,0,0,0,0,22,2026-02-05 12:02:39.939706
RTM1C52,0.73,0.72,0.74,1000000.0,1000000.0,0,0,0,0,0,0,0,0,0,0,22,2026-02-05 12:02:39.939706
RTM1P52,2.68,2.67,2.69,1000000.0,1000000.0,0,0,0,0,0,0,0,0,0,0,22,2026-02-05 12:02:39.939706
RTM1C53,0.57,0.56,0.58,1000000.0,1000000.0,0,0,0,0,0,0,0,0,0,0,22,2026-02-05 12:02:39.939706
RTM1P53,3.52,3.51,3.53,1000000.0,1000000.0,0,0,0,0,0,0,0,0,0,0,22,2026-02-05 12:02:39.939706
RTM1C54,0.25,0.24,0.26,1000000.0,1000000.0,0,0,0,0,0,0,0,0,0,0,22,2026-02-05 12:02:39.939706
RTM1P54,4.2,4.19,4.21,1000000.0,1000000.0,0,0,0,0,0,0,0,0,0,0,22,2026-02-05 12:02:39.939706
RTM,49.85,49.84,49.86,100000000.0,100000000.0,0,0,0,0,0,0,0,0,0,0,23,2026-02-05 12:02:40.989461
RTM1C45,4.97,4.96,4.98,1000000.0,1000000.0,0,0,0,0,0,0,0,0,0,0,23,2026-02-05 12:02:40.989461
RTM1P45,0.13,0.12,0.14,1000000.0,1000000.0,0,0,0,0,0,0,0,0,0,0,23,2026-02-05 12:02:40.989461
RTM1C46,4.08,4.07,4.09,1000000.0,1000000.0,0,0,0,0,0,0,0,0,0,0,23,2026-02-05 12:02:40.989461
RTM1P46,0.23,0.22,0.24,1000000.0,1000000.0,0,0,0,0,0,0,0,0,0,0,23,2026-02-05 12:02:40.989461
RTM1C47,3.22,3.21,3.23,1000000.0,1000000.0,0,0,0,0,0,0,0,0,0,0,23,2026-02-05 12:02:40.989461
RTM1P47,0.38,0.37,0.39,1000000.0,1000000.0,0,0,0,0,0,0,0,0,0,0,23,2026-02-05 12:02:40.989461
RTM1C48,2.52,2.51,2.53,1000000.0,1000000.0,0,0,0,0,0,0,0,0,0,0,23,2026-02-05 12:02:40.989461
RTM1P48,0.67,0.66,0.68,1000000.0,1000000.0,0,0,0,0,0,0,0,0,0,0,23,2026-02-05 12:02:40.989461
RTM1C49,1.95,1.94,1.96,1000000.0,1000000.0,0,0,0,0,0,0,0,0,0,0,23,2026-02-05 12:02:40.989461
RTM1P49,1.1,1.09,1.11,1000000.0,1000000.0,0,0,0,0,0,0,0,0,0,0,23,2026-02-05 12:02:40.989461
RTM1C50,1.41,1.4,1.42,1000000.0,1000000.0,0,0,0,0,0,0,0,0,0,0,23,2026-02-05 12:02:40.989461
RTM1P50,1.57,1.56,1.58,1000000.0,1000000.0,0,0,0,0,0,0,0,0,0,0,23,2026-02-05 12:02:40.989461
RTM1C51,0.95,0.94,0.96,1000000.0,1000000.0,0,0,0,0,0,0,0,0,0,0,23,2026-02-05 12:02:40.989461
RTM1P51,2.11,2.1,2.12,1000000.0,1000000.0,0,0,0,0,0,0,0,0,0,0,23,2026-02-05 12:02:40.989461
RTM1C52,0.69,0.68,0.7,1000000.0,1000000.0,0,0,0,0,0,0,0,0,0,0,23,2026-02-05 12:02:40.989461
RTM1P52,2.84,2.83,2.85,1000000.0,1000000.0,0,0,0,0,0,0,0,0,0,0,23,2026-02-05 12:02:40.989461
RTM1C53,0.45,0.44,0.46,1000000.0,1000000.0,0,0,0,0,0,0,0,0,0,0,23,2026-02-05 12:02:40.989461
RTM1P53,3.6,3.59,3.61,1000000.0,1000000.0,0,0,0,0,0,0,0,0,0,0,23,2026-02-05 12:02:40.989461
RTM1C54,0.24,0.23,0.25,1000000.0,1000000.0,0,0,0,0,0,0,0,0,0,0,23,2026-02-05 12:02:40.989461
RTM1P54,4.39,4.38,4.4,1000000.0,1000000.0,0,0,0,0,0,0,0,0,0,0,23,2026-02-05 12:02:40.989461
RTM,49.5,49.48,49.5,100000000.0,100000000.0,0,0,0,0,0,0,0,0,0,0,24,2026-02-05 12:02:42.064515
RTM1C45,4.69,4.68,4.7,1000000.0,1000000.0,0,0,0,0,0,0,0,0,0,0,24,2026-02-05 12:02:42.064515
RTM1P45,0.19,0.18,0.2,1000000.0,1000000.0,0,0,0,0,0,0,0,0,0,0,24,2026-02-05 12:02:42.064515
RTM1C46,3.78,3.77,3.79,1000000.0,1000000.0,0,0,0,0,0,0,0,0,0,0,24,2026-02-05 12:02:42.064515
RTM1P46,0.29,0.28,0.3,1000000.0,1000000.0,0,0,0,0,0,0,0,0,0,0,24,2026-02-05 12:02:42.064515
RTM1C47,3.1,3.09,3.11,1000000.0,1000000.0,0,0,0,0,0,0,0,0,0,0,24,2026-02-05 12:02:42.064515
RTM1P47,0.6,0.59,0.61,1000000.0,1000000.0,0,0,0,0,0,0,0,0,0,0,24,2026-02-05 12:02:42.064515
RTM1C48,2.41,2.4,2.42,1000000.0,1000000.0,0,0,0,0,0,0,0,0,0,0,24,2026-02-05 12:02:42.064515
RTM1P48,0.91,0.9,0.92,1000000.0,1000000.0,0,0,0,0,0,0,0,0,0,0,24,2026-02-05 12:02:42.064515
RTM1C49,1.63,1.62,1.64,1000000.0,1000000.0,0,0,0,0,0,0,0,0,0,0,24,2026-02-05 12:02:42.064515
RTM1P49,1.14,1.13,1.15,1000000.0,1000000.0,0,0,0,0,0,0,0,0,0,0,24,2026-02-05 12:02:42.064515
RTM1C50,1.22,1.21,1.23,1000000.0,1000000.0,0,0,0,0,0,0,0,0,0,0,24,2026-02-05 12:02:42.064515
RTM1P50,1.73,1.72,1.74,1000000.0,1000000.0,0,0,0,0,0,0,0,0,0,0,24,2026-02-05 12:02:42.064515
RTM1C51,0.94,0.93,0.95,1000000.0,1000000.0,0,0,0,0,0,0,0,0,0,0,24,2026-02-05 12:02:42.064515
RTM1P51,2.45,2.44,2.46,1000000.0,1000000.0,0,0,0,0,0,0,0,0,0,0,24,2026-02-05 12:02:42.064515
RTM1C52,0.58,0.57,0.59,1000000.0,1000000.0,0,0,0,0,0,0,0,0,0,0,24,2026-02-05 12:02:42.064515
RTM1P52,3.08,3.07,3.09,1000000.0,1000000.0,0,0,0,0,0,0,0,0,0,0,24,2026-02-05 12:02:42.064515
RTM1C53,0.35,0.34,0.36,1000000.0,1000000.0,0,0,0,0,0,0,0,0,0,0,24,2026-02-05 12:02:42.064515
RTM1P53,3.86,3.85,3.87,1000000.0,1000000.0,0,0,0,0,0,0,0,0,0,0,24,2026-02-05 12:02:42.064515
RTM1C54,0.27,0.26,0.28,1000000.0,1000000.0,0,0,0,0,0,0,0,0,0,0,24,2026-02-05 12:02:42.064515
RTM1P54,4.77,4.76,4.78,1000000.0,1000000.0,0,0,0,0,0,0,0,0,0,0,24,2026-02-05 12:02:42.064515
RTM,49.31,49.29,49.31,100000000.0,100000000.0,0,0,0,0,0,0,0,0,0,0,25,2026-02-05 12:02:43.129238
RTM1C45,4.48,4.47,4.49,1000000.0,1000000.0,0,0,0,0,0,0,0,0,0,0,25,2026-02-05 12:02:43.129238
RTM1P45,0.18,0.17,0.19,1000000.0,1000000.0,0,0,0,0,0,0,0,0,0,0,25,2026-02-05 12:02:43.129238
RTM1C46,3.65,3.64,3.66,1000000.0,1000000.0,0,0,0,0,0,0,0,0,0,0,25,2026-02-05 12:02:43.129238
RTM1P46,0.35,0.34,0.36,1000000.0,1000000.0,0,0,0,0,0,0,0,0,0,0,25,2026-02-05 12:02:43.129238
RTM1C47,2.93,2.92,2.94,1000000.0,1000000.0,0,0,0,0,0,0,0,0,0,0,25,2026-02-05 12:02:43.129238
RTM1P47,0.63,0.62,0.64,1000000.0,1000000.0,0,0,0,0,0,0,0,0,0,0,25,2026-02-05 12:02:43.129238
RTM1C48,2.28,2.27,2.29,1000000.0,1000000.0,0,0,0,0,0,0,0,0,0,0,25,2026-02-05 12:02:43.129238
RTM1P48,0.98,0.97,0.99,1000000.0,1000000.0,0,0,0,0,0,0,0,0,0,0,25,2026-02-05 12:02:43.129238
RTM1C49,1.49,1.48,1.5,1000000.0,1000000.0,0,0,0,0,0,0,0,0,0,0,25,2026-02-05 12:02:43.129238
RTM1P49,1.18,1.17,1.19,1000000.0,1000000.0,0,0,0,0,0,0,0,0,0,0,25,2026-02-05 12:02:43.129238
RTM1C50,1.16,1.15,1.17,1000000.0,1000000.0,0,0,0,0,0,0,0,0,0,0,25,2026-02-05 12:02:43.129238
RTM1P50,1.86,1.85,1.87,1000000.0,1000000.0,0,0,0,0,0,0,0,0,0,0,25,2026-02-05 12:02:43.129238
RTM1C51,0.73,0.72,0.74,1000000.0,1000000.0,0,0,0,0,0,0,0,0,0,0,25,2026-02-05 12:02:43.129238
RTM1P51,2.43,2.42,2.44,1000000.0,1000000.0,0,0,0,0,0,0,0,0,0,0,25,2026-02-05 12:02:43.129238
RTM1C52,0.53,0.52,0.54,1000000.0,1000000.0,0,0,0,0,0,0,0,0,0,0,25,2026-02-05 12:02:43.129238
RTM1P52,3.23,3.22,3.24,1000000.0,1000000.0,0,0,0,0,0,0,0,0,0,0,25,2026-02-05 12:02:43.129238
RTM1C53,0.29,0.28,0.3,1000000.0,1000000.0,0,0,0,0,0,0,0,0,0,0,25,2026-02-05 12:02:43.129238
RTM1P53,3.99,3.98,4.0,1000000.0,1000000.0,0,0,0,0,0,0,0,0,0,0,25,2026-02-05 12:02:43.129238
RTM1C54,0.22,0.21,0.23,1000000.0,1000000.0,0,0,0,0,0,0,0,0,0,0,25,2026-02-05 12:02:43.129238
RTM1P54,4.92,4.91,4.93,1000000.0,1000000.0,0,0,0,0,0,0,0,0,0,0,25,2026-02-05 12:02:43.129238
RTM,48.82,48.8,48.82,100000000.0,100000000.0,0,0,0,0,0,0,0,0,0,0,26,2026-02-05 12:02:44.200590
RTM1C45,4.07,4.06,4.08,1000000.0,1000000.0,0,0,0,0,0,0,0,0,0,0,26,2026-02-05 12:02:44.200590
RTM1P45,0.26,0.25,0.27,1000000.0,1000000.0,0,0,0,0,0,0,0,0,0,0,26,2026-02-05 12:02:44.200590
RTM1C46,3.24,3.23,3.25,1000000.0,1000000.0,0,0,0,0,0,0,0,0,0,0,26,2026-02-05 12:02:44.200590
RTM1P46,0.43,0.42,0.44,1000000.0,1000000.0,0,0,0,0,0,0,0,0,0,0,26,2026-02-05 12:02:44.200590
RTM1C47,2.61,2.6,2.62,1000000.0,1000000.0,0,0,0,0,0,0,0,0,0,0,26,2026-02-05 12:02:44.200590
RTM1P47,0.8,0.79,0.81,1000000.0,1000000.0,0,0,0,0,0,0,0,0,0,0,26,2026-02-05 12:02:44.200590
RTM1C48,1.82,1.81,1.83,1000000.0,1000000.0,0,0,0,0,0,0,0,0,0,0,26,2026-02-05 12:02:44.200590
RTM1P48,1.01,1.0,1.02,1000000.0,1000000.0,0,0,0,0,0,0,0,0,0,0,26,2026-02-05 12:02:44.200590
RTM1C49,1.33,1.32,1.34,1000000.0,1000000.0,0,0,0,0,0,0,0,0,0,0,26,2026-02-05 12:02:44.200590
RTM1P49,1.51,1.5,1.52,1000000.0,1000000.0,0,0,0,0,0,0,0,0,0,0,26,2026-02-05 12:02:44.200590
RTM1C50,0.9,0.89,0.91,1000000.0,1000000.0,0,0,0,0,0,0,0,0,0,0,26,2026-02-05 12:02:44.200590
RTM1P50,2.09,2.08,2.1,1000000.0,1000000.0,0,0,0,0,0,0,0,0,0,0,26,2026-02-05 12:02:44.200590
RTM1C51,0.69,0.68,0.7,1000000.0,1000000.0,0,0,0,0,0,0,0,0,0,0,26,2026-02-05 12:02:44.200590
RTM1P51,2.88,2.87,2.89,1000000.0,1000000.0,0,0,0,0,0,0,0,0,0,0,26,2026-02-05 12:02:44.200590
RTM1C52,0.42,0.41,0.43,1000000.0,1000000.0,0,0,0,0,0,0,0,0,0,0,26,2026-02-05 12:02:44.200590
RTM1P52,3.61,3.6,3.62,1000000.0,1000000.0,0,0,0,0,0,0,0,0,0,0,26,2026-02-05 12:02:44.200590
RTM1C53,0.29,0.28,0.3,1000000.0,1000000.0,0,0,0,0,0,0,0,0,0,0,26,2026-02-05 12:02:44.200590
RTM1P53,4.48,4.47,4.49,1000000.0,1000000.0,0,0,0,0,0,0,0,0,0,0,26,2026-02-05 12:02:44.200590
RTM1C54,0.14,0.13,0.15,1000000.0,1000000.0,0,0,0,0,0,0,0,0,0,0,26,2026-02-05 12:02:44.200590
RTM1P54,5.32,5.31,5.33,1000000.0,1000000.0,0,0,0,0,0,0,0,0,0,0,26,2026-02-05 12:02:44.200590
RTM,48.95,48.94,48.96,100000000.0,100000000.0,0,0,0,0,0,0,0,0,0,0,27,2026-02-05 12:02:44.767386
RTM1C45,4.18,4.17,4.19,1000000.0,1000000.0,0,0,0,0,0,0,0,0,0,0,27,2026-02-05 12:02:44.767386
RTM1P45,0.22,0.21,0.23,1000000.0,1000000.0,0,0,0,0,0,0,0,0,0,0,27,2026-02-05 12:02:44.767386
RTM1C46,3.41,3.4,3.42,1000000.0,1000000.0,0,0,0,0,0,0,0,0,0,0,27,2026-02-05 12:02:44.767386
RTM1P46,0.45,0.44,0.46,1000000.0,1000000.0,0,0,0,0,0,0,0,0,0,0,27,2026-02-05 12:02:44.767386
RTM1C47,2.6,2.59,2.61,1000000.0,1000000.0,0,0,0,0,0,0,0,0,0,0,27,2026-02-05 12:02:44.767386
RTM1P47,0.65,0.64,0.66,1000000.0,1000000.0,0,0,0,0,0,0,0,0,0,0,27,2026-02-05 12:02:44.767386
RTM1C48,2.08,2.07,2.09,1000000.0,1000000.0,0,0,0,0,0,0,0,0,0,0,27,2026-02-05 12:02:44.767386
RTM1P48,1.13,1.12,1.14,1000000.0,1000000.0,0,0,0,0,0,0,0,0,0,0,27,2026-02-05 12:02:44.767386
RTM1C49,1.37,1.36,1.38,1000000.0,1000000.0,0,0,0,0,0,0,0,0,0,0,27,2026-02-05 12:02:44.767386
RTM1P49,1.42,1.41,1.43,1000000.0,1000000.0,0,0,0,0,0,0,0,0,0,0,27,2026-02-05 12:02:44.767386
RTM1C50,0.95,0.94,0.96,1000000.0,1000000.0,0,0,0,0,0,0,0,0,0,0,27,2026-02-05 12:02:44.767386
RTM1P50,2.0,1.99,2.01,1000000.0,1000000.0,0,0,0,0,0,0,0,0,0,0,27,2026-02-05 12:02:44.767386
RTM1C51,0.72,0.71,0.73,1000000.0,1000000.0,0,0,0,0,0,0,0,0,0,0,27,2026-02-05 12:02:44.767386
RTM1P51,2.76,2.75,2.77,1000000.0,1000000.0,0,0,0,0,0,0,0,0,0,0,27,2026-02-05 12:02:44.767386
RTM1C52,0.44,0.43,0.45,1000000.0,1000000.0,0,0,0,0,0,0,0,0,0,0,27,2026-02-05 12:02:44.767386
RTM1P52,3.48,3.47,3.49,1000000.0,1000000.0,0,0,0,0,0,0,0,0,0,0,27,2026-02-05 12:02:44.767386
RTM1C53,0.27,0.26,0.28,1000000.0,1000000.0,0,0,0,0,0,0,0,0,0,0,27,2026-02-05 12:02:44.767386
RTM1P53,4.31,4.3,4.32,1000000.0,1000000.0,0,0,0,0,0,0,0,0,0,0,27,2026-02-05 12:02:44.767386
RTM1C54,0.16,0.15,0.17,1000000.0,1000000.0,0,0,0,0,0,0,0,0,0,0,27,2026-02-05 12:02:44.767386
RTM1P54,5.21,5.2,5.22,1000000.0,1000000.0,0,0,0,0,0,0,0,0,0,0,27,2026-02-05 12:02:44.767386
RTM,48.74,48.73,48.75,100000000.0,100000000.0,0,0,0,0,0,0,0,0,0,0,28,2026-02-05 12:02:45.849965
RTM1C45,4.04,4.03,4.05,1000000.0,1000000.0,0,0,0,0,0,0,0,0,0,0,28,2026-02-05 12:02:45.849965
RTM1P45,0.3,0.29,0.31,1000000.0,1000000.0,0,0,0,0,0,0,0,0,0,0,28,2026-02-05 12:02:45.849965
RTM1C46,3.15,3.14,3.16,1000000.0,1000000.0,0,0,0,0,0,0,0,0,0,0,28,2026-02-05 12:02:45.849965
RTM1P46,0.41,0.4,0.42,1000000.0,1000000.0,0,0,0,0,0,0,0,0,0,0,28,2026-02-05 12:02:45.849965
RTM1C47,2.48,2.47,2.49,1000000.0,1000000.0,0,0,0,0,0,0,0,0,0,0,28,2026-02-05 12:02:45.849965
RTM1P47,0.74,0.73,0.75,1000000.0,1000000.0,0,0,0,0,0,0,0,0,0,0,28,2026-02-05 12:02:45.849965
RTM1C48,1.83,1.82,1.84,1000000.0,1000000.0,0,0,0,0,0,0,0,0,0,0,28,2026-02-05 12:02:45.849965
RTM1P48,1.09,1.08,1.1,1000000.0,1000000.0,0,0,0,0,0,0,0,0,0,0,28,2026-02-05 12:02:45.849965
RTM1C49,1.18,1.17,1.19,1000000.0,1000000.0,0,0,0,0,0,0,0,0,0,0,28,2026-02-05 12:02:45.849965
RTM1P49,1.44,1.43,1.45,1000000.0,1000000.0,0,0,0,0,0,0,0,0,0,0,28,2026-02-05 12:02:45.849965
RTM1C50,1.04,1.03,1.05,1000000.0,1000000.0,0,0,0,0,0,0,0,0,0,0,28,2026-02-05 12:02:45.849965
RTM1P50,2.3,2.29,2.31,1000000.0,1000000.0,0,0,0,0,0,0,0,0,0,0,28,2026-02-05 12:02:45.849965
RTM1C51,0.58,0.57,0.59,1000000.0,1000000.0,0,0,0,0,0,0,0,0,0,0,28,2026-02-05 12:02:45.849965
RTM1P51,2.84,2.83,2.85,1000000.0,1000000.0,0,0,0,0,0,0,0,0,0,0,28,2026-02-05 12:02:45.849965
RTM1C52,0.44,0.43,0.45,1000000.0,1000000.0,0,0,0,0,0,0,0,0,0,0,28,2026-02-05 12:02:45.849965
RTM1P52,3.7,3.69,3.71,1000000.0,1000000.0,0,0,0,0,0,0,0,0,0,0,28,2026-02-05 12:02:45.849965
RTM1C53,0.22,0.21,0.23,1000000.0,1000000.0,0,0,0,0,0,0,0,0,0,0,28,2026-02-05 12:02:45.849965
RTM1P53,4.48,4.47,4.49,1000000.0,1000000.0,0,0,0,0,0,0,0,0,0,0,28,2026-02-05 12:02:45.849965
RTM1C54,0.13,0.12,0.14,1000000.0,1000000.0,0,0,0,0,0,0,0,0,0,0,28,2026-02-05 12:02:45.849965
RTM1P54,5.39,5.38,5.4,1000000.0,1000000.0,0,0,0,0,0,0,0,0,0,0,28,2026-02-05 12:02:45.849965
RTM,48.87,48.86,48.88,100000000.0,100000000.0,0,0,0,0,0,0,0,0,0,0,29,2026-02-05 12:02:46.970792
RTM1C45,4.13,4.12,4.14,1000000.0,1000000.0,0,0,0,0,0,0,0,0,0,0,29,2026-02-05 12:02:46.970792
RTM1P45,0.26,0.25,0.27,1000000.0,1000000.0,0,0,0,0,0,0,0,0,0,0,29,2026-02-05 12:02:46.970792
RTM1C46,3.36,3.35,3.37,1000000.0,1000000.0,0,0,0,0,0,0,0,0,0,0,29,2026-02-05 12:02:46.970792
RTM1P46,0.48,0.47,0.49,1000000.0,1000000.0,0,0,0,0,0,0,0,0,0,0,29,2026-02-05 12:02:46.970792
RTM1C47,2.62,2.61,2.63,1000000.0,1000000.0,0,0,0,0,0,0,0,0,0,0,29,2026-02-05 12:02:46.970792
RTM1P47,0.75,0.74,0.76,1000000.0,1000000.0,0,0,0,0,0,0,0,0,0,0,29,2026-02-05 12:02:46.970792
RTM1C48,1.9,1.89,1.91,1000000.0,1000000.0,0,0,0,0,0,0,0,0,0,0,29,2026-02-05 12:02:46.970792
RTM1P48,1.03,1.02,1.04,1000000.0,1000000.0,0,0,0,0,0,0,0,0,0,0,29,2026-02-05 12:02:46.970792
RTM1C49,1.34,1.33,1.35,1000000.0,1000000.0,0,0,0,0,0,0,0,0,0,0,29,2026-02-05 12:02:46.970792
RTM1P49,1.47,1.46,1.48,1000000.0,1000000.0,0,0,0,0,0,0,0,0,0,0,29,2026-02-05 12:02:46.970792
RTM1C50,0.96,0.95,0.97,1000000.0,1000000.0,0,0,0,0,0,0,0,0,0,0,29,2026-02-05 12:02:46.970792
RTM1P50,2.09,2.08,2.1,1000000.0,1000000.0,0,0,0,0,0,0,0,0,0,0,29,2026-02-05 12:02:46.970792
RTM1C51,0.74,0.73,0.75,1000000.0,1000000.0,0,0,0,0,0,0,0,0,0,0,29,2026-02-05 12:02:46.970792
RTM1P51,2.87,2.86,2.88,1000000.0,1000000.0,0,0,0,0,0,0,0,0,0,0,29,2026-02-05 12:02:46.970792
RTM1C52,0.44,0.43,0.45,1000000.0,1000000.0,0,0,0,0,0,0,0,0,0,0,29,2026-02-05 12:02:46.970792
RTM1P52,3.57,3.56,3.58,1000000.0,1000000.0,0,0,0,0,0,0,0,0,0,0,29,2026-02-05 12:02:46.970792
RTM1C53,0.29,0.28,0.3,1000000.0,1000000.0,0,0,0,0,0,0,0,0,0,0,29,2026-02-05 12:02:46.970792
RTM1P53,4.42,4.41,4.43,1000000.0,1000000.0,0,0,0,0,0,0,0,0,0,0,29,2026-02-05 12:02:46.970792
RTM1C54,0.14,0.13,0.15,1000000.0,1000000.0,0,0,0,0,0,0,0,0,0,0,29,2026-02-05 12:02:46.970792
RTM1P54,5.27,5.26,5.28,1000000.0,1000000.0,0,0,0,0,0,0,0,0,0,0,29,2026-02-05 12:02:46.970792
RTM,49.0,49.0,49.02,100000000.0,100000000.0,0,0,0,0,0,0,0,0,0,0,30,2026-02-05 12:02:48.164470
RTM1C45,4.25,4.24,4.26,1000000.0,1000000.0,0,0,0,0,0,0,0,0,0,0,30,2026-02-05 12:02:48.164470
RTM1P45,0.24,0.23,0.25,1000000.0,1000000.0,0,0,0,0,0,0,0,0,0,0,30,2026-02-05 12:02:48.164470
RTM1C46,3.41,3.4,3.42,1000000.0,1000000.0,0,0,0,0,0,0,0,0,0,0,30,2026-02-05 12:02:48.164470
RTM1P46,0.4,0.39,0.41,1000000.0,1000000.0,0,0,0,0,0,0,0,0,0,0,30,2026-02-05 12:02:48.164470
RTM1C47,2.66,2.65,2.67,1000000.0,1000000.0,0,0,0,0,0,0,0,0,0,0,30,2026-02-05 12:02:48.164470
RTM1P47,0.65,0.64,0.66,1000000.0,1000000.0,0,0,0,0,0,0,0,0,0,0,30,2026-02-05 12:02:48.164470
RTM1C48,2.02,2.01,2.03,1000000.0,1000000.0,0,0,0,0,0,0,0,0,0,0,30,2026-02-05 12:02:48.164470
RTM1P48,1.01,1.0,1.02,1000000.0,1000000.0,0,0,0,0,0,0,0,0,0,0,30,2026-02-05 12:02:48.164470
RTM1C49,1.36,1.35,1.37,1000000.0,1000000.0,0,0,0,0,0,0,0,0,0,0,30,2026-02-05 12:02:48.164470
RTM1P49,1.35,1.34,1.36,1000000.0,1000000.0,0,0,0,0,0,0,0,0,0,0,30,2026-02-05 12:02:48.164470
RTM1C50,1.09,1.08,1.1,1000000.0,1000000.0,0,0,0,0,0,0,0,0,0,0,30,2026-02-05 12:02:48.164470
RTM1P50,2.08,2.07,2.09,1000000.0,1000000.0,0,0,0,0,0,0,0,0,0,0,30,2026-02-05 12:02:48.164470
RTM1C51,0.73,0.72,0.74,1000000.0,1000000.0,0,0,0,0,0,0,0,0,0,0,30,2026-02-05 12:02:48.164470
RTM1P51,2.72,2.71,2.73,1000000.0,1000000.0,0,0,0,0,0,0,0,0,0,0,30,2026-02-05 12:02:48.164470
RTM1C52,0.43,0.42,0.44,1000000.0,1000000.0,0,0,0,0,0,0,0,0,0,0,30,2026-02-05 12:02:48.164470
RTM1P52,3.43,3.42,3.44,1000000.0,1000000.0,0,0,0,0,0,0,0,0,0,0,30,2026-02-05 12:02:48.164470
RTM1C53,0.37,0.36,0.38,1000000.0,1000000.0,0,0,0,0,0,0,0,0,0,0,30,2026-02-05 12:02:48.164470
RTM1P53,4.36,4.35,4.37,1000000.0,1000000.0,0,0,0,0,0,0,0,0,0,0,30,2026-02-05 12:02:48.164470
RTM1C54,0.22,0.21,0.23,1000000.0,1000000.0,0,0,0,0,0,0,0,0,0,0,30,2026-02-05 12:02:48.164470
RTM1P54,5.21,5.2,5.22,1000000.0,1000000.0,0,0,0,0,0,0,0,0,0,0,30,2026-02-05 12:02:48.164470
RTM,49.05,49.04,49.06,100000000.0,100000000.0,0,0,0,0,0,0,0,0,0,0,31,2026-02-05 12:02:48.771987
RTM1C45,4.28,4.27,4.29,1000000.0,1000000.0,0,0,0,0,0,0,0,0,0,0,31,2026-02-05 12:02:48.771987
RTM1P45,0.23,0.22,0.24,1000000.0,1000000.0,0,0,0,0,0,0,0,0,0,0,31,2026-02-05 12:02:48.771987
RTM1C46,3.5,3.49,3.51,1000000.0,1000000.0,0,0,0,0,0,0,0,0,0,0,31,2026-02-05 12:02:48.771987
RTM1P46,0.45,0.44,0.46,1000000.0,1000000.0,0,0,0,0,0,0,0,0,0,0,31,2026-02-05 12:02:48.771987
RTM1C47,2.66,2.65,2.67,1000000.0,1000000.0,0,0,0,0,0,0,0,0,0,0,31,2026-02-05 12:02:48.771987
RTM1P47,0.61,0.6,0.62,1000000.0,1000000.0,0,0,0,0,0,0,0,0,0,0,31,2026-02-05 12:02:48.771987
RTM1C48,2.06,2.05,2.07,1000000.0,1000000.0,0,0,0,0,0,0,0,0,0,0,31,2026-02-05 12:02:48.771987
RTM1P48,1.01,1.0,1.02,1000000.0,1000000.0,0,0,0,0,0,0,0,0,0,0,31,2026-02-05 12:02:48.771987
RTM1C49,1.55,1.54,1.56,1000000.0,1000000.0,0,0,0,0,0,0,0,0,0,0,31,2026-02-05 12:02:48.771987
RTM1P49,1.5,1.49,1.51,1000000.0,1000000.0,0,0,0,0,0,0,0,0,0,0,31,2026-02-05 12:02:48.771987
RTM1C50,1.12,1.11,1.13,1000000.0,1000000.0,0,0,0,0,0,0,0,0,0,0,31,2026-02-05 12:02:48.771987
RTM1P50,2.07,2.06,2.08,1000000.0,1000000.0,0,0,0,0,0,0,0,0,0,0,31,2026-02-05 12:02:48.771987
RTM1C51,0.81,0.8,0.82,1000000.0,1000000.0,0,0,0,0,0,0,0,0,0,0,31,2026-02-05 12:02:48.771987
RTM1P51,2.76,2.75,2.77,1000000.0,1000000.0,0,0,0,0,0,0,0,0,0,0,31,2026-02-05 12:02:48.771987
RTM1C52,0.53,0.52,0.54,1000000.0,1000000.0,0,0,0,0,0,0,0,0,0,0,31,2026-02-05 12:02:48.771987
RTM1P52,3.48,3.47,3.49,1000000.0,1000000.0,0,0,0,0,0,0,0,0,0,0,31,2026-02-05 12:02:48.771987
RTM1C53,0.29,0.28,0.3,1000000.0,1000000.0,0,0,0,0,0,0,0,0,0,0,31,2026-02-05 12:02:48.771987
RTM1P53,4.24,4.23,4.25,1000000.0,1000000.0,0,0,0,0,0,0,0,0,0,0,31,2026-02-05 12:02:48.771987
RTM1C54,0.25,0.24,0.26,1000000.0,1000000.0,0,0,0,0,0,0,0,0,0,0,31,2026-02-05 12:02:48.771987
RTM1P54,5.2,5.19,5.21,1000000.0,1000000.0,0,0,0,0,0,0,0,0,0,0,31,2026-02-05 12:02:48.771987
RTM,48.84,48.83,48.85,100000000.0,100000000.0,0,0,0,0,0,0,0,0,0,0,32,2026-02-05 12:02:49.847845
RTM1C45,4.1,4.09,4.11,1000000.0,1000000.0,0,0,0,0,0,0,0,0,0,0,32,2026-02-05 12:02:49.847845
RTM1P45,0.26,0.25,0.27,1000000.0,1000000.0,0,0,0,0,0,0,0,0,0,0,32,2026-02-05 12:02:49.847845
RTM1C46,3.26,3.25,3.27,1000000.0,1000000.0,0,0,0,0,0,0,0,0,0,0,32,2026-02-05 12:02:49.847845
RTM1P46,0.42,0.41,0.43,1000000.0,1000000.0,0,0,0,0,0,0,0,0,0,0,32,2026-02-05 12:02:49.847845
RTM1C47,2.62,2.61,2.63,1000000.0,1000000.0,0,0,0,0,0,0,0,0,0,0,32,2026-02-05 12:02:49.847845
RTM1P47,0.78,0.77,0.79,1000000.0,1000000.0,0,0,0,0,0,0,0,0,0,0,32,2026-02-05 12:02:49.847845
RTM1C48,1.96,1.95,1.97,1000000.0,1000000.0,0,0,0,0,0,0,0,0,0,0,32,2026-02-05 12:02:49.847845
RTM1P48,1.12,1.11,1.13,1000000.0,1000000.0,0,0,0,0,0,0,0,0,0,0,32,2026-02-05 12:02:49.847845
RTM1C49,1.37,1.36,1.38,1000000.0,1000000.0,0,0,0,0,0,0,0,0,0,0,32,2026-02-05 12:02:49.847845
RTM1P49,1.53,1.52,1.54,1000000.0,1000000.0,0,0,0,0,0,0,0,0,0,0,32,2026-02-05 12:02:49.847845
RTM1C50,0.97,0.96,0.98,1000000.0,1000000.0,0,0,0,0,0,0,0,0,0,0,32,2026-02-05 12:02:49.847845
RTM1P50,2.13,2.12,2.14,1000000.0,1000000.0,0,0,0,0,0,0,0,0,0,0,32,2026-02-05 12:02:49.847845
RTM1C51,0.69,0.68,0.7,1000000.0,1000000.0,0,0,0,0,0,0,0,0,0,0,32,2026-02-05 12:02:49.847845
RTM1P51,2.85,2.84,2.86,1000000.0,1000000.0,0,0,0,0,0,0,0,0,0,0,32,2026-02-05 12:02:49.847845
RTM1C52,0.42,0.41,0.43,1000000.0,1000000.0,0,0,0,0,0,0,0,0,0,0,32,2026-02-05 12:02:49.847845
RTM1P52,3.58,3.57,3.59,1000000.0,1000000.0,0,0,0,0,0,0,0,0,0,0,32,2026-02-05 12:02:49.847845
RTM1C53,0.32,0.31,0.33,1000000.0,1000000.0,0,0,0,0,0,0,0,0,0,0,32,2026-02-05 12:02:49.847845
RTM1P53,4.48,4.47,4.49,1000000.0,1000000.0,0,0,0,0,0,0,0,0,0,0,32,2026-02-05 12:02:49.847845
RTM1C54,0.21,0.2,0.22,1000000.0,1000000.0,0,0,0,0,0,0,0,0,0,0,32,2026-02-05 12:02:49.847845
RTM1P54,5.38,5.37,5.39,1000000.0,1000000.0,0,0,0,0,0,0,0,0,0,0,32,2026-02-05 12:02:49.847845
RTM,48.96,48.95,48.97,100000000.0,100000000.0,0,0,0,0,0,0,0,0,0,0,33,2026-02-05 12:02:50.943316
RTM1C45,4.21,4.2,4.22,1000000.0,1000000.0,0,0,0,0,0,0,0,0,0,0,33,2026-02-05 12:02:50.943316
RTM1P45,0.25,0.24,0.26,1000000.0,1000000.0,0,0,0,0,0,0,0,0,0,0,33,2026-02-05 12:02:50.943316
RTM1C46,3.44,3.43,3.45,1000000.0,1000000.0,0,0,0,0,0,0,0,0,0,0,33,2026-02-05 12:02:50.943316
RTM1P46,0.48,0.47,0.49,1000000.0,1000000.0,0,0,0,0,0,0,0,0,0,0,33,2026-02-05 12:02:50.943316
RTM1C47,2.66,2.65,2.67,1000000.0,1000000.0,0,0,0,0,0,0,0,0,0,0,33,2026-02-05 12:02:50.943316
RTM1P47,0.7,0.69,0.71,1000000.0,1000000.0,0,0,0,0,0,0,0,0,0,0,33,2026-02-05 12:02:50.943316
RTM1C48,2.0,1.99,2.01,1000000.0,1000000.0,0,0,0,0,0,0,0,0,0,0,33,2026-02-05 12:02:50.943316
RTM1P48,1.04,1.03,1.05,1000000.0,1000000.0,0,0,0,0,0,0,0,0,0,0,33,2026-02-05 12:02:50.943316
RTM1C49,1.5,1.49,1.51,1000000.0,1000000.0,0,0,0,0,0,0,0,0,0,0,33,2026-02-05 12:02:50.943316
RTM1P49,1.54,1.53,1.55,1000000.0,1000000.0,0,0,0,0,0,0,0,0,0,0,33,2026-02-05 12:02:50.943316
RTM1C50,1.13,1.12,1.14,1000000.0,1000000.0,0,0,0,0,0,0,0,0,0,0,33,2026-02-05 12:02:50.943316
RTM1P50,2.17,2.16,2.18,1000000.0,1000000.0,0,0,0,0,0,0,0,0,0,0,33,2026-02-05 12:02:50.943316
RTM1C51,0.69,0.68,0.7,1000000.0,1000000.0,0,0,0,0,0,0,0,0,0,0,33,2026-02-05 12:02:50.943316
RTM1P51,2.74,2.73,2.75,1000000.0,1000000.0,0,0,0,0,0,0,0,0,0,0,33,2026-02-05 12:02:50.943316
RTM1C52,0.47,0.46,0.48,1000000.0,1000000.0,0,0,0,0,0,0,0,0,0,0,33,2026-02-05 12:02:50.943316
RTM1P52,3.51,3.5,3.52,1000000.0,1000000.0,0,0,0,0,0,0,0,0,0,0,33,2026-02-05 12:02:50.943316
RTM1C53,0.32,0.31,0.33,1000000.0,1000000.0,0,0,0,0,0,0,0,0,0,0,33,2026-02-05 12:02:50.943316
RTM1P53,4.36,4.35,4.37,1000000.0,1000000.0,0,0,0,0,0,0,0,0,0,0,33,2026-02-05 12:02:50.943316
RTM1C54,0.22,0.21,0.23,1000000.0,1000000.0,0,0,0,0,0,0,0,0,0,0,33,2026-02-05 12:02:50.943316
RTM1P54,5.26,5.25,5.27,1000000.0,1000000.0,0,0,0,0,0,0,0,0,0,0,33,2026-02-05 12:02:50.943316
RTM,49.07,49.06,49.08,100000000.0,100000000.0,0,0,0,0,0,0,0,0,0,0,34,2026-02-05 12:02:52.065337
RTM1C45,4.31,4.3,4.32,1000000.0,1000000.0,0,0,0,0,0,0,0,0,0,0,34,2026-02-05 12:02:52.065337
RTM1P45,0.24,0.23,0.25,1000000.0,1000000.0,0,0,0,0,0,0,0,0,0,0,34,2026-02-05 12:02:52.065337
RTM1C46,3.48,3.47,3.49,1000000.0,1000000.0,0,0,0,0,0,0,0,0,0,0,34,2026-02-05 12:02:52.065337
RTM1P46,0.41,0.4,0.42,1000000.0,1000000.0,0,0,0,0,0,0,0,0,0,0,34,2026-02-05 12:02:52.065337
RTM1C47,2.74,2.73,2.75,1000000.0,1000000.0,0,0,0,0,0,0,0,0,0,0,34,2026-02-05 12:02:52.065337
RTM1P47,0.67,0.66,0.68,1000000.0,1000000.0,0,0,0,0,0,0,0,0,0,0,34,2026-02-05 12:02:52.065337
RTM1C48,2.05,2.04,2.06,1000000.0,1000000.0,0,0,0,0,0,0,0,0,0,0,34,2026-02-05 12:02:52.065337
RTM1P48,0.98,0.97,0.99,1000000.0,1000000.0,0,0,0,0,0,0,0,0,0,0,34,2026-02-05 12:02:52.065337
RTM1C49,1.61,1.6,1.62,1000000.0,1000000.0,0,0,0,0,0,0,0,0,0,0,34,2026-02-05 12:02:52.065337
RTM1P49,1.54,1.53,1.55,1000000.0,1000000.0,0,0,0,0,0,0,0,0,0,0,34,2026-02-05 12:02:52.065337
RTM1C50,1.15,1.14,1.16,1000000.0,1000000.0,0,0,0,0,0,0,0,0,0,0,34,2026-02-05 12:02:52.065337
RTM1P50,2.08,2.07,2.09,1000000.0,1000000.0,0,0,0,0,0,0,0,0,0,0,34,2026-02-05 12:02:52.065337
RTM1C51,0.81,0.8,0.82,1000000.0,1000000.0,0,0,0,0,0,0,0,0,0,0,34,2026-02-05 12:02:52.065337
RTM1P51,2.74,2.73,2.75,1000000.0,1000000.0,0,0,0,0,0,0,0,0,0,0,34,2026-02-05 12:02:52.065337
RTM1C52,0.52,0.51,0.53,1000000.0,1000000.0,0,0,0,0,0,0,0,0,0,0,34,2026-02-05 12:02:52.065337
RTM1P52,3.45,3.44,3.46,1000000.0,1000000.0,0,0,0,0,0,0,0,0,0,0,34,2026-02-05 12:02:52.065337
RTM1C53,0.33,0.32,0.34,1000000.0,1000000.0,0,0,0,0,0,0,0,0,0,0,34,2026-02-05 12:02:52.065337
RTM1P53,4.27,4.26,4.28,1000000.0,1000000.0,0,0,0,0,0,0,0,0,0,0,34,2026-02-05 12:02:52.065337
RTM1C54,0.21,0.2,0.22,1000000.0,1000000.0,0,0,0,0,0,0,0,0,0,0,34,2026-02-05 12:02:52.065337
RTM1P54,5.14,5.13,5.15,1000000.0,1000000.0,0,0,0,0,0,0,0,0,0,0,34,2026-02-05 12:02:52.065337
RTM,49.35,49.35,49.37,100000000.0,100000000.0,0,0,0,0,0,0,0,0,0,0,35,2026-02-05 12:02:53.142602
RTM1C45,4.56,4.55,4.57,1000000.0,1000000.0,0,0,0,0,0,0,0,0,0,0,35,2026-02-05 12:02:53.142602
RTM1P45,0.2,0.19,0.21,1000000.0,1000000.0,0,0,0,0,0,0,0,0,0,0,35,2026-02-05 12:02:53.142602
RTM1C46,3.78,3.77,3.79,1000000.0,1000000.0,0,0,0,0,0,0,0,0,0,0,35,2026-02-05 12:02:53.142602
RTM1P46,0.43,0.42,0.44,1000000.0,1000000.0,0,0,0,0,0,0,0,0,0,0,35,2026-02-05 12:02:53.142602
RTM1C47,2.95,2.94,2.96,1000000.0,1000000.0,0,0,0,0,0,0,0,0,0,0,35,2026-02-05 12:02:53.142602
RTM1P47,0.59,0.58,0.6,1000000.0,1000000.0,0,0,0,0,0,0,0,0,0,0,35,2026-02-05 12:02:53.142602
RTM1C48,2.23,2.22,2.24,1000000.0,1000000.0,0,0,0,0,0,0,0,0,0,0,35,2026-02-05 12:02:53.142602
RTM1P48,0.88,0.87,0.89,1000000.0,1000000.0,0,0,0,0,0,0,0,0,0,0,35,2026-02-05 12:02:53.142602
RTM1C49,1.76,1.75,1.77,1000000.0,1000000.0,0,0,0,0,0,0,0,0,0,0,35,2026-02-05 12:02:53.142602
RTM1P49,1.4,1.39,1.41,1000000.0,1000000.0,0,0,0,0,0,0,0,0,0,0,35,2026-02-05 12:02:53.142602
RTM1C50,1.26,1.25,1.27,1000000.0,1000000.0,0,0,0,0,0,0,0,0,0,0,35,2026-02-05 12:02:53.142602
RTM1P50,1.9,1.89,1.91,1000000.0,1000000.0,0,0,0,0,0,0,0,0,0,0,35,2026-02-05 12:02:53.142602
RTM1C51,0.91,0.9,0.92,1000000.0,1000000.0,0,0,0,0,0,0,0,0,0,0,35,2026-02-05 12:02:53.142602
RTM1P51,2.55,2.54,2.56,1000000.0,1000000.0,0,0,0,0,0,0,0,0,0,0,35,2026-02-05 12:02:53.142602
RTM1C52,0.57,0.56,0.58,1000000.0,1000000.0,0,0,0,0,0,0,0,0,0,0,35,2026-02-05 12:02:53.142602
RTM1P52,3.21,3.2,3.22,1000000.0,1000000.0,0,0,0,0,0,0,0,0,0,0,35,2026-02-05 12:02:53.142602
RTM1C53,0.41,0.4,0.42,1000000.0,1000000.0,0,0,0,0,0,0,0,0,0,0,35,2026-02-05 12:02:53.142602
RTM1P53,4.05,4.04,4.06,1000000.0,1000000.0,0,0,0,0,0,0,0,0,0,0,35,2026-02-05 12:02:53.142602
RTM1C54,0.23,0.22,0.24,1000000.0,1000000.0,0,0,0,0,0,0,0,0,0,0,35,2026-02-05 12:02:53.142602
RTM1P54,4.87,4.86,4.88,1000000.0,1000000.0,0,0,0,0,0,0,0,0,0,0,35,2026-02-05 12:02:53.142602
RTM,49.09,49.07,49.09,100000000.0,100000000.0,0,0,0,0,0,0,0,0,0,0,36,2026-02-05 12:02:54.206569,3.0,1.0,35.0,,News 1,The analysts have informed you that the realized volatility of RTM next week will be between 28% and 33%
RTM1C45,4.36,4.35,4.37,1000000.0,1000000.0,0,0,0,0,0,0,0,0,0,0,36,2026-02-05 12:02:54.206569,,,,,,
RTM1P45,0.28,0.27,0.29,1000000.0,1000000.0,0,0,0,0,0,0,0,0,0,0,36,2026-02-05 12:02:54.206569,,,,,,
RTM1C46,3.53,3.52,3.54,1000000.0,1000000.0,0,0,0,0,0,0,0,0,0,0,36,2026-02-05 12:02:54.206569,,,,,,
RTM1P46,0.45,0.44,0.46,1000000.0,1000000.0,0,0,0,0,0,0,0,0,0,0,36,2026-02-05 12:02:54.206569,,,,,,
RTM1C47,2.75,2.74,2.76,1000000.0,1000000.0,0,0,0,0,0,0,0,0,0,0,36,2026-02-05 12:02:54.206569,,,,,,
RTM1P47,0.66,0.65,0.67,1000000.0,1000000.0,0,0,0,0,0,0,0,0,0,0,36,2026-02-05 12:02:54.206569,,,,,,
RTM1C48,2.08,2.07,2.09,1000000.0,1000000.0,0,0,0,0,0,0,0,0,0,0,36,2026-02-05 12:02:54.206569,,,,,,
RTM1P48,0.99,0.98,1.0,1000000.0,1000000.0,0,0,0,0,0,0,0,0,0,0,36,2026-02-05 12:02:54.206569,,,,,,
RTM1C49,1.6,1.59,1.61,1000000.0,1000000.0,0,0,0,0,0,0,0,0,0,0,36,2026-02-05 12:02:54.206569,,,,,,
RTM1P49,1.51,1.5,1.52,1000000.0,1000000.0,0,0,0,0,0,0,0,0,0,0,36,2026-02-05 12:02:54.206569,,,,,,
RTM1C50,1.12,1.11,1.13,1000000.0,1000000.0,0,0,0,0,0,0,0,0,0,0,36,2026-02-05 12:02:54.206569,,,,,,
RTM1P50,2.04,2.03,2.05,1000000.0,1000000.0,0,0,0,0,0,0,0,0,0,0,36,2026-02-05 12:02:54.206569,,,,,,
RTM1C51,0.84,0.83,0.85,1000000.0,1000000.0,0,0,0,0,0,0,0,0,0,0,36,2026-02-05 12:02:54.206569,,,,,,
RTM1P51,2.75,2.74,2.76,1000000.0,1000000.0,0,0,0,0,0,0,0,0,0,0,36,2026-02-05 12:02:54.206569,,,,,,
RTM1C52,0.52,0.51,0.53,1000000.0,1000000.0,0,0,0,0,0,0,0,0,0,0,36,2026-02-05 12:02:54.206569,,,,,,
RTM1P52,3.43,3.42,3.44,1000000.0,1000000.0,0,0,0,0,0,0,0,0,0,0,36,2026-02-05 12:02:54.206569,,,,,,
RTM1C53,0.34,0.33,0.35,1000000.0,1000000.0,0,0,0,0,0,0,0,0,0,0,36,2026-02-05 12:02:54.206569,,,,,,
RTM1P53,4.26,4.25,4.27,1000000.0,1000000.0,0,0,0,0,0,0,0,0,0,0,36,2026-02-05 12:02:54.206569,,,,,,
RTM1C54,0.23,0.22,0.24,1000000.0,1000000.0,0,0,0,0,0,0,0,0,0,0,36,2026-02-05 12:02:54.206569,,,,,,
RTM1P54,5.14,5.13,5.15,1000000.0,1000000.0,0,0,0,0,0,0,0,0,0,0,36,2026-02-05 12:02:54.206569,,,,,,
RTM,49.11,49.1,49.12,100000000.0,100000000.0,0,0,0,0,0,0,0,0,0,0,37,2026-02-05 12:02:55.298114
RTM1C45,4.35,4.34,4.36,1000000.0,1000000.0,0,0,0,0,0,0,0,0,0,0,37,2026-02-05 12:02:55.298114
RTM1P45,0.23,0.22,0.24,1000000.0,1000000.0,0,0,0,0,0,0,0,0,0,0,37,2026-02-05 12:02:55.298114
RTM1C46,3.55,3.54,3.56,1000000.0,1000000.0,0,0,0,0,0,0,0,0,0,0,37,2026-02-05 12:02:55.298114
RTM1P46,0.44,0.43,0.45,1000000.0,1000000.0,0,0,0,0,0,0,0,0,0,0,37,2026-02-05 12:02:55.298114
RTM1C47,2.81,2.8,2.82,1000000.0,1000000.0,0,0,0,0,0,0,0,0,0,0,37,2026-02-05 12:02:55.298114
RTM1P47,0.7,0.69,0.71,1000000.0,1000000.0,0,0,0,0,0,0,0,0,0,0,37,2026-02-05 12:02:55.298114
RTM1C48,2.14,2.13,2.15,1000000.0,1000000.0,0,0,0,0,0,0,0,0,0,0,37,2026-02-05 12:02:55.298114
RTM1P48,1.03,1.02,1.04,1000000.0,1000000.0,0,0,0,0,0,0,0,0,0,0,37,2026-02-05 12:02:55.298114
RTM1C49,1.57,1.56,1.58,1000000.0,1000000.0,0,0,0,0,0,0,0,0,0,0,37,2026-02-05 12:02:55.298114
RTM1P49,1.45,1.44,1.46,1000000.0,1000000.0,0,0,0,0,0,0,0,0,0,0,37,2026-02-05 12:02:55.298114
RTM1C50,1.14,1.13,1.15,1000000.0,1000000.0,0,0,0,0,0,0,0,0,0,0,37,2026-02-05 12:02:55.298114
RTM1P50,2.03,2.02,2.04,1000000.0,1000000.0,0,0,0,0,0,0,0,0,0,0,37,2026-02-05 12:02:55.298114
RTM1C51,0.8,0.79,0.81,1000000.0,1000000.0,0,0,0,0,0,0,0,0,0,0,37,2026-02-05 12:02:55.298114
RTM1P51,2.68,2.67,2.69,1000000.0,1000000.0,0,0,0,0,0,0,0,0,0,0,37,2026-02-05 12:02:55.298114
RTM1C52,0.52,0.51,0.53,1000000.0,1000000.0,0,0,0,0,0,0,0,0,0,0,37,2026-02-05 12:02:55.298114
RTM1P52,3.4,3.39,3.41,1000000.0,1000000.0,0,0,0,0,0,0,0,0,0,0,37,2026-02-05 12:02:55.298114
RTM1C53,0.34,0.33,0.35,1000000.0,1000000.0,0,0,0,0,0,0,0,0,0,0,37,2026-02-05 12:02:55.298114
RTM1P53,4.23,4.22,4.24,1000000.0,1000000.0,0,0,0,0,0,0,0,0,0,0,37,2026-02-05 12:02:55.298114
RTM1C54,0.2,0.19,0.21,1000000.0,1000000.0,0,0,0,0,0,0,0,0,0,0,37,2026-02-05 12:02:55.298114
RTM1P54,5.09,5.08,5.1,1000000.0,1000000.0,0,0,0,0,0,0,0,0,0,0,37,2026-02-05 12:02:55.298114
RTM,48.89,48.88,48.9,100000000.0,100000000.0,0,0,0,0,0,0,0,0,0,0,38,2026-02-05 12:02:55.888665
RTM1C45,4.18,4.17,4.19,1000000.0,1000000.0,0,0,0,0,0,0,0,0,0,0,38,2026-02-05 12:02:55.888665
RTM1P45,0.29,0.28,0.3,1000000.0,1000000.0,0,0,0,0,0,0,0,0,0,0,38,2026-02-05 12:02:55.888665
RTM1C46,3.41,3.4,3.42,1000000.0,1000000.0,0,0,0,0,0,0,0,0,0,0,38,2026-02-05 12:02:55.888665
RTM1P46,0.52,0.51,0.53,1000000.0,1000000.0,0,0,0,0,0,0,0,0,0,0,38,2026-02-05 12:02:55.888665
RTM1C47,2.7,2.69,2.71,1000000.0,1000000.0,0,0,0,0,0,0,0,0,0,0,38,2026-02-05 12:02:55.888665
RTM1P47,0.81,0.8,0.82,1000000.0,1000000.0,0,0,0,0,0,0,0,0,0,0,38,2026-02-05 12:02:55.888665
RTM1C48,2.04,2.03,2.05,1000000.0,1000000.0,0,0,0,0,0,0,0,0,0,0,38,2026-02-05 12:02:55.888665
RTM1P48,1.15,1.14,1.16,1000000.0,1000000.0,0,0,0,0,0,0,0,0,0,0,38,2026-02-05 12:02:55.888665
RTM1C49,1.52,1.51,1.53,1000000.0,1000000.0,0,0,0,0,0,0,0,0,0,0,38,2026-02-05 12:02:55.888665
RTM1P49,1.63,1.62,1.64,1000000.0,1000000.0,0,0,0,0,0,0,0,0,0,0,38,2026-02-05 12:02:55.888665
RTM1C50,1.08,1.07,1.09,1000000.0,1000000.0,0,0,0,0,0,0,0,0,0,0,38,2026-02-05 12:02:55.888665
RTM1P50,2.19,2.18,2.2,1000000.0,1000000.0,0,0,0,0,0,0,0,0,0,0,38,2026-02-05 12:02:55.888665
RTM1C51,0.73,0.72,0.74,1000000.0,1000000.0,0,0,0,0,0,0,0,0,0,0,38,2026-02-05 12:02:55.888665
RTM1P51,2.83,2.82,2.84,1000000.0,1000000.0,0,0,0,0,0,0,0,0,0,0,38,2026-02-05 12:02:55.888665
RTM1C52,0.51,0.5,0.52,1000000.0,1000000.0,0,0,0,0,0,0,0,0,0,0,38,2026-02-05 12:02:55.888665
RTM1P52,3.62,3.61,3.63,1000000.0,1000000.0,0,0,0,0,0,0,0,0,0,0,38,2026-02-05 12:02:55.888665
RTM1C53,0.35,0.34,0.36,1000000.0,1000000.0,0,0,0,0,0,0,0,0,0,0,38,2026-02-05 12:02:55.888665
RTM1P53,4.45,4.44,4.46,1000000.0,1000000.0,0,0,0,0,0,0,0,0,0,0,38,2026-02-05 12:02:55.888665
RTM1C54,0.22,0.21,0.23,1000000.0,1000000.0,0,0,0,0,0,0,0,0,0,0,38,2026-02-05 12:02:55.888665
RTM1P54,5.32,5.31,5.33,1000000.0,1000000.0,0,0,0,0,0,0,0,0,0,0,38,2026-02-05 12:02:55.888665
RTM,49.22,49.21,49.23,100000000.0,100000000.0,0,0,0,0,0,0,0,0,0,0,39,2026-02-05 12:02:57.082605
RTM1C45,4.44,4.43,4.45,1000000.0,1000000.0,0,0,0,0,0,0,0,0,0,0,39,2026-02-05 12:02:57.082605
RTM1P45,0.23,0.22,0.24,1000000.0,1000000.0,0,0,0,0,0,0,0,0,0,0,39,2026-02-05 12:02:57.082605
RTM1C46,3.62,3.61,3.63,1000000.0,1000000.0,0,0,0,0,0,0,0,0,0,0,39,2026-02-05 12:02:57.082605
RTM1P46,0.4,0.39,0.41,1000000.0,1000000.0,0,0,0,0,0,0,0,0,0,0,39,2026-02-05 12:02:57.082605
RTM1C47,2.85,2.84,2.86,1000000.0,1000000.0,0,0,0,0,0,0,0,0,0,0,39,2026-02-05 12:02:57.082605
RTM1P47,0.64,0.63,0.65,1000000.0,1000000.0,0,0,0,0,0,0,0,0,0,0,39,2026-02-05 12:02:57.082605
RTM1C48,2.21,2.2,2.22,1000000.0,1000000.0,0,0,0,0,0,0,0,0,0,0,39,2026-02-05 12:02:57.082605
RTM1P48,1.0,0.99,1.01,1000000.0,1000000.0,0,0,0,0,0,0,0,0,0,0,39,2026-02-05 12:02:57.082605
RTM1C49,1.7,1.69,1.71,1000000.0,1000000.0,0,0,0,0,0,0,0,0,0,0,39,2026-02-05 12:02:57.082605
RTM1P49,1.49,1.48,1.5,1000000.0,1000000.0,0,0,0,0,0,0,0,0,0,0,39,2026-02-05 12:02:57.082605
RTM1C50,1.26,1.25,1.27,1000000.0,1000000.0,0,0,0,0,0,0,0,0,0,0,39,2026-02-05 12:02:57.082605
RTM1P50,2.04,2.03,2.05,1000000.0,1000000.0,0,0,0,0,0,0,0,0,0,0,39,2026-02-05 12:02:57.082605
RTM1C51,0.82,0.81,0.83,1000000.0,1000000.0,0,0,0,0,0,0,0,0,0,0,39,2026-02-05 12:02:57.082605
RTM1P51,2.61,2.6,2.62,1000000.0,1000000.0,0,0,0,0,0,0,0,0,0,0,39,2026-02-05 12:02:57.082605
RTM1C52,0.57,0.56,0.58,1000000.0,1000000.0,0,0,0,0,0,0,0,0,0,0,39,2026-02-05 12:02:57.082605
RTM1P52,3.35,3.34,3.36,1000000.0,1000000.0,0,0,0,0,0,0,0,0,0,0,39,2026-02-05 12:02:57.082605
RTM1C53,0.41,0.4,0.42,1000000.0,1000000.0,0,0,0,0,0,0,0,0,0,0,39,2026-02-05 12:02:57.082605
RTM1P53,4.2,4.19,4.21,1000000.0,1000000.0,0,0,0,0,0,0,0,0,0,0,39,2026-02-05 12:02:57.082605
RTM1C54,0.25,0.24,0.26,1000000.0,1000000.0,0,0,0,0,0,0,0,0,0,0,39,2026-02-05 12:02:57.082605
RTM1P54,5.03,5.02,5.04,1000000.0,1000000.0,0,0,0,0,0,0,0,0,0,0,39,2026-02-05 12:02:57.082605
RTM,49.3,49.29,49.31,100000000.0,100000000.0,0,0,0,0,0,0,0,0,0,0,40,2026-02-05 12:02:58.172528
RTM1C45,4.54,4.53,4.55,1000000.0,1000000.0,0,0,0,0,0,0,0,0,0,0,40,2026-02-05 12:02:58.172528
RTM1P45,0.23,0.22,0.24,1000000.0,1000000.0,0,0,0,0,0,0,0,0,0,0,40,2026-02-05 12:02:58.172528
RTM1C46,3.74,3.73,3.75,1000000.0,1000000.0,0,0,0,0,0,0,0,0,0,0,40,2026-02-05 12:02:58.172528
RTM1P46,0.44,0.43,0.45,1000000.0,1000000.0,0,0,0,0,0,0,0,0,0,0,40,2026-02-05 12:02:58.172528
RTM1C47,3.0,2.99,3.01,1000000.0,1000000.0,0,0,0,0,0,0,0,0,0,0,40,2026-02-05 12:02:58.172528
RTM1P47,0.69,0.68,0.7,1000000.0,1000000.0,0,0,0,0,0,0,0,0,0,0,40,2026-02-05 12:02:58.172528
RTM1C48,2.35,2.34,2.36,1000000.0,1000000.0,0,0,0,0,0,0,0,0,0,0,40,2026-02-05 12:02:58.172528
RTM1P48,1.04,1.03,1.05,1000000.0,1000000.0,0,0,0,0,0,0,0,0,0,0,40,2026-02-05 12:02:58.172528
RTM1C49,1.74,1.73,1.75,1000000.0,1000000.0,0,0,0,0,0,0,0,0,0,0,40,2026-02-05 12:02:58.172528
RTM1P49,1.43,1.42,1.44,1000000.0,1000000.0,0,0,0,0,0,0,0,0,0,0,40,2026-02-05 12:02:58.172528
RTM1C50,1.27,1.26,1.28,1000000.0,1000000.0,0,0,0,0,0,0,0,0,0,0,40,2026-02-05 12:02:58.172528
RTM1P50,1.96,1.95,1.97,1000000.0,1000000.0,0,0,0,0,0,0,0,0,0,0,40,2026-02-05 12:02:58.172528
RTM1C51,0.93,0.92,0.94,1000000.0,1000000.0,0,0,0,0,0,0,0,0,0,0,40,2026-02-05 12:02:58.172528
RTM1P51,2.62,2.61,2.63,1000000.0,1000000.0,0,0,0,0,0,0,0,0,0,0,40,2026-02-05 12:02:58.172528
RTM1C52,0.65,0.64,0.66,1000000.0,1000000.0,0,0,0,0,0,0,0,0,0,0,40,2026-02-05 12:02:58.172528
RTM1P52,3.35,3.34,3.36,1000000.0,1000000.0,0,0,0,0,0,0,0,0,0,0,40,2026-02-05 12:02:58.172528
RTM1C53,0.4,0.39,0.41,1000000.0,1000000.0,0,0,0,0,0,0,0,0,0,0,40,2026-02-05 12:02:58.172528
RTM1P53,4.09,4.08,4.1,1000000.0,1000000.0,0,0,0,0,0,0,0,0,0,0,40,2026-02-05 12:02:58.172528
RTM1C54,0.26,0.25,0.27,1000000.0,1000000.0,0,0,0,0,0,0,0,0,0,0,40,2026-02-05 12:02:58.172528
RTM1P54,4.95,4.94,4.96,1000000.0,1000000.0,0,0,0,0,0,0,0,0,0,0,40,2026-02-05 12:02:58.172528
RTM,49.1,49.09,49.11,100000000.0,100000000.0,0,0,0,0,0,0,0,0,0,0,41,2026-02-05 12:02:59.243363
RTM1C45,4.36,4.35,4.37,1000000.0,1000000.0,0,0,0,0,0,0,0,0,0,0,41,2026-02-05 12:02:59.243363
RTM1P45,0.26,0.25,0.27,1000000.0,1000000.0,0,0,0,0,0,0,0,0,0,0,41,2026-02-05 12:02:59.243363
RTM1C46,3.59,3.58,3.6,1000000.0,1000000.0,0,0,0,0,0,0,0,0,0,0,41,2026-02-05 12:02:59.243363
RTM1P46,0.49,0.48,0.5,1000000.0,1000000.0,0,0,0,0,0,0,0,0,0,0,41,2026-02-05 12:02:59.243363
RTM1C47,2.83,2.82,2.84,1000000.0,1000000.0,0,0,0,0,0,0,0,0,0,0,41,2026-02-05 12:02:59.243363
RTM1P47,0.73,0.72,0.74,1000000.0,1000000.0,0,0,0,0,0,0,0,0,0,0,41,2026-02-05 12:02:59.243363
RTM1C48,2.19,2.18,2.2,1000000.0,1000000.0,0,0,0,0,0,0,0,0,0,0,41,2026-02-05 12:02:59.243363
RTM1P48,1.09,1.08,1.1,1000000.0,1000000.0,0,0,0,0,0,0,0,0,0,0,41,2026-02-05 12:02:59.243363
RTM1C49,1.65,1.64,1.66,1000000.0,1000000.0,0,0,0,0,0,0,0,0,0,0,41,2026-02-05 12:02:59.243363
RTM1P49,1.55,1.54,1.56,1000000.0,1000000.0,0,0,0,0,0,0,0,0,0,0,41,2026-02-05 12:02:59.243363
RTM1C50,1.19,1.18,1.2,1000000.0,1000000.0,0,0,0,0,0,0,0,0,0,0,41,2026-02-05 12:02:59.243363
RTM1P50,2.09,2.08,2.1,1000000.0,1000000.0,0,0,0,0,0,0,0,0,0,0,41,2026-02-05 12:02:59.243363
RTM1C51,0.82,0.81,0.83,1000000.0,1000000.0,0,0,0,0,0,0,0,0,0,0,41,2026-02-05 12:02:59.243363
RTM1P51,2.72,2.71,2.73,1000000.0,1000000.0,0,0,0,0,0,0,0,0,0,0,41,2026-02-05 12:02:59.243363
RTM1C52,0.61,0.6,0.62,1000000.0,1000000.0,0,0,0,0,0,0,0,0,0,0,41,2026-02-05 12:02:59.243363
RTM1P52,3.51,3.5,3.52,1000000.0,1000000.0,0,0,0,0,0,0,0,0,0,0,41,2026-02-05 12:02:59.243363
RTM1C53,0.34,0.33,0.35,1000000.0,1000000.0,0,0,0,0,0,0,0,0,0,0,41,2026-02-05 12:02:59.243363
RTM1P53,4.25,4.24,4.26,1000000.0,1000000.0,0,0,0,0,0,0,0,0,0,0,41,2026-02-05 12:02:59.243363
RTM1C54,0.24,0.23,0.25,1000000.0,1000000.0,0,0,0,0,0,0,0,0,0,0,41,2026-02-05 12:02:59.243363
RTM1P54,5.14,5.13,5.15,1000000.0,1000000.0,0,0,0,0,0,0,0,0,0,0,41,2026-02-05 12:02:59.243363
RTM,49.17,49.16,49.18,100000000.0,100000000.0,0,0,0,0,0,0,0,0,0,0,42,2026-02-05 12:03:00.303233
RTM1C45,4.41,4.4,4.42,1000000.0,1000000.0,0,0,0,0,0,0,0,0,0,0,42,2026-02-05 12:03:00.303233
RTM1P45,0.24,0.23,0.25,1000000.0,1000000.0,0,0,0,0,0,0,0,0,0,0,42,2026-02-05 12:03:00.303233
RTM1C46,3.64,3.63,3.65,1000000.0,1000000.0,0,0,0,0,0,0,0,0,0,0,42,2026-02-05 12:03:00.303233
RTM1P46,0.47,0.46,0.48,1000000.0,1000000.0,0,0,0,0,0,0,0,0,0,0,42,2026-02-05 12:03:00.303233
RTM1C47,2.86,2.85,2.87,1000000.0,1000000.0,0,0,0,0,0,0,0,0,0,0,42,2026-02-05 12:03:00.303233
RTM1P47,0.69,0.68,0.7,1000000.0,1000000.0,0,0,0,0,0,0,0,0,0,0,42,2026-02-05 12:03:00.303233
RTM1C48,2.19,2.18,2.2,1000000.0,1000000.0,0,0,0,0,0,0,0,0,0,0,42,2026-02-05 12:03:00.303233
RTM1P48,1.02,1.01,1.03,1000000.0,1000000.0,0,0,0,0,0,0,0,0,0,0,42,2026-02-05 12:03:00.303233
RTM1C49,1.67,1.66,1.68,1000000.0,1000000.0,0,0,0,0,0,0,0,0,0,0,42,2026-02-05 12:03:00.303233
RTM1P49,1.5,1.49,1.51,1000000.0,1000000.0,0,0,0,0,0,0,0,0,0,0,42,2026-02-05 12:03:00.303233
RTM1C50,1.19,1.18,1.2,1000000.0,1000000.0,0,0,0,0,0,0,0,0,0,0,42,2026-02-05 12:03:00.303233
RTM1P50,2.02,2.01,2.03,1000000.0,1000000.0,0,0,0,0,0,0,0,0,0,0,42,2026-02-05 12:03:00.303233
RTM1C51,0.89,0.88,0.9,1000000.0,1000000.0,0,0,0,0,0,0,0,0,0,0,42,2026-02-05 12:03:00.303233
RTM1P51,2.72,2.71,2.73,1000000.0,1000000.0,0,0,0,0,0,0,0,0,0,0,42,2026-02-05 12:03:00.303233
RTM1C52,0.57,0.56,0.58,1000000.0,1000000.0,0,0,0,0,0,0,0,0,0,0,42,2026-02-05 12:03:00.303233
RTM1P52,3.4,3.39,3.41,1000000.0,1000000.0,0,0,0,0,0,0,0,0,0,0,42,2026-02-05 12:03:00.303233
RTM1C53,0.38,0.37,0.39,1000000.0,1000000.0,0,0,0,0,0,0,0,0,0,0,42,2026-02-05 12:03:00.303233
RTM1P53,4.22,4.21,4.23,1000000.0,1000000.0,0,0,0,0,0,0,0,0,0,0,42,2026-02-05 12:03:00.303233
RTM1C54,0.27,0.26,0.28,1000000.0,1000000.0,0,0,0,0,0,0,0,0,0,0,42,2026-02-05 12:03:00.303233
RTM1P54,5.1,5.09,5.11,1000000.0,1000000.0,0,0,0,0,0,0,0,0,0,0,42,2026-02-05 12:03:00.303233
RTM,49.09,49.08,49.1,100000000.0,100000000.0,0,0,0,0,0,0,0,0,0,0,43,2026-02-05 12:03:01.363509
RTM1C45,4.36,4.35,4.37,1000000.0,1000000.0,0,0,0,0,0,0,0,0,0,0,43,2026-02-05 12:03:01.363509
RTM1P45,0.27,0.26,0.28,1000000.0,1000000.0,0,0,0,0,0,0,0,0,0,0,43,2026-02-05 12:03:01.363509
RTM1C46,3.52,3.51,3.53,1000000.0,1000000.0,0,0,0,0,0,0,0,0,0,0,43,2026-02-05 12:03:01.363509
RTM1P46,0.43,0.42,0.44,1000000.0,1000000.0,0,0,0,0,0,0,0,0,0,0,43,2026-02-05 12:03:01.363509
RTM1C47,2.84,2.83,2.85,1000000.0,1000000.0,0,0,0,0,0,0,0,0,0,0,43,2026-02-05 12:03:01.363509
RTM1P47,0.75,0.74,0.76,1000000.0,1000000.0,0,0,0,0,0,0,0,0,0,0,43,2026-02-05 12:03:01.363509
RTM1C48,2.14,2.13,2.15,1000000.0,1000000.0,0,0,0,0,0,0,0,0,0,0,43,2026-02-05 12:03:01.363509
RTM1P48,1.04,1.03,1.05,1000000.0,1000000.0,0,0,0,0,0,0,0,0,0,0,43,2026-02-05 12:03:01.363509
RTM1C49,1.67,1.66,1.68,1000000.0,1000000.0,0,0,0,0,0,0,0,0,0,0,43,2026-02-05 12:03:01.363509
RTM1P49,1.58,1.57,1.59,1000000.0,1000000.0,0,0,0,0,0,0,0,0,0,0,43,2026-02-05 12:03:01.363509
RTM1C50,1.22,1.21,1.23,1000000.0,1000000.0,0,0,0,0,0,0,0,0,0,0,43,2026-02-05 12:03:01.363509
RTM1P50,2.13,2.12,2.14,1000000.0,1000000.0,0,0,0,0,0,0,0,0,0,0,43,2026-02-05 12:03:01.363509
RTM1C51,0.86,0.85,0.87,1000000.0,1000000.0,0,0,0,0,0,0,0,0,0,0,43,2026-02-05 12:03:01.363509
RTM1P51,2.77,2.76,2.78,1000000.0,1000000.0,0,0,0,0,0,0,0,0,0,0,43,2026-02-05 12:03:01.363509
RTM1C52,0.57,0.56,0.58,1000000.0,1000000.0,0,0,0,0,0,0,0,0,0,0,43,2026-02-05 12:03:01.363509
RTM1P52,3.48,3.47,3.49,1000000.0,1000000.0,0,0,0,0,0,0,0,0,0,0,43,2026-02-05 12:03:01.363509
RTM1C53,0.38,0.37,0.39,1000000.0,1000000.0,0,0,0,0,0,0,0,0,0,0,43,2026-02-05 12:03:01.363509
RTM1P53,4.29,4.28,4.3,1000000.0,1000000.0,0,0,0,0,0,0,0,0,0,0,43,2026-02-05 12:03:01.363509
RTM1C54,0.27,0.26,0.28,1000000.0,1000000.0,0,0,0,0,0,0,0,0,0,0,43,2026-02-05 12:03:01.363509
RTM1P54,5.17,5.16,5.18,1000000.0,1000000.0,0,0,0,0,0,0,0,0,0,0,43,2026-02-05 12:03:01.363509
RTM,49.11,49.1,49.12,100000000.0,100000000.0,0,0,0,0,0,0,0,0,0,0,44,2026-02-05 12:03:01.932417
RTM1C45,4.38,4.37,4.39,1000000.0,1000000.0,0,0,0,0,0,0,0,0,0,0,44,2026-02-05 12:03:01.932417
RTM1P45,0.27,0.26,0.28,1000000.0,1000000.0,0,0,0,0,0,0,0,0,0,0,44,2026-02-05 12:03:01.932417
RTM1C46,3.54,3.53,3.55,1000000.0,1000000.0,0,0,0,0,0,0,0,0,0,0,44,2026-02-05 12:03:01.932417
RTM1P46,0.43,0.42,0.44,1000000.0,1000000.0,0,0,0,0,0,0,0,0,0,0,44,2026-02-05 12:03:01.932417
RTM1C47,2.83,2.82,2.84,1000000.0,1000000.0,0,0,0,0,0,0,0,0,0,0,44,2026-02-05 12:03:01.932417
RTM1P47,0.73,0.72,0.74,1000000.0,1000000.0,0,0,0,0,0,0,0,0,0,0,44,2026-02-05 12:03:01.932417
RTM1C48,2.21,2.2,2.22,1000000.0,1000000.0,0,0,0,0,0,0,0,0,0,0,44,2026-02-05 12:03:01.932417
RTM1P48,1.1,1.09,1.11,1000000.0,1000000.0,0,0,0,0,0,0,0,0,0,0,44,2026-02-05 12:03:01.932417
RTM1C49,1.66,1.65,1.67,1000000.0,1000000.0,0,0,0,0,0,0,0,0,0,0,44,2026-02-05 12:03:01.932417
RTM1P49,1.55,1.54,1.56,1000000.0,1000000.0,0,0,0,0,0,0,0,0,0,0,44,2026-02-05 12:03:01.932417
RTM1C50,1.18,1.17,1.19,1000000.0,1000000.0,0,0,0,0,0,0,0,0,0,0,44,2026-02-05 12:03:01.932417
RTM1P50,2.08,2.07,2.09,1000000.0,1000000.0,0,0,0,0,0,0,0,0,0,0,44,2026-02-05 12:03:01.932417
RTM1C51,0.82,0.81,0.83,1000000.0,1000000.0,0,0,0,0,0,0,0,0,0,0,44,2026-02-05 12:03:01.932417
RTM1P51,2.72,2.71,2.73,1000000.0,1000000.0,0,0,0,0,0,0,0,0,0,0,44,2026-02-05 12:03:01.932417
RTM1C52,0.56,0.55,0.57,1000000.0,1000000.0,0,0,0,0,0,0,0,0,0,0,44,2026-02-05 12:03:01.932417
RTM1P52,3.45,3.44,3.46,1000000.0,1000000.0,0,0,0,0,0,0,0,0,0,0,44,2026-02-05 12:03:01.932417
RTM1C53,0.41,0.4,0.42,1000000.0,1000000.0,0,0,0,0,0,0,0,0,0,0,44,2026-02-05 12:03:01.932417
RTM1P53,4.3,4.29,4.31,1000000.0,1000000.0,0,0,0,0,0,0,0,0,0,0,44,2026-02-05 12:03:01.932417
RTM1C54,0.23,0.22,0.24,1000000.0,1000000.0,0,0,0,0,0,0,0,0,0,0,44,2026-02-05 12:03:01.932417
RTM1P54,5.13,5.12,5.14,1000000.0,1000000.0,0,0,0,0,0,0,0,0,0,0,44,2026-02-05 12:03:01.932417
RTM,48.59,48.58,48.6,100000000.0,100000000.0,0,0,0,0,0,0,0,0,0,0,45,2026-02-05 12:03:03.108550
RTM1C45,3.94,3.93,3.95,1000000.0,1000000.0,0,0,0,0,0,0,0,0,0,0,45,2026-02-05 12:03:03.108550
RTM1P45,0.35,0.34,0.36,1000000.0,1000000.0,0,0,0,0,0,0,0,0,0,0,45,2026-02-05 12:03:03.108550
RTM1C46,3.17,3.16,3.18,1000000.0,1000000.0,0,0,0,0,0,0,0,0,0,0,45,2026-02-05 12:03:03.108550
RTM1P46,0.58,0.57,0.59,1000000.0,1000000.0,0,0,0,0,0,0,0,0,0,0,45,2026-02-05 12:03:03.108550
RTM1C47,2.5,2.49,2.51,1000000.0,1000000.0,0,0,0,0,0,0,0,0,0,0,45,2026-02-05 12:03:03.108550
RTM1P47,0.91,0.9,0.92,1000000.0,1000000.0,0,0,0,0,0,0,0,0,0,0,45,2026-02-05 12:03:03.108550
RTM1C48,1.86,1.85,1.87,1000000.0,1000000.0,0,0,0,0,0,0,0,0,0,0,45,2026-02-05 12:03:03.108550
RTM1P48,1.27,1.26,1.28,1000000.0,1000000.0,0,0,0,0,0,0,0,0,0,0,45,2026-02-05 12:03:03.108550
RTM1C49,1.42,1.41,1.43,1000000.0,1000000.0,0,0,0,0,0,0,0,0,0,0,45,2026-02-05 12:03:03.108550
RTM1P49,1.83,1.82,1.84,1000000.0,1000000.0,0,0,0,0,0,0,0,0,0,0,45,2026-02-05 12:03:03.108550
RTM1C50,0.98,0.97,0.99,1000000.0,1000000.0,0,0,0,0,0,0,0,0,0,0,45,2026-02-05 12:03:03.108550
RTM1P50,2.39,2.38,2.4,1000000.0,1000000.0,0,0,0,0,0,0,0,0,0,0,45,2026-02-05 12:03:03.108550
RTM1C51,0.71,0.7,0.72,1000000.0,1000000.0,0,0,0,0,0,0,0,0,0,0,45,2026-02-05 12:03:03.108550
RTM1P51,3.12,3.11,3.13,1000000.0,1000000.0,0,0,0,0,0,0,0,0,0,0,45,2026-02-05 12:03:03.108550
RTM1C52,0.48,0.47,0.49,1000000.0,1000000.0,0,0,0,0,0,0,0,0,0,0,45,2026-02-05 12:03:03.108550
RTM1P52,3.89,3.88,3.9,1000000.0,1000000.0,0,0,0,0,0,0,0,0,0,0,45,2026-02-05 12:03:03.108550
RTM1C53,0.29,0.28,0.3,1000000.0,1000000.0,0,0,0,0,0,0,0,0,0,0,45,2026-02-05 12:03:03.108550
RTM1P53,4.7,4.69,4.71,1000000.0,1000000.0,0,0,0,0,0,0,0,0,0,0,45,2026-02-05 12:03:03.108550
RTM1C54,0.19,0.18,0.2,1000000.0,1000000.0,0,0,0,0,0,0,0,0,0,0,45,2026-02-05 12:03:03.108550
RTM1P54,5.6,5.59,5.61,1000000.0,1000000.0,0,0,0,0,0,0,0,0,0,0,45,2026-02-05 12:03:03.108550
RTM,48.84,48.84,48.86,100000000.0,100000000.0,0,0,0,0,0,0,0,0,0,0,46,2026-02-05 12:03:04.237478
RTM1C45,4.16,4.15,4.17,1000000.0,1000000.0,0,0,0,0,0,0,0,0,0,0,46,2026-02-05 12:03:04.237478
RTM1P45,0.31,0.3,0.32,1000000.0,1000000.0,0,0,0,0,0,0,0,0,0,0,46,2026-02-05 12:03:04.237478
RTM1C46,3.4,3.39,3.41,1000000.0,1000000.0,0,0,0,0,0,0,0,0,0,0,46,2026-02-05 12:03:04.237478
RTM1P46,0.54,0.53,0.55,1000000.0,1000000.0,0,0,0,0,0,0,0,0,0,0,46,2026-02-05 12:03:04.237478
RTM1C47,2.68,2.67,2.69,1000000.0,1000000.0,0,0,0,0,0,0,0,0,0,0,46,2026-02-05 12:03:04.237478
RTM1P47,0.83,0.82,0.84,1000000.0,1000000.0,0,0,0,0,0,0,0,0,0,0,46,2026-02-05 12:03:04.237478
RTM1C48,2.04,2.03,2.05,1000000.0,1000000.0,0,0,0,0,0,0,0,0,0,0,46,2026-02-05 12:03:04.237478
RTM1P48,1.18,1.17,1.19,1000000.0,1000000.0,0,0,0,0,0,0,0,0,0,0,46,2026-02-05 12:03:04.237478
RTM1C49,1.5,1.49,1.51,1000000.0,1000000.0,0,0,0,0,0,0,0,0,0,0,46,2026-02-05 12:03:04.237478
RTM1P49,1.65,1.64,1.66,1000000.0,1000000.0,0,0,0,0,0,0,0,0,0,0,46,2026-02-05 12:03:04.237478
RTM1C50,1.09,1.08,1.1,1000000.0,1000000.0,0,0,0,0,0,0,0,0,0,0,46,2026-02-05 12:03:04.237478
RTM1P50,2.23,2.22,2.24,1000000.0,1000000.0,0,0,0,0,0,0,0,0,0,0,46,2026-02-05 12:03:04.237478
RTM1C51,0.8,0.79,0.81,1000000.0,1000000.0,0,0,0,0,0,0,0,0,0,0,46,2026-02-05 12:03:04.237478
RTM1P51,2.95,2.94,2.96,1000000.0,1000000.0,0,0,0,0,0,0,0,0,0,0,46,2026-02-05 12:03:04.237478
RTM1C52,0.55,0.54,0.56,1000000.0,1000000.0,0,0,0,0,0,0,0,0,0,0,46,2026-02-05 12:03:04.237478
RTM1P52,3.7,3.69,3.71,1000000.0,1000000.0,0,0,0,0,0,0,0,0,0,0,46,2026-02-05 12:03:04.237478
RTM1C53,0.33,0.32,0.34,1000000.0,1000000.0,0,0,0,0,0,0,0,0,0,0,46,2026-02-05 12:03:04.237478
RTM1P53,4.48,4.47,4.49,1000000.0,1000000.0,0,0,0,0,0,0,0,0,0,0,46,2026-02-05 12:03:04.237478
RTM1C54,0.23,0.22,0.24,1000000.0,1000000.0,0,0,0,0,0,0,0,0,0,0,46,2026-02-05 12:03:04.237478
RTM1P54,5.37,5.36,5.38,1000000.0,1000000.0,0,0,0,0,0,0,0,0,0,0,46,2026-02-05 12:03:04.237478
RTM,49.59,49.59,49.61,100000000.0,100000000.0,0,0,0,0,0,0,0,0,0,0,47,2026-02-05 12:03:05.306790
RTM1C45,4.82,4.81,4.83,1000000.0,1000000.0,0,0,0,0,0,0,0,0,0,0,47,2026-02-05 12:03:05.306790
RTM1P45,0.22,0.21,0.23,1000000.0,1000000.0,0,0,0,0,0,0,0,0,0,0,47,2026-02-05 12:03:05.306790
RTM1C46,3.98,3.97,3.99,1000000.0,1000000.0,0,0,0,0,0,0,0,0,0,0,47,2026-02-05 12:03:05.306790
RTM1P46,0.38,0.37,0.39,1000000.0,1000000.0,0,0,0,0,0,0,0,0,0,0,47,2026-02-05 12:03:05.306790
RTM1C47,3.23,3.22,3.24,1000000.0,1000000.0,0,0,0,0,0,0,0,0,0,0,47,2026-02-05 12:03:05.306790
RTM1P47,0.63,0.62,0.64,1000000.0,1000000.0,0,0,0,0,0,0,0,0,0,0,47,2026-02-05 12:03:05.306790
RTM1C48,2.55,2.54,2.56,1000000.0,1000000.0,0,0,0,0,0,0,0,0,0,0,47,2026-02-05 12:03:05.306790
RTM1P48,0.95,0.94,0.96,1000000.0,1000000.0,0,0,0,0,0,0,0,0,0,0,47,2026-02-05 12:03:05.306790
RTM1C49,1.96,1.95,1.97,1000000.0,1000000.0,0,0,0,0,0,0,0,0,0,0,47,2026-02-05 12:03:05.306790
RTM1P49,1.36,1.35,1.37,1000000.0,1000000.0,0,0,0,0,0,0,0,0,0,0,47,2026-02-05 12:03:05.306790
RTM1C50,1.46,1.45,1.47,1000000.0,1000000.0,0,0,0,0,0,0,0,0,0,0,47,2026-02-05 12:03:05.306790
RTM1P50,1.86,1.85,1.87,1000000.0,1000000.0,0,0,0,0,0,0,0,0,0,0,47,2026-02-05 12:03:05.306790
RTM1C51,1.05,1.04,1.06,1000000.0,1000000.0,0,0,0,0,0,0,0,0,0,0,47,2026-02-05 12:03:05.306790
RTM1P51,2.45,2.44,2.46,1000000.0,1000000.0,0,0,0,0,0,0,0,0,0,0,47,2026-02-05 12:03:05.306790
RTM1C52,0.76,0.75,0.77,1000000.0,1000000.0,0,0,0,0,0,0,0,0,0,0,47,2026-02-05 12:03:05.306790
RTM1P52,3.16,3.15,3.17,1000000.0,1000000.0,0,0,0,0,0,0,0,0,0,0,47,2026-02-05 12:03:05.306790
RTM1C53,0.51,0.5,0.52,1000000.0,1000000.0,0,0,0,0,0,0,0,0,0,0,47,2026-02-05 12:03:05.306790
RTM1P53,3.91,3.9,3.92,1000000.0,1000000.0,0,0,0,0,0,0,0,0,0,0,47,2026-02-05 12:03:05.306790
RTM1C54,0.35,0.34,0.36,1000000.0,1000000.0,0,0,0,0,0,0,0,0,0,0,47,2026-02-05 12:03:05.306790
RTM1P54,4.75,4.74,4.76,1000000.0,1000000.0,0,0,0,0,0,0,0,0,0,0,47,2026-02-05 12:03:05.306790
RTM,49.78,49.77,49.79,100000000.0,100000000.0,0,0,0,0,0,0,0,0,0,0,48,2026-02-05 12:03:05.892182
RTM1C45,4.98,4.97,4.99,1000000.0,1000000.0,0,0,0,0,0,0,0,0,0,0,48,2026-02-05 12:03:05.892182
RTM1P45,0.2,0.19,0.21,1000000.0,1000000.0,0,0,0,0,0,0,0,0,0,0,48,2026-02-05 12:03:05.892182
RTM1C46,4.13,4.12,4.14,1000000.0,1000000.0,0,0,0,0,0,0,0,0,0,0,48,2026-02-05 12:03:05.892182
RTM1P46,0.35,0.34,0.36,1000000.0,1000000.0,0,0,0,0,0,0,0,0,0,0,48,2026-02-05 12:03:05.892182
RTM1C47,3.35,3.34,3.36,1000000.0,1000000.0,0,0,0,0,0,0,0,0,0,0,48,2026-02-05 12:03:05.892182
RTM1P47,0.57,0.56,0.58,1000000.0,1000000.0,0,0,0,0,0,0,0,0,0,0,48,2026-02-05 12:03:05.892182
RTM1C48,2.6,2.59,2.61,1000000.0,1000000.0,0,0,0,0,0,0,0,0,0,0,48,2026-02-05 12:03:05.892182
RTM1P48,0.82,0.81,0.83,1000000.0,1000000.0,0,0,0,0,0,0,0,0,0,0,48,2026-02-05 12:03:05.892182
RTM1C49,2.07,2.06,2.08,1000000.0,1000000.0,0,0,0,0,0,0,0,0,0,0,48,2026-02-05 12:03:05.892182
RTM1P49,1.29,1.28,1.3,1000000.0,1000000.0,0,0,0,0,0,0,0,0,0,0,48,2026-02-05 12:03:05.892182
RTM1C50,1.54,1.53,1.55,1000000.0,1000000.0,0,0,0,0,0,0,0,0,0,0,48,2026-02-05 12:03:05.892182
RTM1P50,1.76,1.75,1.77,1000000.0,1000000.0,0,0,0,0,0,0,0,0,0,0,48,2026-02-05 12:03:05.892182
RTM1C51,1.1,1.09,1.11,1000000.0,1000000.0,0,0,0,0,0,0,0,0,0,0,48,2026-02-05 12:03:05.892182
RTM1P51,2.33,2.32,2.34,1000000.0,1000000.0,0,0,0,0,0,0,0,0,0,0,48,2026-02-05 12:03:05.892182
RTM1C52,0.79,0.78,0.8,1000000.0,1000000.0,0,0,0,0,0,0,0,0,0,0,48,2026-02-05 12:03:05.892182
RTM1P52,3.02,3.01,3.03,1000000.0,1000000.0,0,0,0,0,0,0,0,0,0,0,48,2026-02-05 12:03:05.892182
RTM1C53,0.52,0.51,0.53,1000000.0,1000000.0,0,0,0,0,0,0,0,0,0,0,48,2026-02-05 12:03:05.892182
RTM1P53,3.74,3.73,3.75,1000000.0,1000000.0,0,0,0,0,0,0,0,0,0,0,48,2026-02-05 12:03:05.892182
RTM1C54,0.36,0.35,0.37,1000000.0,1000000.0,0,0,0,0,0,0,0,0,0,0,48,2026-02-05 12:03:05.892182
RTM1P54,4.58,4.57,4.59,1000000.0,1000000.0,0,0,0,0,0,0,0,0,0,0,48,2026-02-05 12:03:05.892182
RTM,49.47,49.46,49.48,100000000.0,100000000.0,0,0,0,0,0,0,0,0,0,0,49,2026-02-05 12:03:06.949855
RTM1C45,4.72,4.71,4.73,1000000.0,1000000.0,0,0,0,0,0,0,0,0,0,0,49,2026-02-05 12:03:06.949855
RTM1P45,0.26,0.25,0.27,1000000.0,1000000.0,0,0,0,0,0,0,0,0,0,0,49,2026-02-05 12:03:06.949855
RTM1C46,3.89,3.88,3.9,1000000.0,1000000.0,0,0,0,0,0,0,0,0,0,0,49,2026-02-05 12:03:06.949855
RTM1P46,0.43,0.42,0.44,1000000.0,1000000.0,0,0,0,0,0,0,0,0,0,0,49,2026-02-05 12:03:06.949855
RTM1C47,3.13,3.12,3.14,1000000.0,1000000.0,0,0,0,0,0,0,0,0,0,0,49,2026-02-05 12:03:06.949855
RTM1P47,0.66,0.65,0.67,1000000.0,1000000.0,0,0,0,0,0,0,0,0,0,0,49,2026-02-05 12:03:06.949855
RTM1C48,2.4,2.39,2.41,1000000.0,1000000.0,0,0,0,0,0,0,0,0,0,0,49,2026-02-05 12:03:06.949855
RTM1P48,0.94,0.93,0.95,1000000.0,1000000.0,0,0,0,0,0,0,0,0,0,0,49,2026-02-05 12:03:06.949855
RTM1C49,1.86,1.85,1.87,1000000.0,1000000.0,0,0,0,0,0,0,0,0,0,0,49,2026-02-05 12:03:06.949855
RTM1P49,1.4,1.39,1.41,1000000.0,1000000.0,0,0,0,0,0,0,0,0,0,0,49,2026-02-05 12:03:06.949855
RTM1C50,1.36,1.35,1.37,1000000.0,1000000.0,0,0,0,0,0,0,0,0,0,0,49,2026-02-05 12:03:06.949855
RTM1P50,1.89,1.88,1.9,1000000.0,1000000.0,0,0,0,0,0,0,0,0,0,0,49,2026-02-05 12:03:06.949855
RTM1C51,1.02,1.01,1.03,1000000.0,1000000.0,0,0,0,0,0,0,0,0,0,0,49,2026-02-05 12:03:06.949855
RTM1P51,2.55,2.54,2.56,1000000.0,1000000.0,0,0,0,0,0,0,0,0,0,0,49,2026-02-05 12:03:06.949855
RTM1C52,0.7,0.69,0.71,1000000.0,1000000.0,0,0,0,0,0,0,0,0,0,0,49,2026-02-05 12:03:06.949855
RTM1P52,3.23,3.22,3.24,1000000.0,1000000.0,0,0,0,0,0,0,0,0,0,0,49,2026-02-05 12:03:06.949855
RTM1C53,0.48,0.47,0.49,1000000.0,1000000.0,0,0,0,0,0,0,0,0,0,0,49,2026-02-05 12:03:06.949855
RTM1P53,4.01,4.0,4.02,1000000.0,1000000.0,0,0,0,0,0,0,0,0,0,0,49,2026-02-05 12:03:06.949855
RTM1C54,0.3,0.29,0.31,1000000.0,1000000.0,0,0,0,0,0,0,0,0,0,0,49,2026-02-05 12:03:06.949855
RTM1P54,4.84,4.83,4.85,1000000.0,1000000.0,0,0,0,0,0,0,0,0,0,0,49,2026-02-05 12:03:06.949855
RTM,49.63,49.62,49.64,100000000.0,100000000.0,0,0,0,0,0,0,0,0,0,0,50,2026-02-05 12:03:08.029787
RTM1C45,4.85,4.84,4.86,1000000.0,1000000.0,0,0,0,0,0,0,0,0,0,0,50,2026-02-05 12:03:08.029787
RTM1P45,0.22,0.21,0.23,1000000.0,1000000.0,0,0,0,0,0,0,0,0,0,0,50,2026-02-05 12:03:08.029787
RTM1C46,4.02,4.01,4.03,1000000.0,1000000.0,0,0,0,0,0,0,0,0,0,0,50,2026-02-05 12:03:08.029787
RTM1P46,0.39,0.38,0.4,1000000.0,1000000.0,0,0,0,0,0,0,0,0,0,0,50,2026-02-05 12:03:08.029787
RTM1C47,3.26,3.25,3.27,1000000.0,1000000.0,0,0,0,0,0,0,0,0,0,0,50,2026-02-05 12:03:08.029787
RTM1P47,0.63,0.62,0.64,1000000.0,1000000.0,0,0,0,0,0,0,0,0,0,0,50,2026-02-05 12:03:08.029787
RTM1C48,2.5,2.49,2.51,1000000.0,1000000.0,0,0,0,0,0,0,0,0,0,0,50,2026-02-05 12:03:08.029787
RTM1P48,0.88,0.87,0.89,1000000.0,1000000.0,0,0,0,0,0,0,0,0,0,0,50,2026-02-05 12:03:08.029787
RTM1C49,1.98,1.97,1.99,1000000.0,1000000.0,0,0,0,0,0,0,0,0,0,0,50,2026-02-05 12:03:08.029787
RTM1P49,1.35,1.34,1.36,1000000.0,1000000.0,0,0,0,0,0,0,0,0,0,0,50,2026-02-05 12:03:08.029787
RTM1C50,1.5,1.49,1.51,1000000.0,1000000.0,0,0,0,0,0,0,0,0,0,0,50,2026-02-05 12:03:08.029787
RTM1P50,1.87,1.86,1.88,1000000.0,1000000.0,0,0,0,0,0,0,0,0,0,0,50,2026-02-05 12:03:08.029787
RTM1C51,1.08,1.07,1.09,1000000.0,1000000.0,0,0,0,0,0,0,0,0,0,0,50,2026-02-05 12:03:08.029787
RTM1P51,2.45,2.44,2.46,1000000.0,1000000.0,0,0,0,0,0,0,0,0,0,0,50,2026-02-05 12:03:08.029787
RTM1C52,0.74,0.73,0.75,1000000.0,1000000.0,0,0,0,0,0,0,0,0,0,0,50,2026-02-05 12:03:08.029787
RTM1P52,3.11,3.1,3.12,1000000.0,1000000.0,0,0,0,0,0,0,0,0,0,0,50,2026-02-05 12:03:08.029787
RTM1C53,0.5,0.49,0.51,1000000.0,1000000.0,0,0,0,0,0,0,0,0,0,0,50,2026-02-05 12:03:08.029787
RTM1P53,3.87,3.86,3.88,1000000.0,1000000.0,0,0,0,0,0,0,0,0,0,0,50,2026-02-05 12:03:08.029787
RTM1C54,0.34,0.33,0.35,1000000.0,1000000.0,0,0,0,0,0,0,0,0,0,0,50,2026-02-05 12:03:08.029787
RTM1P54,4.72,4.71,4.73,1000000.0,1000000.0,0,0,0,0,0,0,0,0,0,0,50,2026-02-05 12:03:08.029787
RTM,49.27,49.26,49.28,100000000.0,100000000.0,0,0,0,0,0,0,0,0,0,0,51,2026-02-05 12:03:09.217057
RTM1C45,4.54,4.53,4.55,1000000.0,1000000.0,0,0,0,0,0,0,0,0,0,0,51,2026-02-05 12:03:09.217057
RTM1P45,0.27,0.26,0.28,1000000.0,1000000.0,0,0,0,0,0,0,0,0,0,0,51,2026-02-05 12:03:09.217057
RTM1C46,3.73,3.72,3.74,1000000.0,1000000.0,0,0,0,0,0,0,0,0,0,0,51,2026-02-05 12:03:09.217057
RTM1P46,0.46,0.45,0.47,1000000.0,1000000.0,0,0,0,0,0,0,0,0,0,0,51,2026-02-05 12:03:09.217057
RTM1C47,3.0,2.99,3.01,1000000.0,1000000.0,0,0,0,0,0,0,0,0,0,0,51,2026-02-05 12:03:09.217057
RTM1P47,0.73,0.72,0.74,1000000.0,1000000.0,0,0,0,0,0,0,0,0,0,0,51,2026-02-05 12:03:09.217057
RTM1C48,2.3,2.29,2.31,1000000.0,1000000.0,0,0,0,0,0,0,0,0,0,0,51,2026-02-05 12:03:09.217057
RTM1P48,1.04,1.03,1.05,1000000.0,1000000.0,0,0,0,0,0,0,0,0,0,0,51,2026-02-05 12:03:09.217057
RTM1C49,1.79,1.78,1.8,1000000.0,1000000.0,0,0,0,0,0,0,0,0,0,0,51,2026-02-05 12:03:09.217057
RTM1P49,1.52,1.51,1.53,1000000.0,1000000.0,0,0,0,0,0,0,0,0,0,0,51,2026-02-05 12:03:09.217057
RTM1C50,1.32,1.31,1.33,1000000.0,1000000.0,0,0,0,0,0,0,0,0,0,0,51,2026-02-05 12:03:09.217057
RTM1P50,2.05,2.04,2.06,1000000.0,1000000.0,0,0,0,0,0,0,0,0,0,0,51,2026-02-05 12:03:09.217057
RTM1C51,0.95,0.94,0.96,1000000.0,1000000.0,0,0,0,0,0,0,0,0,0,0,51,2026-02-05 12:03:09.217057
RTM1P51,2.68,2.67,2.69,1000000.0,1000000.0,0,0,0,0,0,0,0,0,0,0,51,2026-02-05 12:03:09.217057
RTM1C52,0.65,0.64,0.66,1000000.0,1000000.0,0,0,0,0,0,0,0,0,0,0,51,2026-02-05 12:03:09.217057
RTM1P52,3.39,3.38,3.4,1000000.0,1000000.0,0,0,0,0,0,0,0,0,0,0,51,2026-02-05 12:03:09.217057
RTM1C53,0.46,0.45,0.47,1000000.0,1000000.0,0,0,0,0,0,0,0,0,0,0,51,2026-02-05 12:03:09.217057
RTM1P53,4.19,4.18,4.2,1000000.0,1000000.0,0,0,0,0,0,0,0,0,0,0,51,2026-02-05 12:03:09.217057
RTM1C54,0.29,0.28,0.3,1000000.0,1000000.0,0,0,0,0,0,0,0,0,0,0,51,2026-02-05 12:03:09.217057
RTM1P54,5.02,5.01,5.03,1000000.0,1000000.0,0,0,0,0,0,0,0,0,0,0,51,2026-02-05 12:03:09.217057
RTM,49.09,49.08,49.1,100000000.0,100000000.0,0,0,0,0,0,0,0,0,0,0,52,2026-02-05 12:03:10.272416
RTM1C45,4.4,4.39,4.41,1000000.0,1000000.0,0,0,0,0,0,0,0,0,0,0,52,2026-02-05 12:03:10.272416
RTM1P45,0.3,0.29,0.31,1000000.0,1000000.0,0,0,0,0,0,0,0,0,0,0,52,2026-02-05 12:03:10.272416
RTM1C46,3.57,3.56,3.58,1000000.0,1000000.0,0,0,0,0,0,0,0,0,0,0,52,2026-02-05 12:03:10.272416
RTM1P46,0.48,0.47,0.49,1000000.0,1000000.0,0,0,0,0,0,0,0,0,0,0,52,2026-02-05 12:03:10.272416
RTM1C47,2.84,2.83,2.85,1000000.0,1000000.0,0,0,0,0,0,0,0,0,0,0,52,2026-02-05 12:03:10.272416
RTM1P47,0.75,0.74,0.76,1000000.0,1000000.0,0,0,0,0,0,0,0,0,0,0,52,2026-02-05 12:03:10.272416
RTM1C48,2.2,2.19,2.21,1000000.0,1000000.0,0,0,0,0,0,0,0,0,0,0,52,2026-02-05 12:03:10.272416
RTM1P48,1.11,1.1,1.12,1000000.0,1000000.0,0,0,0,0,0,0,0,0,0,0,52,2026-02-05 12:03:10.272416
RTM1C49,1.68,1.67,1.69,1000000.0,1000000.0,0,0,0,0,0,0,0,0,0,0,52,2026-02-05 12:03:10.272416
RTM1P49,1.59,1.58,1.6,1000000.0,1000000.0,0,0,0,0,0,0,0,0,0,0,52,2026-02-05 12:03:10.272416
RTM1C50,1.24,1.23,1.25,1000000.0,1000000.0,0,0,0,0,0,0,0,0,0,0,52,2026-02-05 12:03:10.272416
RTM1P50,2.14,2.13,2.15,1000000.0,1000000.0,0,0,0,0,0,0,0,0,0,0,52,2026-02-05 12:03:10.272416
RTM1C51,0.87,0.86,0.88,1000000.0,1000000.0,0,0,0,0,0,0,0,0,0,0,52,2026-02-05 12:03:10.272416
RTM1P51,2.78,2.77,2.79,1000000.0,1000000.0,0,0,0,0,0,0,0,0,0,0,52,2026-02-05 12:03:10.272416
RTM1C52,0.61,0.6,0.62,1000000.0,1000000.0,0,0,0,0,0,0,0,0,0,0,52,2026-02-05 12:03:10.272416
RTM1P52,3.52,3.51,3.53,1000000.0,1000000.0,0,0,0,0,0,0,0,0,0,0,52,2026-02-05 12:03:10.272416
