ticker,last_price,bid_price,ask_price,BUY_ANON,BUY_DUBL-1,SELL_GIOT-1,SELL_ANON,BUY_UEBR-3,SELL_UEBR-2,BUY_GIOT-1,BUY_UEBR-2,SELL_DUBL-1,BUY_UBCT-2,SELL_UBCT-2,SELL_UEBR-3,tick,timestamp
RTM,0.0,0.0,0.0,0,0,0,0,0,0,0,0,0,0,0,0,0,2026-02-05 12:48:13.125650
RTM1C45,0.0,0.0,0.0,0,0,0,0,0,0,0,0,0,0,0,0,0,2026-02-05 12:48:13.125650
RTM1P45,0.0,0.0,0.0,0,0,0,0,0,0,0,0,0,0,0,0,0,2026-02-05 12:48:13.125650
RTM1C46,0.0,0.0,0.0,0,0,0,0,0,0,0,0,0,0,0,0,0,2026-02-05 12:48:13.125650
RTM1P46,0.0,0.0,0.0,0,0,0,0,0,0,0,0,0,0,0,0,0,2026-02-05 12:48:13.125650
RTM1C47,0.0,0.0,0.0,0,0,0,0,0,0,0,0,0,0,0,0,0,2026-02-05 12:48:13.125650
RTM1P47,0.0,0.0,0.0,0,0,0,0,0,0,0,0,0,0,0,0,0,2026-02-05 12:48:13.125650
RTM1C48,0.0,0.0,0.0,0,0,0,0,0,0,0,0,0,0,0,0,0,2026-02-05 12:48:13.125650
RTM1P48,0.0,0.0,0.0,0,0,0,0,0,0,0,0,0,0,0,0,0,2026-02-05 12:48:13.125650
RTM1C49,0.0,0.0,0.0,0,0,0,0,0,0,0,0,0,0,0,0,0,2026-02-05 12:48:13.125650
RTM1P49,0.0,0.0,0.0,0,0,0,0,0,0,0,0,0,0,0,0,0,2026-02-05 12:48:13.125650
RTM1C50,0.0,0.0,0.0,0,0,0,0,0,0,0,0,0,0,0,0,0,2026-02-05 12:48:13.125650
RTM1P50,0.0,0.0,0.0,0,0,0,0,0,0,0,0,0,0,0,0,0,2026-02-05 12:48:13.125650
RTM1C51,0.0,0.0,0.0,0,0,0,0,0,0,0,0,0,0,0,0,0,2026-02-05 12:48:13.125650
RTM1P51,0.0,0.0,0.0,0,0,0,0,0,0,0,0,0,0,0,0,0,2026-02-05 12:48:13.125650
RTM1C52,0.0,0.0,0.0,0,0,0,0,0,0,0,0,0,0,0,0,0,2026-02-05 12:48:13.125650
RTM1P52,0.0,0.0,0.0,0,0,0,0,0,0,0,0,0,0,0,0,0,2026-02-05 12:48:13.125650
RTM1C53,0.0,0.0,0.0,0,0,0,0,0,0,0,0,0,0,0,0,0,2026-02-05 12:48:13.125650
RTM1P53,0.0,0.0,0.0,0,0,0,0,0,0,0,0,0,0,0,0,0,2026-02-05 12:48:13.125650
RTM1C54,0.0,0.0,0.0,0,0,0,0,0,0,0,0,0,0,0,0,0,2026-02-05 12:48:13.125650
RTM1P54,0.0,0.0,0.0,0,0,0,0,0,0,0,0,0,0,0,0,0,2026-02-05 12:48:13.125650
RTM,50.0,0.0,0.0,100000000.0,100000000.0,0,0,0,0,0,0,0,0,0,0,1,2026-02-05 12:48:13.686438,2.0,1.0,1.0,Week 1,Delta limit and penalty,The delta limit for this sub-heat is 9000 and the penalty percentage is 4%
RTM1C45,5.0,0.0,0.0,1000000.0,1000000.0,0,0,0,0,0,0,0,0,0,0,1,2026-02-05 12:48:13.686438,1.0,1.0,1.0,Week 1,Risk free rate and current annualized volatility of RTM,The current risk free rate is 0%. RTM is an ETF that mimics one of the major indices in the simulated world and its current annualized realized volatility is 11%. This simulation consists of 20 trading days that are each 15 ticks in length.
RTM1P45,0.02,0.0,0.0,1000000.0,1000000.0,0,0,0,0,0,0,0,0,0,0,1,2026-02-05 12:48:13.686438,,,,,,
RTM1C46,4.0,0.0,0.0,1000000.0,1000000.0,0,0,0,0,0,0,0,0,0,0,1,2026-02-05 12:48:13.686438,,,,,,
RTM1P46,0.02,0.0,0.0,1000000.0,1000000.0,0,0,0,0,0,0,0,0,0,0,1,2026-02-05 12:48:13.686438,,,,,,
RTM1C47,3.0,0.0,0.0,1000000.0,1000000.0,0,0,0,0,0,0,0,0,0,0,1,2026-02-05 12:48:13.686438,,,,,,
RTM1P47,0.02,0.0,0.0,1000000.0,1000000.0,0,0,0,0,0,0,0,0,0,0,1,2026-02-05 12:48:13.686438,,,,,,
RTM1C48,2.0,0.0,0.0,1000000.0,1000000.0,0,0,0,0,0,0,0,0,0,0,1,2026-02-05 12:48:13.686438,,,,,,
RTM1P48,0.02,0.0,0.0,1000000.0,1000000.0,0,0,0,0,0,0,0,0,0,0,1,2026-02-05 12:48:13.686438,,,,,,
RTM1C49,1.12,0.0,0.0,1000000.0,1000000.0,0,0,0,0,0,0,0,0,0,0,1,2026-02-05 12:48:13.686438,,,,,,
RTM1P49,0.12,0.0,0.0,1000000.0,1000000.0,0,0,0,0,0,0,0,0,0,0,1,2026-02-05 12:48:13.686438,,,,,,
RTM1C50,0.44,0.0,0.0,1000000.0,1000000.0,0,0,0,0,0,0,0,0,0,0,1,2026-02-05 12:48:13.686438,,,,,,
RTM1P50,0.44,0.0,0.0,1000000.0,1000000.0,0,0,0,0,0,0,0,0,0,0,1,2026-02-05 12:48:13.686438,,,,,,
RTM1C51,0.09,0.0,0.0,1000000.0,1000000.0,0,0,0,0,0,0,0,0,0,0,1,2026-02-05 12:48:13.686438,,,,,,
RTM1P51,1.09,0.0,0.0,1000000.0,1000000.0,0,0,0,0,0,0,0,0,0,0,1,2026-02-05 12:48:13.686438,,,,,,
RTM1C52,0.02,0.0,0.0,1000000.0,1000000.0,0,0,0,0,0,0,0,0,0,0,1,2026-02-05 12:48:13.686438,,,,,,
RTM1P52,2.02,0.0,0.0,1000000.0,1000000.0,0,0,0,0,0,0,0,0,0,0,1,2026-02-05 12:48:13.686438,,,,,,
RTM1C53,0.02,0.0,0.0,1000000.0,1000000.0,0,0,0,0,0,0,0,0,0,0,1,2026-02-05 12:48:13.686438,,,,,,
RTM1P53,3.0,0.0,0.0,1000000.0,1000000.0,0,0,0,0,0,0,0,0,0,0,1,2026-02-05 12:48:13.686438,,,,,,
RTM1C54,0.02,0.0,0.0,1000000.0,1000000.0,0,0,0,0,0,0,0,0,0,0,1,2026-02-05 12:48:13.686438,,,,,,
RTM1P54,4.0,0.0,0.0,1000000.0,1000000.0,0,0,0,0,0,0,0,0,0,0,1,2026-02-05 12:48:13.686438,,,,,,
RTM,50.09,50.08,50.1,100000000.0,100000000.0,0,0,0,0,0,0,0,0,0,0,2,2026-02-05 12:48:14.850207
RTM1C45,5.09,5.08,5.1,1000000.0,1000000.0,0,0,0,0,0,0,0,0,0,0,2,2026-02-05 12:48:14.850207
RTM1P45,0.02,0.01,0.03,1000000.0,1000000.0,0,0,0,0,0,0,0,0,0,0,2,2026-02-05 12:48:14.850207
RTM1C46,4.09,4.08,4.1,1000000.0,1000000.0,0,0,0,0,0,0,0,0,0,0,2,2026-02-05 12:48:14.850207
RTM1P46,0.02,0.01,0.03,1000000.0,1000000.0,0,0,0,0,0,0,0,0,0,0,2,2026-02-05 12:48:14.850207
RTM1C47,3.09,3.08,3.1,1000000.0,1000000.0,0,0,0,0,0,0,0,0,0,0,2,2026-02-05 12:48:14.850207
RTM1P47,0.02,0.01,0.03,1000000.0,1000000.0,0,0,0,0,0,0,0,0,0,0,2,2026-02-05 12:48:14.850207
RTM1C48,2.11,2.1,2.12,1000000.0,1000000.0,0,0,0,0,0,0,0,0,0,0,2,2026-02-05 12:48:14.850207
RTM1P48,0.02,0.01,0.03,1000000.0,1000000.0,0,0,0,0,0,0,0,0,0,0,2,2026-02-05 12:48:14.850207
RTM1C49,1.19,1.18,1.2,1000000.0,1000000.0,0,0,0,0,0,0,0,0,0,0,2,2026-02-05 12:48:14.850207
RTM1P49,0.1,0.09,0.11,1000000.0,1000000.0,0,0,0,0,0,0,0,0,0,0,2,2026-02-05 12:48:14.850207
RTM1C50,0.5,0.49,0.51,1000000.0,1000000.0,0,0,0,0,0,0,0,0,0,0,2,2026-02-05 12:48:14.850207
RTM1P50,0.41,0.4,0.42,1000000.0,1000000.0,0,0,0,0,0,0,0,0,0,0,2,2026-02-05 12:48:14.850207
RTM1C51,0.1,0.09,0.11,1000000.0,1000000.0,0,0,0,0,0,0,0,0,0,0,2,2026-02-05 12:48:14.850207
RTM1P51,1.0,0.99,1.01,1000000.0,1000000.0,0,0,0,0,0,0,0,0,0,0,2,2026-02-05 12:48:14.850207
RTM1C52,0.04,0.03,0.05,1000000.0,1000000.0,0,0,0,0,0,0,0,0,0,0,2,2026-02-05 12:48:14.850207
RTM1P52,1.95,1.94,1.96,1000000.0,1000000.0,0,0,0,0,0,0,0,0,0,0,2,2026-02-05 12:48:14.850207
RTM1C53,0.02,0.01,0.03,1000000.0,1000000.0,0,0,0,0,0,0,0,0,0,0,2,2026-02-05 12:48:14.850207
RTM1P53,2.91,2.9,2.92,1000000.0,1000000.0,0,0,0,0,0,0,0,0,0,0,2,2026-02-05 12:48:14.850207
RTM1C54,0.02,0.01,0.03,1000000.0,1000000.0,0,0,0,0,0,0,0,0,0,0,2,2026-02-05 12:48:14.850207
RTM1P54,3.91,3.9,3.92,1000000.0,1000000.0,0,0,0,0,0,0,0,0,0,0,2,2026-02-05 12:48:14.850207
RTM,50.11,50.1,50.12,100000000.0,100000000.0,0,0,0,0,0,0,0,0,0,0,3,2026-02-05 12:48:16.020505
RTM1C45,5.11,5.1,5.12,1000000.0,1000000.0,0,0,0,0,0,0,0,0,0,0,3,2026-02-05 12:48:16.020505
RTM1P45,0.02,0.01,0.03,1000000.0,1000000.0,0,0,0,0,0,0,0,0,0,0,3,2026-02-05 12:48:16.020505
RTM1C46,4.11,4.1,4.12,1000000.0,1000000.0,0,0,0,0,0,0,0,0,0,0,3,2026-02-05 12:48:16.020505
RTM1P46,0.02,0.01,0.03,1000000.0,1000000.0,0,0,0,0,0,0,0,0,0,0,3,2026-02-05 12:48:16.020505
RTM1C47,3.11,3.1,3.12,1000000.0,1000000.0,0,0,0,0,0,0,0,0,0,0,3,2026-02-05 12:48:16.020505
RTM1P47,0.02,0.01,0.03,1000000.0,1000000.0,0,0,0,0,0,0,0,0,0,0,3,2026-02-05 12:48:16.020505
RTM1C48,2.12,2.11,2.13,1000000.0,1000000.0,0,0,0,0,0,0,0,0,0,0,3,2026-02-05 12:48:16.020505
RTM1P48,0.02,0.01,0.03,1000000.0,1000000.0,0,0,0,0,0,0,0,0,0,0,3,2026-02-05 12:48:16.020505
RTM1C49,1.23,1.22,1.24,1000000.0,1000000.0,0,0,0,0,0,0,0,0,0,0,3,2026-02-05 12:48:16.020505
RTM1P49,0.12,0.11,0.13,1000000.0,1000000.0,0,0,0,0,0,0,0,0,0,0,3,2026-02-05 12:48:16.020505
RTM1C50,0.51,0.5,0.52,1000000.0,1000000.0,0,0,0,0,0,0,0,0,0,0,3,2026-02-05 12:48:16.020505
RTM1P50,0.4,0.39,0.41,1000000.0,1000000.0,0,0,0,0,0,0,0,0,0,0,3,2026-02-05 12:48:16.020505
RTM1C51,0.14,0.13,0.15,1000000.0,1000000.0,0,0,0,0,0,0,0,0,0,0,3,2026-02-05 12:48:16.020505
RTM1P51,1.03,1.02,1.04,1000000.0,1000000.0,0,0,0,0,0,0,0,0,0,0,3,2026-02-05 12:48:16.020505
RTM1C52,0.02,0.01,0.03,1000000.0,1000000.0,0,0,0,0,0,0,0,0,0,0,3,2026-02-05 12:48:16.020505
RTM1P52,1.91,1.9,1.92,1000000.0,1000000.0,0,0,0,0,0,0,0,0,0,0,3,2026-02-05 12:48:16.020505
RTM1C53,0.02,0.01,0.03,1000000.0,1000000.0,0,0,0,0,0,0,0,0,0,0,3,2026-02-05 12:48:16.020505
RTM1P53,2.89,2.88,2.9,1000000.0,1000000.0,0,0,0,0,0,0,0,0,0,0,3,2026-02-05 12:48:16.020505
RTM1C54,0.02,0.01,0.03,1000000.0,1000000.0,0,0,0,0,0,0,0,0,0,0,3,2026-02-05 12:48:16.020505
RTM1P54,3.89,3.88,3.9,1000000.0,1000000.0,0,0,0,0,0,0,0,0,0,0,3,2026-02-05 12:48:16.020505
RTM,50.21,50.2,50.22,100000000.0,100000000.0,0,0,0,0,0,0,0,0,0,0,4,2026-02-05 12:48:17.145164
RTM1C45,5.21,5.2,5.22,1000000.0,1000000.0,0,0,0,0,0,0,0,0,0,0,4,2026-02-05 12:48:17.145164
RTM1P45,0.02,0.01,0.03,1000000.0,1000000.0,0,0,0,0,0,0,0,0,0,0,4,2026-02-05 12:48:17.145164
RTM1C46,4.21,4.2,4.22,1000000.0,1000000.0,0,0,0,0,0,0,0,0,0,0,4,2026-02-05 12:48:17.145164
RTM1P46,0.02,0.01,0.03,1000000.0,1000000.0,0,0,0,0,0,0,0,0,0,0,4,2026-02-05 12:48:17.145164
RTM1C47,3.21,3.2,3.22,1000000.0,1000000.0,0,0,0,0,0,0,0,0,0,0,4,2026-02-05 12:48:17.145164
RTM1P47,0.02,0.01,0.03,1000000.0,1000000.0,0,0,0,0,0,0,0,0,0,0,4,2026-02-05 12:48:17.145164
RTM1C48,2.23,2.22,2.24,1000000.0,1000000.0,0,0,0,0,0,0,0,0,0,0,4,2026-02-05 12:48:17.145164
RTM1P48,0.02,0.01,0.03,1000000.0,1000000.0,0,0,0,0,0,0,0,0,0,0,4,2026-02-05 12:48:17.145164
RTM1C49,1.33,1.32,1.34,1000000.0,1000000.0,0,0,0,0,0,0,0,0,0,0,4,2026-02-05 12:48:17.145164
RTM1P49,0.12,0.11,0.13,1000000.0,1000000.0,0,0,0,0,0,0,0,0,0,0,4,2026-02-05 12:48:17.145164
RTM1C50,0.62,0.61,0.63,1000000.0,1000000.0,0,0,0,0,0,0,0,0,0,0,4,2026-02-05 12:48:17.145164
RTM1P50,0.41,0.4,0.42,1000000.0,1000000.0,0,0,0,0,0,0,0,0,0,0,4,2026-02-05 12:48:17.145164
RTM1C51,0.2,0.19,0.21,1000000.0,1000000.0,0,0,0,0,0,0,0,0,0,0,4,2026-02-05 12:48:17.145164
RTM1P51,0.99,0.98,1.0,1000000.0,1000000.0,0,0,0,0,0,0,0,0,0,0,4,2026-02-05 12:48:17.145164
RTM1C52,0.02,0.01,0.03,1000000.0,1000000.0,0,0,0,0,0,0,0,0,0,0,4,2026-02-05 12:48:17.145164
RTM1P52,1.8,1.79,1.81,1000000.0,1000000.0,0,0,0,0,0,0,0,0,0,0,4,2026-02-05 12:48:17.145164
RTM1C53,0.02,0.01,0.03,1000000.0,1000000.0,0,0,0,0,0,0,0,0,0,0,4,2026-02-05 12:48:17.145164
RTM1P53,2.79,2.78,2.8,1000000.0,1000000.0,0,0,0,0,0,0,0,0,0,0,4,2026-02-05 12:48:17.145164
RTM1C54,0.02,0.01,0.03,1000000.0,1000000.0,0,0,0,0,0,0,0,0,0,0,4,2026-02-05 12:48:17.145164
RTM1P54,3.79,3.78,3.8,1000000.0,1000000.0,0,0,0,0,0,0,0,0,0,0,4,2026-02-05 12:48:17.145164
RTM,50.17,50.16,50.18,100000000.0,100000000.0,0,0,0,0,0,0,0,0,0,0,5,2026-02-05 12:48:17.721701
RTM1C45,5.17,5.16,5.18,1000000.0,1000000.0,0,0,0,0,0,0,0,0,0,0,5,2026-02-05 12:48:17.721701
RTM1P45,0.02,0.01,0.03,1000000.0,1000000.0,0,0,0,0,0,0,0,0,0,0,5,2026-02-05 12:48:17.721701
RTM1C46,4.17,4.16,4.18,1000000.0,1000000.0,0,0,0,0,0,0,0,0,0,0,5,2026-02-05 12:48:17.721701
RTM1P46,0.02,0.01,0.03,1000000.0,1000000.0,0,0,0,0,0,0,0,0,0,0,5,2026-02-05 12:48:17.721701
RTM1C47,3.17,3.16,3.18,1000000.0,1000000.0,0,0,0,0,0,0,0,0,0,0,5,2026-02-05 12:48:17.721701
RTM1P47,0.02,0.01,0.03,1000000.0,1000000.0,0,0,0,0,0,0,0,0,0,0,5,2026-02-05 12:48:17.721701
RTM1C48,2.18,2.17,2.19,1000000.0,1000000.0,0,0,0,0,0,0,0,0,0,0,5,2026-02-05 12:48:17.721701
RTM1P48,0.02,0.01,0.03,1000000.0,1000000.0,0,0,0,0,0,0,0,0,0,0,5,2026-02-05 12:48:17.721701
RTM1C49,1.23,1.22,1.24,1000000.0,1000000.0,0,0,0,0,0,0,0,0,0,0,5,2026-02-05 12:48:17.721701
RTM1P49,0.07,0.06,0.08,1000000.0,1000000.0,0,0,0,0,0,0,0,0,0,0,5,2026-02-05 12:48:17.721701
RTM1C50,0.57,0.56,0.58,1000000.0,1000000.0,0,0,0,0,0,0,0,0,0,0,5,2026-02-05 12:48:17.721701
RTM1P50,0.4,0.39,0.41,1000000.0,1000000.0,0,0,0,0,0,0,0,0,0,0,5,2026-02-05 12:48:17.721701
RTM1C51,0.19,0.18,0.2,1000000.0,1000000.0,0,0,0,0,0,0,0,0,0,0,5,2026-02-05 12:48:17.721701
RTM1P51,1.03,1.02,1.04,1000000.0,1000000.0,0,0,0,0,0,0,0,0,0,0,5,2026-02-05 12:48:17.721701
RTM1C52,0.02,0.01,0.03,1000000.0,1000000.0,0,0,0,0,0,0,0,0,0,0,5,2026-02-05 12:48:17.721701
RTM1P52,1.85,1.84,1.86,1000000.0,1000000.0,0,0,0,0,0,0,0,0,0,0,5,2026-02-05 12:48:17.721701
RTM1C53,0.02,0.01,0.03,1000000.0,1000000.0,0,0,0,0,0,0,0,0,0,0,5,2026-02-05 12:48:17.721701
RTM1P53,2.83,2.82,2.84,1000000.0,1000000.0,0,0,0,0,0,0,0,0,0,0,5,2026-02-05 12:48:17.721701
RTM1C54,0.02,0.01,0.03,1000000.0,1000000.0,0,0,0,0,0,0,0,0,0,0,5,2026-02-05 12:48:17.721701
RTM1P54,3.83,3.82,3.84,1000000.0,1000000.0,0,0,0,0,0,0,0,0,0,0,5,2026-02-05 12:48:17.721701
RTM,50.16,50.15,50.17,100000000.0,100000000.0,0,0,0,0,0,0,0,0,0,0,6,2026-02-05 12:48:18.816830
RTM1C45,5.16,5.15,5.17,1000000.0,1000000.0,0,0,0,0,0,0,0,0,0,0,6,2026-02-05 12:48:18.816830
RTM1P45,0.02,0.01,0.03,1000000.0,1000000.0,0,0,0,0,0,0,0,0,0,0,6,2026-02-05 12:48:18.816830
RTM1C46,4.16,4.15,4.17,1000000.0,1000000.0,0,0,0,0,0,0,0,0,0,0,6,2026-02-05 12:48:18.816830
RTM1P46,0.02,0.01,0.03,1000000.0,1000000.0,0,0,0,0,0,0,0,0,0,0,6,2026-02-05 12:48:18.816830
RTM1C47,3.16,3.15,3.17,1000000.0,1000000.0,0,0,0,0,0,0,0,0,0,0,6,2026-02-05 12:48:18.816830
RTM1P47,0.02,0.01,0.03,1000000.0,1000000.0,0,0,0,0,0,0,0,0,0,0,6,2026-02-05 12:48:18.816830
RTM1C48,2.16,2.15,2.17,1000000.0,1000000.0,0,0,0,0,0,0,0,0,0,0,6,2026-02-05 12:48:18.816830
RTM1P48,0.02,0.01,0.03,1000000.0,1000000.0,0,0,0,0,0,0,0,0,0,0,6,2026-02-05 12:48:18.816830
RTM1C49,1.28,1.27,1.29,1000000.0,1000000.0,0,0,0,0,0,0,0,0,0,0,6,2026-02-05 12:48:18.816830
RTM1P49,0.12,0.11,0.13,1000000.0,1000000.0,0,0,0,0,0,0,0,0,0,0,6,2026-02-05 12:48:18.816830
RTM1C50,0.53,0.52,0.54,1000000.0,1000000.0,0,0,0,0,0,0,0,0,0,0,6,2026-02-05 12:48:18.816830
RTM1P50,0.37,0.36,0.38,1000000.0,1000000.0,0,0,0,0,0,0,0,0,0,0,6,2026-02-05 12:48:18.816830
RTM1C51,0.18,0.17,0.19,1000000.0,1000000.0,0,0,0,0,0,0,0,0,0,0,6,2026-02-05 12:48:18.816830
RTM1P51,1.02,1.01,1.03,1000000.0,1000000.0,0,0,0,0,0,0,0,0,0,0,6,2026-02-05 12:48:18.816830
RTM1C52,0.03,0.02,0.04,1000000.0,1000000.0,0,0,0,0,0,0,0,0,0,0,6,2026-02-05 12:48:18.816830
RTM1P52,1.87,1.86,1.88,1000000.0,1000000.0,0,0,0,0,0,0,0,0,0,0,6,2026-02-05 12:48:18.816830
RTM1C53,0.02,0.01,0.03,1000000.0,1000000.0,0,0,0,0,0,0,0,0,0,0,6,2026-02-05 12:48:18.816830
RTM1P53,2.85,2.84,2.86,1000000.0,1000000.0,0,0,0,0,0,0,0,0,0,0,6,2026-02-05 12:48:18.816830
RTM1C54,0.02,0.01,0.03,1000000.0,1000000.0,0,0,0,0,0,0,0,0,0,0,6,2026-02-05 12:48:18.816830
RTM1P54,3.84,3.83,3.85,1000000.0,1000000.0,0,0,0,0,0,0,0,0,0,0,6,2026-02-05 12:48:18.816830
RTM,50.26,50.25,50.27,100000000.0,100000000.0,0,0,0,0,0,0,0,0,0,0,7,2026-02-05 12:48:19.885010
RTM1C45,5.26,5.25,5.27,1000000.0,1000000.0,0,0,0,0,0,0,0,0,0,0,7,2026-02-05 12:48:19.885010
RTM1P45,0.02,0.01,0.03,1000000.0,1000000.0,0,0,0,0,0,0,0,0,0,0,7,2026-02-05 12:48:19.885010
RTM1C46,4.26,4.25,4.27,1000000.0,1000000.0,0,0,0,0,0,0,0,0,0,0,7,2026-02-05 12:48:19.885010
RTM1P46,0.02,0.01,0.03,1000000.0,1000000.0,0,0,0,0,0,0,0,0,0,0,7,2026-02-05 12:48:19.885010
RTM1C47,3.26,3.25,3.27,1000000.0,1000000.0,0,0,0,0,0,0,0,0,0,0,7,2026-02-05 12:48:19.885010
RTM1P47,0.02,0.01,0.03,1000000.0,1000000.0,0,0,0,0,0,0,0,0,0,0,7,2026-02-05 12:48:19.885010
RTM1C48,2.27,2.26,2.28,1000000.0,1000000.0,0,0,0,0,0,0,0,0,0,0,7,2026-02-05 12:48:19.885010
RTM1P48,0.02,0.01,0.03,1000000.0,1000000.0,0,0,0,0,0,0,0,0,0,0,7,2026-02-05 12:48:19.885010
RTM1C49,1.35,1.34,1.36,1000000.0,1000000.0,0,0,0,0,0,0,0,0,0,0,7,2026-02-05 12:48:19.885010
RTM1P49,0.09,0.08,0.1,1000000.0,1000000.0,0,0,0,0,0,0,0,0,0,0,7,2026-02-05 12:48:19.885010
RTM1C50,0.66,0.65,0.67,1000000.0,1000000.0,0,0,0,0,0,0,0,0,0,0,7,2026-02-05 12:48:19.885010
RTM1P50,0.4,0.39,0.41,1000000.0,1000000.0,0,0,0,0,0,0,0,0,0,0,7,2026-02-05 12:48:19.885010
RTM1C51,0.23,0.22,0.24,1000000.0,1000000.0,0,0,0,0,0,0,0,0,0,0,7,2026-02-05 12:48:19.885010
RTM1P51,0.97,0.96,0.98,1000000.0,1000000.0,0,0,0,0,0,0,0,0,0,0,7,2026-02-05 12:48:19.885010
RTM1C52,0.02,0.01,0.03,1000000.0,1000000.0,0,0,0,0,0,0,0,0,0,0,7,2026-02-05 12:48:19.885010
RTM1P52,1.76,1.75,1.77,1000000.0,1000000.0,0,0,0,0,0,0,0,0,0,0,7,2026-02-05 12:48:19.885010
RTM1C53,0.02,0.01,0.03,1000000.0,1000000.0,0,0,0,0,0,0,0,0,0,0,7,2026-02-05 12:48:19.885010
RTM1P53,2.74,2.73,2.75,1000000.0,1000000.0,0,0,0,0,0,0,0,0,0,0,7,2026-02-05 12:48:19.885010
RTM1C54,0.02,0.01,0.03,1000000.0,1000000.0,0,0,0,0,0,0,0,0,0,0,7,2026-02-05 12:48:19.885010
RTM1P54,3.74,3.73,3.75,1000000.0,1000000.0,0,0,0,0,0,0,0,0,0,0,7,2026-02-05 12:48:19.885010
RTM,50.19,50.18,50.2,100000000.0,100000000.0,0,0,0,0,0,0,0,0,0,0,8,2026-02-05 12:48:20.958487
RTM1C45,5.19,5.18,5.2,1000000.0,1000000.0,0,0,0,0,0,0,0,0,0,0,8,2026-02-05 12:48:20.958487
RTM1P45,0.02,0.01,0.03,1000000.0,1000000.0,0,0,0,0,0,0,0,0,0,0,8,2026-02-05 12:48:20.958487
RTM1C46,4.19,4.18,4.2,1000000.0,1000000.0,0,0,0,0,0,0,0,0,0,0,8,2026-02-05 12:48:20.958487
RTM1P46,0.02,0.01,0.03,1000000.0,1000000.0,0,0,0,0,0,0,0,0,0,0,8,2026-02-05 12:48:20.958487
RTM1C47,3.2,3.19,3.21,1000000.0,1000000.0,0,0,0,0,0,0,0,0,0,0,8,2026-02-05 12:48:20.958487
RTM1P47,0.02,0.01,0.03,1000000.0,1000000.0,0,0,0,0,0,0,0,0,0,0,8,2026-02-05 12:48:20.958487
RTM1C48,2.21,2.2,2.22,1000000.0,1000000.0,0,0,0,0,0,0,0,0,0,0,8,2026-02-05 12:48:20.958487
RTM1P48,0.02,0.01,0.03,1000000.0,1000000.0,0,0,0,0,0,0,0,0,0,0,8,2026-02-05 12:48:20.958487
RTM1C49,1.27,1.26,1.28,1000000.0,1000000.0,0,0,0,0,0,0,0,0,0,0,8,2026-02-05 12:48:20.958487
RTM1P49,0.07,0.06,0.08,1000000.0,1000000.0,0,0,0,0,0,0,0,0,0,0,8,2026-02-05 12:48:20.958487
RTM1C50,0.54,0.53,0.55,1000000.0,1000000.0,0,0,0,0,0,0,0,0,0,0,8,2026-02-05 12:48:20.958487
RTM1P50,0.35,0.34,0.36,1000000.0,1000000.0,0,0,0,0,0,0,0,0,0,0,8,2026-02-05 12:48:20.958487
RTM1C51,0.18,0.17,0.19,1000000.0,1000000.0,0,0,0,0,0,0,0,0,0,0,8,2026-02-05 12:48:20.958487
RTM1P51,0.99,0.98,1.0,1000000.0,1000000.0,0,0,0,0,0,0,0,0,0,0,8,2026-02-05 12:48:20.958487
RTM1C52,0.03,0.02,0.04,1000000.0,1000000.0,0,0,0,0,0,0,0,0,0,0,8,2026-02-05 12:48:20.958487
RTM1P52,1.84,1.83,1.85,1000000.0,1000000.0,0,0,0,0,0,0,0,0,0,0,8,2026-02-05 12:48:20.958487
RTM1C53,0.02,0.01,0.03,1000000.0,1000000.0,0,0,0,0,0,0,0,0,0,0,8,2026-02-05 12:48:20.958487
RTM1P53,2.81,2.8,2.82,1000000.0,1000000.0,0,0,0,0,0,0,0,0,0,0,8,2026-02-05 12:48:20.958487
RTM1C54,0.02,0.01,0.03,1000000.0,1000000.0,0,0,0,0,0,0,0,0,0,0,8,2026-02-05 12:48:20.958487
RTM1P54,3.81,3.8,3.82,1000000.0,1000000.0,0,0,0,0,0,0,0,0,0,0,8,2026-02-05 12:48:20.958487
RTM,50.18,50.17,50.19,100000000.0,100000000.0,0,0,0,0,0,0,0,0,0,0,9,2026-02-05 12:48:22.007550
RTM1C45,5.18,5.17,5.19,1000000.0,1000000.0,0,0,0,0,0,0,0,0,0,0,9,2026-02-05 12:48:22.007550
RTM1P45,0.02,0.01,0.03,1000000.0,1000000.0,0,0,0,0,0,0,0,0,0,0,9,2026-02-05 12:48:22.007550
RTM1C46,4.18,4.17,4.19,1000000.0,1000000.0,0,0,0,0,0,0,0,0,0,0,9,2026-02-05 12:48:22.007550
RTM1P46,0.02,0.01,0.03,1000000.0,1000000.0,0,0,0,0,0,0,0,0,0,0,9,2026-02-05 12:48:22.007550
RTM1C47,3.18,3.17,3.19,1000000.0,1000000.0,0,0,0,0,0,0,0,0,0,0,9,2026-02-05 12:48:22.007550
RTM1P47,0.02,0.01,0.03,1000000.0,1000000.0,0,0,0,0,0,0,0,0,0,0,9,2026-02-05 12:48:22.007550
RTM1C48,2.19,2.18,2.2,1000000.0,1000000.0,0,0,0,0,0,0,0,0,0,0,9,2026-02-05 12:48:22.007550
RTM1P48,0.02,0.01,0.03,1000000.0,1000000.0,0,0,0,0,0,0,0,0,0,0,9,2026-02-05 12:48:22.007550
RTM1C49,1.29,1.28,1.3,1000000.0,1000000.0,0,0,0,0,0,0,0,0,0,0,9,2026-02-05 12:48:22.007550
RTM1P49,0.12,0.11,0.13,1000000.0,1000000.0,0,0,0,0,0,0,0,0,0,0,9,2026-02-05 12:48:22.007550
RTM1C50,0.53,0.52,0.54,1000000.0,1000000.0,0,0,0,0,0,0,0,0,0,0,9,2026-02-05 12:48:22.007550
RTM1P50,0.35,0.34,0.36,1000000.0,1000000.0,0,0,0,0,0,0,0,0,0,0,9,2026-02-05 12:48:22.007550
RTM1C51,0.17,0.16,0.18,1000000.0,1000000.0,0,0,0,0,0,0,0,0,0,0,9,2026-02-05 12:48:22.007550
RTM1P51,0.99,0.98,1.0,1000000.0,1000000.0,0,0,0,0,0,0,0,0,0,0,9,2026-02-05 12:48:22.007550
RTM1C52,0.03,0.02,0.04,1000000.0,1000000.0,0,0,0,0,0,0,0,0,0,0,9,2026-02-05 12:48:22.007550
RTM1P52,1.85,1.84,1.86,1000000.0,1000000.0,0,0,0,0,0,0,0,0,0,0,9,2026-02-05 12:48:22.007550
RTM1C53,0.02,0.01,0.03,1000000.0,1000000.0,0,0,0,0,0,0,0,0,0,0,9,2026-02-05 12:48:22.007550
RTM1P53,2.83,2.82,2.84,1000000.0,1000000.0,0,0,0,0,0,0,0,0,0,0,9,2026-02-05 12:48:22.007550
RTM1C54,0.02,0.01,0.03,1000000.0,1000000.0,0,0,0,0,0,0,0,0,0,0,9,2026-02-05 12:48:22.007550
RTM1P54,3.82,3.81,3.83,1000000.0,1000000.0,0,0,0,0,0,0,0,0,0,0,9,2026-02-05 12:48:22.007550
RTM,50.25,50.24,50.26,100000000.0,100000000.0,0,0,0,0,0,0,0,0,0,0,10,2026-02-05 12:48:23.073768
RTM1C45,5.25,5.24,5.26,1000000.0,1000000.0,0,0,0,0,0,0,0,0,0,0,10,2026-02-05 12:48:23.073768
RTM1P45,0.02,0.01,0.03,1000000.0,1000000.0,0,0,0,0,0,0,0,0,0,0,10,2026-02-05 12:48:23.073768
RTM1C46,4.25,4.24,4.26,1000000.0,1000000.0,0,0,0,0,0,0,0,0,0,0,10,2026-02-05 12:48:23.073768
RTM1P46,0.02,0.01,0.03,1000000.0,1000000.0,0,0,0,0,0,0,0,0,0,0,10,2026-02-05 12:48:23.073768
RTM1C47,3.25,3.24,3.26,1000000.0,1000000.0,0,0,0,0,0,0,0,0,0,0,10,2026-02-05 12:48:23.073768
RTM1P47,0.02,0.01,0.03,1000000.0,1000000.0,0,0,0,0,0,0,0,0,0,0,10,2026-02-05 12:48:23.073768
RTM1C48,2.26,2.25,2.27,1000000.0,1000000.0,0,0,0,0,0,0,0,0,0,0,10,2026-02-05 12:48:23.073768
RTM1P48,0.02,0.01,0.03,1000000.0,1000000.0,0,0,0,0,0,0,0,0,0,0,10,2026-02-05 12:48:23.073768
RTM1C49,1.37,1.36,1.38,1000000.0,1000000.0,0,0,0,0,0,0,0,0,0,0,10,2026-02-05 12:48:23.073768
RTM1P49,0.12,0.11,0.13,1000000.0,1000000.0,0,0,0,0,0,0,0,0,0,0,10,2026-02-05 12:48:23.073768
RTM1C50,0.62,0.61,0.63,1000000.0,1000000.0,0,0,0,0,0,0,0,0,0,0,10,2026-02-05 12:48:23.073768
RTM1P50,0.37,0.36,0.38,1000000.0,1000000.0,0,0,0,0,0,0,0,0,0,0,10,2026-02-05 12:48:23.073768
RTM1C51,0.18,0.17,0.19,1000000.0,1000000.0,0,0,0,0,0,0,0,0,0,0,10,2026-02-05 12:48:23.073768
RTM1P51,0.93,0.92,0.94,1000000.0,1000000.0,0,0,0,0,0,0,0,0,0,0,10,2026-02-05 12:48:23.073768
RTM1C52,0.03,0.02,0.04,1000000.0,1000000.0,0,0,0,0,0,0,0,0,0,0,10,2026-02-05 12:48:23.073768
RTM1P52,1.78,1.77,1.79,1000000.0,1000000.0,0,0,0,0,0,0,0,0,0,0,10,2026-02-05 12:48:23.073768
RTM1C53,0.02,0.01,0.03,1000000.0,1000000.0,0,0,0,0,0,0,0,0,0,0,10,2026-02-05 12:48:23.073768
RTM1P53,2.75,2.74,2.76,1000000.0,1000000.0,0,0,0,0,0,0,0,0,0,0,10,2026-02-05 12:48:23.073768
RTM1C54,0.02,0.01,0.03,1000000.0,1000000.0,0,0,0,0,0,0,0,0,0,0,10,2026-02-05 12:48:23.073768
RTM1P54,3.75,3.74,3.76,1000000.0,1000000.0,0,0,0,0,0,0,0,0,0,0,10,2026-02-05 12:48:23.073768
RTM,50.14,50.13,50.15,100000000.0,100000000.0,0,0,0,0,0,0,0,0,0,0,11,2026-02-05 12:48:24.121739
RTM1C45,5.14,5.13,5.15,1000000.0,1000000.0,0,0,0,0,0,0,0,0,0,0,11,2026-02-05 12:48:24.121739
RTM1P45,0.02,0.01,0.03,1000000.0,1000000.0,0,0,0,0,0,0,0,0,0,0,11,2026-02-05 12:48:24.121739
RTM1C46,4.14,4.13,4.15,1000000.0,1000000.0,0,0,0,0,0,0,0,0,0,0,11,2026-02-05 12:48:24.121739
RTM1P46,0.02,0.01,0.03,1000000.0,1000000.0,0,0,0,0,0,0,0,0,0,0,11,2026-02-05 12:48:24.121739
RTM1C47,3.14,3.13,3.15,1000000.0,1000000.0,0,0,0,0,0,0,0,0,0,0,11,2026-02-05 12:48:24.121739
RTM1P47,0.02,0.01,0.03,1000000.0,1000000.0,0,0,0,0,0,0,0,0,0,0,11,2026-02-05 12:48:24.121739
RTM1C48,2.15,2.14,2.16,1000000.0,1000000.0,0,0,0,0,0,0,0,0,0,0,11,2026-02-05 12:48:24.121739
RTM1P48,0.02,0.01,0.03,1000000.0,1000000.0,0,0,0,0,0,0,0,0,0,0,11,2026-02-05 12:48:24.121739
RTM1C49,1.26,1.25,1.27,1000000.0,1000000.0,0,0,0,0,0,0,0,0,0,0,11,2026-02-05 12:48:24.121739
RTM1P49,0.12,0.11,0.13,1000000.0,1000000.0,0,0,0,0,0,0,0,0,0,0,11,2026-02-05 12:48:24.121739
RTM1C50,0.53,0.52,0.54,1000000.0,1000000.0,0,0,0,0,0,0,0,0,0,0,11,2026-02-05 12:48:24.121739
RTM1P50,0.39,0.38,0.4,1000000.0,1000000.0,0,0,0,0,0,0,0,0,0,0,11,2026-02-05 12:48:24.121739
RTM1C51,0.14,0.13,0.15,1000000.0,1000000.0,0,0,0,0,0,0,0,0,0,0,11,2026-02-05 12:48:24.121739
RTM1P51,1.0,0.99,1.01,1000000.0,1000000.0,0,0,0,0,0,0,0,0,0,0,11,2026-02-05 12:48:24.121739
RTM1C52,0.05,0.04,0.06,1000000.0,1000000.0,0,0,0,0,0,0,0,0,0,0,11,2026-02-05 12:48:24.121739
RTM1P52,1.91,1.9,1.92,1000000.0,1000000.0,0,0,0,0,0,0,0,0,0,0,11,2026-02-05 12:48:24.121739
RTM1C53,0.02,0.01,0.03,1000000.0,1000000.0,0,0,0,0,0,0,0,0,0,0,11,2026-02-05 12:48:24.121739
RTM1P53,2.87,2.86,2.88,1000000.0,1000000.0,0,0,0,0,0,0,0,0,0,0,11,2026-02-05 12:48:24.121739
RTM1C54,0.02,0.01,0.03,1000000.0,1000000.0,0,0,0,0,0,0,0,0,0,0,11,2026-02-05 12:48:24.121739
RTM1P54,3.86,3.85,3.87,1000000.0,1000000.0,0,0,0,0,0,0,0,0,0,0,11,2026-02-05 12:48:24.121739
RTM,50.21,50.2,50.22,100000000.0,100000000.0,0,0,0,0,0,0,0,0,0,0,12,2026-02-05 12:48:24.685522
RTM1C45,5.21,5.2,5.22,1000000.0,1000000.0,0,0,0,0,0,0,0,0,0,0,12,2026-02-05 12:48:24.685522
RTM1P45,0.02,0.01,0.03,1000000.0,1000000.0,0,0,0,0,0,0,0,0,0,0,12,2026-02-05 12:48:24.685522
RTM1C46,4.21,4.2,4.22,1000000.0,1000000.0,0,0,0,0,0,0,0,0,0,0,12,2026-02-05 12:48:24.685522
RTM1P46,0.02,0.01,0.03,1000000.0,1000000.0,0,0,0,0,0,0,0,0,0,0,12,2026-02-05 12:48:24.685522
RTM1C47,3.21,3.2,3.22,1000000.0,1000000.0,0,0,0,0,0,0,0,0,0,0,12,2026-02-05 12:48:24.685522
RTM1P47,0.02,0.01,0.03,1000000.0,1000000.0,0,0,0,0,0,0,0,0,0,0,12,2026-02-05 12:48:24.685522
RTM1C48,2.22,2.21,2.23,1000000.0,1000000.0,0,0,0,0,0,0,0,0,0,0,12,2026-02-05 12:48:24.685522
RTM1P48,0.02,0.01,0.03,1000000.0,1000000.0,0,0,0,0,0,0,0,0,0,0,12,2026-02-05 12:48:24.685522
RTM1C49,1.32,1.31,1.33,1000000.0,1000000.0,0,0,0,0,0,0,0,0,0,0,12,2026-02-05 12:48:24.685522
RTM1P49,0.12,0.11,0.13,1000000.0,1000000.0,0,0,0,0,0,0,0,0,0,0,12,2026-02-05 12:48:24.685522
RTM1C50,0.56,0.55,0.57,1000000.0,1000000.0,0,0,0,0,0,0,0,0,0,0,12,2026-02-05 12:48:24.685522
RTM1P50,0.35,0.34,0.36,1000000.0,1000000.0,0,0,0,0,0,0,0,0,0,0,12,2026-02-05 12:48:24.685522
RTM1C51,0.19,0.18,0.2,1000000.0,1000000.0,0,0,0,0,0,0,0,0,0,0,12,2026-02-05 12:48:24.685522
RTM1P51,0.98,0.97,0.99,1000000.0,1000000.0,0,0,0,0,0,0,0,0,0,0,12,2026-02-05 12:48:24.685522
RTM1C52,0.03,0.02,0.04,1000000.0,1000000.0,0,0,0,0,0,0,0,0,0,0,12,2026-02-05 12:48:24.685522
RTM1P52,1.82,1.81,1.83,1000000.0,1000000.0,0,0,0,0,0,0,0,0,0,0,12,2026-02-05 12:48:24.685522
RTM1C53,0.02,0.01,0.03,1000000.0,1000000.0,0,0,0,0,0,0,0,0,0,0,12,2026-02-05 12:48:24.685522
RTM1P53,2.8,2.79,2.81,1000000.0,1000000.0,0,0,0,0,0,0,0,0,0,0,12,2026-02-05 12:48:24.685522
RTM1C54,0.02,0.01,0.03,1000000.0,1000000.0,0,0,0,0,0,0,0,0,0,0,12,2026-02-05 12:48:24.685522
RTM1P54,3.8,3.79,3.81,1000000.0,1000000.0,0,0,0,0,0,0,0,0,0,0,12,2026-02-05 12:48:24.685522
RTM,50.24,50.23,50.25,100000000.0,100000000.0,0,0,0,0,0,0,0,0,0,0,13,2026-02-05 12:48:25.749282
RTM1C45,5.24,5.23,5.25,1000000.0,1000000.0,0,0,0,0,0,0,0,0,0,0,13,2026-02-05 12:48:25.749282
RTM1P45,0.02,0.01,0.03,1000000.0,1000000.0,0,0,0,0,0,0,0,0,0,0,13,2026-02-05 12:48:25.749282
RTM1C46,4.24,4.23,4.25,1000000.0,1000000.0,0,0,0,0,0,0,0,0,0,0,13,2026-02-05 12:48:25.749282
RTM1P46,0.02,0.01,0.03,1000000.0,1000000.0,0,0,0,0,0,0,0,0,0,0,13,2026-02-05 12:48:25.749282
RTM1C47,3.24,3.23,3.25,1000000.0,1000000.0,0,0,0,0,0,0,0,0,0,0,13,2026-02-05 12:48:25.749282
RTM1P47,0.02,0.01,0.03,1000000.0,1000000.0,0,0,0,0,0,0,0,0,0,0,13,2026-02-05 12:48:25.749282
RTM1C48,2.25,2.24,2.26,1000000.0,1000000.0,0,0,0,0,0,0,0,0,0,0,13,2026-02-05 12:48:25.749282
RTM1P48,0.02,0.01,0.03,1000000.0,1000000.0,0,0,0,0,0,0,0,0,0,0,13,2026-02-05 12:48:25.749282
RTM1C49,1.32,1.31,1.33,1000000.0,1000000.0,0,0,0,0,0,0,0,0,0,0,13,2026-02-05 12:48:25.749282
RTM1P49,0.09,0.08,0.1,1000000.0,1000000.0,0,0,0,0,0,0,0,0,0,0,13,2026-02-05 12:48:25.749282
RTM1C50,0.57,0.56,0.58,1000000.0,1000000.0,0,0,0,0,0,0,0,0,0,0,13,2026-02-05 12:48:25.749282
RTM1P50,0.34,0.33,0.35,1000000.0,1000000.0,0,0,0,0,0,0,0,0,0,0,13,2026-02-05 12:48:25.749282
RTM1C51,0.18,0.17,0.19,1000000.0,1000000.0,0,0,0,0,0,0,0,0,0,0,13,2026-02-05 12:48:25.749282
RTM1P51,0.94,0.93,0.95,1000000.0,1000000.0,0,0,0,0,0,0,0,0,0,0,13,2026-02-05 12:48:25.749282
RTM1C52,0.04,0.03,0.05,1000000.0,1000000.0,0,0,0,0,0,0,0,0,0,0,13,2026-02-05 12:48:25.749282
RTM1P52,1.81,1.8,1.82,1000000.0,1000000.0,0,0,0,0,0,0,0,0,0,0,13,2026-02-05 12:48:25.749282
RTM1C53,0.02,0.01,0.03,1000000.0,1000000.0,0,0,0,0,0,0,0,0,0,0,13,2026-02-05 12:48:25.749282
RTM1P53,2.77,2.76,2.78,1000000.0,1000000.0,0,0,0,0,0,0,0,0,0,0,13,2026-02-05 12:48:25.749282
RTM1C54,0.02,0.01,0.03,1000000.0,1000000.0,0,0,0,0,0,0,0,0,0,0,13,2026-02-05 12:48:25.749282
RTM1P54,3.77,3.76,3.78,1000000.0,1000000.0,0,0,0,0,0,0,0,0,0,0,13,2026-02-05 12:48:25.749282
RTM,50.27,50.26,50.28,100000000.0,100000000.0,0,0,0,0,0,0,0,0,0,0,14,2026-02-05 12:48:26.832023
RTM1C45,5.27,5.26,5.28,1000000.0,1000000.0,0,0,0,0,0,0,0,0,0,0,14,2026-02-05 12:48:26.832023
RTM1P45,0.02,0.01,0.03,1000000.0,1000000.0,0,0,0,0,0,0,0,0,0,0,14,2026-02-05 12:48:26.832023
RTM1C46,4.27,4.26,4.28,1000000.0,1000000.0,0,0,0,0,0,0,0,0,0,0,14,2026-02-05 12:48:26.832023
RTM1P46,0.02,0.01,0.03,1000000.0,1000000.0,0,0,0,0,0,0,0,0,0,0,14,2026-02-05 12:48:26.832023
RTM1C47,3.27,3.26,3.28,1000000.0,1000000.0,0,0,0,0,0,0,0,0,0,0,14,2026-02-05 12:48:26.832023
RTM1P47,0.02,0.01,0.03,1000000.0,1000000.0,0,0,0,0,0,0,0,0,0,0,14,2026-02-05 12:48:26.832023
RTM1C48,2.28,2.27,2.29,1000000.0,1000000.0,0,0,0,0,0,0,0,0,0,0,14,2026-02-05 12:48:26.832023
RTM1P48,0.02,0.01,0.03,1000000.0,1000000.0,0,0,0,0,0,0,0,0,0,0,14,2026-02-05 12:48:26.832023
RTM1C49,1.37,1.36,1.38,1000000.0,1000000.0,0,0,0,0,0,0,0,0,0,0,14,2026-02-05 12:48:26.832023
RTM1P49,0.11,0.1,0.12,1000000.0,1000000.0,0,0,0,0,0,0,0,0,0,0,14,2026-02-05 12:48:26.832023
RTM1C50,0.61,0.6,0.62,1000000.0,1000000.0,0,0,0,0,0,0,0,0,0,0,14,2026-02-05 12:48:26.832023
RTM1P50,0.34,0.33,0.35,1000000.0,1000000.0,0,0,0,0,0,0,0,0,0,0,14,2026-02-05 12:48:26.832023
RTM1C51,0.25,0.24,0.26,1000000.0,1000000.0,0,0,0,0,0,0,0,0,0,0,14,2026-02-05 12:48:26.832023
RTM1P51,0.98,0.97,0.99,1000000.0,1000000.0,0,0,0,0,0,0,0,0,0,0,14,2026-02-05 12:48:26.832023
RTM1C52,0.03,0.02,0.04,1000000.0,1000000.0,0,0,0,0,0,0,0,0,0,0,14,2026-02-05 12:48:26.832023
RTM1P52,1.77,1.76,1.78,1000000.0,1000000.0,0,0,0,0,0,0,0,0,0,0,14,2026-02-05 12:48:26.832023
RTM1C53,0.02,0.01,0.03,1000000.0,1000000.0,0,0,0,0,0,0,0,0,0,0,14,2026-02-05 12:48:26.832023
RTM1P53,2.74,2.73,2.75,1000000.0,1000000.0,0,0,0,0,0,0,0,0,0,0,14,2026-02-05 12:48:26.832023
RTM1C54,0.02,0.01,0.03,1000000.0,1000000.0,0,0,0,0,0,0,0,0,0,0,14,2026-02-05 12:48:26.832023
RTM1P54,3.73,3.72,3.74,1000000.0,1000000.0,0,0,0,0,0,0,0,0,0,0,14,2026-02-05 12:48:26.832023
RTM,50.27,50.26,50.28,100000000.0,100000000.0,0,0,0,0,0,0,0,0,0,0,15,2026-02-05 12:48:27.897176
RTM1C45,5.27,5.26,5.28,1000000.0,1000000.0,0,0,0,0,0,0,0,0,0,0,15,2026-02-05 12:48:27.897176
RTM1P45,0.02,0.01,0.03,1000000.0,1000000.0,0,0,0,0,0,0,0,0,0,0,15,2026-02-05 12:48:27.897176
RTM1C46,4.27,4.26,4.28,1000000.0,1000000.0,0,0,0,0,0,0,0,0,0,0,15,2026-02-05 12:48:27.897176
RTM1P46,0.02,0.01,0.03,1000000.0,1000000.0,0,0,0,0,0,0,0,0,0,0,15,2026-02-05 12:48:27.897176
RTM1C47,3.27,3.26,3.28,1000000.0,1000000.0,0,0,0,0,0,0,0,0,0,0,15,2026-02-05 12:48:27.897176
RTM1P47,0.02,0.01,0.03,1000000.0,1000000.0,0,0,0,0,0,0,0,0,0,0,15,2026-02-05 12:48:27.897176
RTM1C48,2.29,2.28,2.3,1000000.0,1000000.0,0,0,0,0,0,0,0,0,0,0,15,2026-02-05 12:48:27.897176
RTM1P48,0.02,0.01,0.03,1000000.0,1000000.0,0,0,0,0,0,0,0,0,0,0,15,2026-02-05 12:48:27.897176
RTM1C49,1.35,1.34,1.36,1000000.0,1000000.0,0,0,0,0,0,0,0,0,0,0,15,2026-02-05 12:48:27.897176
RTM1P49,0.08,0.07,0.09,1000000.0,1000000.0,0,0,0,0,0,0,0,0,0,0,15,2026-02-05 12:48:27.897176
RTM1C50,0.61,0.6,0.62,1000000.0,1000000.0,0,0,0,0,0,0,0,0,0,0,15,2026-02-05 12:48:27.897176
RTM1P50,0.34,0.33,0.35,1000000.0,1000000.0,0,0,0,0,0,0,0,0,0,0,15,2026-02-05 12:48:27.897176
RTM1C51,0.24,0.23,0.25,1000000.0,1000000.0,0,0,0,0,0,0,0,0,0,0,15,2026-02-05 12:48:27.897176
RTM1P51,0.97,0.96,0.98,1000000.0,1000000.0,0,0,0,0,0,0,0,0,0,0,15,2026-02-05 12:48:27.897176
RTM1C52,0.05,0.04,0.06,1000000.0,1000000.0,0,0,0,0,0,0,0,0,0,0,15,2026-02-05 12:48:27.897176
RTM1P52,1.78,1.77,1.79,1000000.0,1000000.0,0,0,0,0,0,0,0,0,0,0,15,2026-02-05 12:48:27.897176
RTM1C53,0.02,0.01,0.03,1000000.0,1000000.0,0,0,0,0,0,0,0,0,0,0,15,2026-02-05 12:48:27.897176
RTM1P53,2.73,2.72,2.74,1000000.0,1000000.0,0,0,0,0,0,0,0,0,0,0,15,2026-02-05 12:48:27.897176
RTM1C54,0.02,0.01,0.03,1000000.0,1000000.0,0,0,0,0,0,0,0,0,0,0,15,2026-02-05 12:48:27.897176
RTM1P54,3.73,3.72,3.74,1000000.0,1000000.0,0,0,0,0,0,0,0,0,0,0,15,2026-02-05 12:48:27.897176
RTM,50.21,50.2,50.22,100000000.0,100000000.0,0,0,0,0,0,0,0,0,0,0,16,2026-02-05 12:48:28.957494
RTM1C45,5.21,5.2,5.22,1000000.0,1000000.0,0,0,0,0,0,0,0,0,0,0,16,2026-02-05 12:48:28.957494
RTM1P45,0.02,0.01,0.03,1000000.0,1000000.0,0,0,0,0,0,0,0,0,0,0,16,2026-02-05 12:48:28.957494
RTM1C46,4.21,4.2,4.22,1000000.0,1000000.0,0,0,0,0,0,0,0,0,0,0,16,2026-02-05 12:48:28.957494
RTM1P46,0.02,0.01,0.03,1000000.0,1000000.0,0,0,0,0,0,0,0,0,0,0,16,2026-02-05 12:48:28.957494
RTM1C47,3.22,3.21,3.23,1000000.0,1000000.0,0,0,0,0,0,0,0,0,0,0,16,2026-02-05 12:48:28.957494
RTM1P47,0.02,0.01,0.03,1000000.0,1000000.0,0,0,0,0,0,0,0,0,0,0,16,2026-02-05 12:48:28.957494
RTM1C48,2.22,2.21,2.23,1000000.0,1000000.0,0,0,0,0,0,0,0,0,0,0,16,2026-02-05 12:48:28.957494
RTM1P48,0.02,0.01,0.03,1000000.0,1000000.0,0,0,0,0,0,0,0,0,0,0,16,2026-02-05 12:48:28.957494
RTM1C49,1.31,1.3,1.32,1000000.0,1000000.0,0,0,0,0,0,0,0,0,0,0,16,2026-02-05 12:48:28.957494
RTM1P49,0.1,0.09,0.11,1000000.0,1000000.0,0,0,0,0,0,0,0,0,0,0,16,2026-02-05 12:48:28.957494
RTM1C50,0.63,0.62,0.64,1000000.0,1000000.0,0,0,0,0,0,0,0,0,0,0,16,2026-02-05 12:48:28.957494
RTM1P50,0.42,0.41,0.43,1000000.0,1000000.0,0,0,0,0,0,0,0,0,0,0,16,2026-02-05 12:48:28.957494
RTM1C51,0.2,0.19,0.21,1000000.0,1000000.0,0,0,0,0,0,0,0,0,0,0,16,2026-02-05 12:48:28.957494
RTM1P51,0.98,0.97,0.99,1000000.0,1000000.0,0,0,0,0,0,0,0,0,0,0,16,2026-02-05 12:48:28.957494
RTM1C52,0.05,0.04,0.06,1000000.0,1000000.0,0,0,0,0,0,0,0,0,0,0,16,2026-02-05 12:48:28.957494
RTM1P52,1.84,1.83,1.85,1000000.0,1000000.0,0,0,0,0,0,0,0,0,0,0,16,2026-02-05 12:48:28.957494
RTM1C53,0.02,0.01,0.03,1000000.0,1000000.0,0,0,0,0,0,0,0,0,0,0,16,2026-02-05 12:48:28.957494
RTM1P53,2.8,2.79,2.81,1000000.0,1000000.0,0,0,0,0,0,0,0,0,0,0,16,2026-02-05 12:48:28.957494
RTM1C54,0.02,0.01,0.03,1000000.0,1000000.0,0,0,0,0,0,0,0,0,0,0,16,2026-02-05 12:48:28.957494
RTM1P54,3.79,3.78,3.8,1000000.0,1000000.0,0,0,0,0,0,0,0,0,0,0,16,2026-02-05 12:48:28.957494
RTM,50.29,50.28,50.3,100000000.0,100000000.0,0,0,0,0,0,0,0,0,0,0,17,2026-02-05 12:48:30.027868
RTM1C45,5.29,5.28,5.3,1000000.0,1000000.0,0,0,0,0,0,0,0,0,0,0,17,2026-02-05 12:48:30.027868
RTM1P45,0.02,0.01,0.03,1000000.0,1000000.0,0,0,0,0,0,0,0,0,0,0,17,2026-02-05 12:48:30.027868
RTM1C46,4.29,4.28,4.3,1000000.0,1000000.0,0,0,0,0,0,0,0,0,0,0,17,2026-02-05 12:48:30.027868
RTM1P46,0.02,0.01,0.03,1000000.0,1000000.0,0,0,0,0,0,0,0,0,0,0,17,2026-02-05 12:48:30.027868
RTM1C47,3.29,3.28,3.3,1000000.0,1000000.0,0,0,0,0,0,0,0,0,0,0,17,2026-02-05 12:48:30.027868
RTM1P47,0.02,0.01,0.03,1000000.0,1000000.0,0,0,0,0,0,0,0,0,0,0,17,2026-02-05 12:48:30.027868
RTM1C48,2.31,2.3,2.32,1000000.0,1000000.0,0,0,0,0,0,0,0,0,0,0,17,2026-02-05 12:48:30.027868
RTM1P48,0.02,0.01,0.03,1000000.0,1000000.0,0,0,0,0,0,0,0,0,0,0,17,2026-02-05 12:48:30.027868
RTM1C49,1.39,1.38,1.4,1000000.0,1000000.0,0,0,0,0,0,0,0,0,0,0,17,2026-02-05 12:48:30.027868
RTM1P49,0.1,0.09,0.11,1000000.0,1000000.0,0,0,0,0,0,0,0,0,0,0,17,2026-02-05 12:48:30.027868
RTM1C50,0.66,0.65,0.67,1000000.0,1000000.0,0,0,0,0,0,0,0,0,0,0,17,2026-02-05 12:48:30.027868
RTM1P50,0.37,0.36,0.38,1000000.0,1000000.0,0,0,0,0,0,0,0,0,0,0,17,2026-02-05 12:48:30.027868
RTM1C51,0.24,0.23,0.25,1000000.0,1000000.0,0,0,0,0,0,0,0,0,0,0,17,2026-02-05 12:48:30.027868
RTM1P51,0.95,0.94,0.96,1000000.0,1000000.0,0,0,0,0,0,0,0,0,0,0,17,2026-02-05 12:48:30.027868
RTM1C52,0.05,0.04,0.06,1000000.0,1000000.0,0,0,0,0,0,0,0,0,0,0,17,2026-02-05 12:48:30.027868
RTM1P52,1.76,1.75,1.77,1000000.0,1000000.0,0,0,0,0,0,0,0,0,0,0,17,2026-02-05 12:48:30.027868
RTM1C53,0.02,0.01,0.03,1000000.0,1000000.0,0,0,0,0,0,0,0,0,0,0,17,2026-02-05 12:48:30.027868
RTM1P53,2.72,2.71,2.73,1000000.0,1000000.0,0,0,0,0,0,0,0,0,0,0,17,2026-02-05 12:48:30.027868
RTM1C54,0.02,0.01,0.03,1000000.0,1000000.0,0,0,0,0,0,0,0,0,0,0,17,2026-02-05 12:48:30.027868
RTM1P54,3.71,3.7,3.72,1000000.0,1000000.0,0,0,0,0,0,0,0,0,0,0,17,2026-02-05 12:48:30.027868
RTM,50.35,50.34,50.36,100000000.0,100000000.0,0,0,0,0,0,0,0,0,0,0,18,2026-02-05 12:48:31.103190
RTM1C45,5.35,5.34,5.36,1000000.0,1000000.0,0,0,0,0,0,0,0,0,0,0,18,2026-02-05 12:48:31.103190
RTM1P45,0.02,0.01,0.03,1000000.0,1000000.0,0,0,0,0,0,0,0,0,0,0,18,2026-02-05 12:48:31.103190
RTM1C46,4.35,4.34,4.36,1000000.0,1000000.0,0,0,0,0,0,0,0,0,0,0,18,2026-02-05 12:48:31.103190
RTM1P46,0.02,0.01,0.03,1000000.0,1000000.0,0,0,0,0,0,0,0,0,0,0,18,2026-02-05 12:48:31.103190
RTM1C47,3.35,3.34,3.36,1000000.0,1000000.0,0,0,0,0,0,0,0,0,0,0,18,2026-02-05 12:48:31.103190
RTM1P47,0.02,0.01,0.03,1000000.0,1000000.0,0,0,0,0,0,0,0,0,0,0,18,2026-02-05 12:48:31.103190
RTM1C48,2.36,2.35,2.37,1000000.0,1000000.0,0,0,0,0,0,0,0,0,0,0,18,2026-02-05 12:48:31.103190
RTM1P48,0.02,0.01,0.03,1000000.0,1000000.0,0,0,0,0,0,0,0,0,0,0,18,2026-02-05 12:48:31.103190
RTM1C49,1.46,1.45,1.47,1000000.0,1000000.0,0,0,0,0,0,0,0,0,0,0,18,2026-02-05 12:48:31.103190
RTM1P49,0.11,0.1,0.12,1000000.0,1000000.0,0,0,0,0,0,0,0,0,0,0,18,2026-02-05 12:48:31.103190
RTM1C50,0.71,0.7,0.72,1000000.0,1000000.0,0,0,0,0,0,0,0,0,0,0,18,2026-02-05 12:48:31.103190
RTM1P50,0.35,0.34,0.36,1000000.0,1000000.0,0,0,0,0,0,0,0,0,0,0,18,2026-02-05 12:48:31.103190
RTM1C51,0.26,0.25,0.27,1000000.0,1000000.0,0,0,0,0,0,0,0,0,0,0,18,2026-02-05 12:48:31.103190
RTM1P51,0.91,0.9,0.92,1000000.0,1000000.0,0,0,0,0,0,0,0,0,0,0,18,2026-02-05 12:48:31.103190
RTM1C52,0.08,0.07,0.09,1000000.0,1000000.0,0,0,0,0,0,0,0,0,0,0,18,2026-02-05 12:48:31.103190
RTM1P52,1.72,1.71,1.73,1000000.0,1000000.0,0,0,0,0,0,0,0,0,0,0,18,2026-02-05 12:48:31.103190
RTM1C53,0.02,0.01,0.03,1000000.0,1000000.0,0,0,0,0,0,0,0,0,0,0,18,2026-02-05 12:48:31.103190
RTM1P53,2.65,2.64,2.66,1000000.0,1000000.0,0,0,0,0,0,0,0,0,0,0,18,2026-02-05 12:48:31.103190
RTM1C54,0.02,0.01,0.03,1000000.0,1000000.0,0,0,0,0,0,0,0,0,0,0,18,2026-02-05 12:48:31.103190
RTM1P54,3.65,3.64,3.66,1000000.0,1000000.0,0,0,0,0,0,0,0,0,0,0,18,2026-02-05 12:48:31.103190
RTM,50.32,50.31,50.33,100000000.0,100000000.0,0,0,0,0,0,0,0,0,0,0,19,2026-02-05 12:48:32.194197
RTM1C45,5.32,5.31,5.33,1000000.0,1000000.0,0,0,0,0,0,0,0,0,0,0,19,2026-02-05 12:48:32.194197
RTM1P45,0.02,0.01,0.03,1000000.0,1000000.0,0,0,0,0,0,0,0,0,0,0,19,2026-02-05 12:48:32.194197
RTM1C46,4.32,4.31,4.33,1000000.0,1000000.0,0,0,0,0,0,0,0,0,0,0,19,2026-02-05 12:48:32.194197
RTM1P46,0.02,0.01,0.03,1000000.0,1000000.0,0,0,0,0,0,0,0,0,0,0,19,2026-02-05 12:48:32.194197
RTM1C47,3.32,3.31,3.33,1000000.0,1000000.0,0,0,0,0,0,0,0,0,0,0,19,2026-02-05 12:48:32.194197
RTM1P47,0.02,0.01,0.03,1000000.0,1000000.0,0,0,0,0,0,0,0,0,0,0,19,2026-02-05 12:48:32.194197
RTM1C48,2.33,2.32,2.34,1000000.0,1000000.0,0,0,0,0,0,0,0,0,0,0,19,2026-02-05 12:48:32.194197
RTM1P48,0.02,0.01,0.03,1000000.0,1000000.0,0,0,0,0,0,0,0,0,0,0,19,2026-02-05 12:48:32.194197
RTM1C49,1.39,1.38,1.4,1000000.0,1000000.0,0,0,0,0,0,0,0,0,0,0,19,2026-02-05 12:48:32.194197
RTM1P49,0.08,0.07,0.09,1000000.0,1000000.0,0,0,0,0,0,0,0,0,0,0,19,2026-02-05 12:48:32.194197
RTM1C50,0.65,0.64,0.66,1000000.0,1000000.0,0,0,0,0,0,0,0,0,0,0,19,2026-02-05 12:48:32.194197
RTM1P50,0.34,0.33,0.35,1000000.0,1000000.0,0,0,0,0,0,0,0,0,0,0,19,2026-02-05 12:48:32.194197
RTM1C51,0.24,0.23,0.25,1000000.0,1000000.0,0,0,0,0,0,0,0,0,0,0,19,2026-02-05 12:48:32.194197
RTM1P51,0.92,0.91,0.93,1000000.0,1000000.0,0,0,0,0,0,0,0,0,0,0,19,2026-02-05 12:48:32.194197
RTM1C52,0.07,0.06,0.08,1000000.0,1000000.0,0,0,0,0,0,0,0,0,0,0,19,2026-02-05 12:48:32.194197
RTM1P52,1.75,1.74,1.76,1000000.0,1000000.0,0,0,0,0,0,0,0,0,0,0,19,2026-02-05 12:48:32.194197
RTM1C53,0.02,0.01,0.03,1000000.0,1000000.0,0,0,0,0,0,0,0,0,0,0,19,2026-02-05 12:48:32.194197
RTM1P53,2.69,2.68,2.7,1000000.0,1000000.0,0,0,0,0,0,0,0,0,0,0,19,2026-02-05 12:48:32.194197
RTM1C54,0.02,0.01,0.03,1000000.0,1000000.0,0,0,0,0,0,0,0,0,0,0,19,2026-02-05 12:48:32.194197
RTM1P54,3.68,3.67,3.69,1000000.0,1000000.0,0,0,0,0,0,0,0,0,0,0,19,2026-02-05 12:48:32.194197
RTM,50.2,50.19,50.21,100000000.0,100000000.0,0,0,0,0,0,0,0,0,0,0,20,2026-02-05 12:48:32.770480
RTM1C45,5.2,5.19,5.21,1000000.0,1000000.0,0,0,0,0,0,0,0,0,0,0,20,2026-02-05 12:48:32.770480
RTM1P45,0.02,0.01,0.03,1000000.0,1000000.0,0,0,0,0,0,0,0,0,0,0,20,2026-02-05 12:48:32.770480
RTM1C46,4.2,4.19,4.21,1000000.0,1000000.0,0,0,0,0,0,0,0,0,0,0,20,2026-02-05 12:48:32.770480
RTM1P46,0.02,0.01,0.03,1000000.0,1000000.0,0,0,0,0,0,0,0,0,0,0,20,2026-02-05 12:48:32.770480
RTM1C47,3.2,3.19,3.21,1000000.0,1000000.0,0,0,0,0,0,0,0,0,0,0,20,2026-02-05 12:48:32.770480
RTM1P47,0.02,0.01,0.03,1000000.0,1000000.0,0,0,0,0,0,0,0,0,0,0,20,2026-02-05 12:48:32.770480
RTM1C48,2.23,2.22,2.24,1000000.0,1000000.0,0,0,0,0,0,0,0,0,0,0,20,2026-02-05 12:48:32.770480
RTM1P48,0.02,0.01,0.03,1000000.0,1000000.0,0,0,0,0,0,0,0,0,0,0,20,2026-02-05 12:48:32.770480
RTM1C49,1.31,1.3,1.32,1000000.0,1000000.0,0,0,0,0,0,0,0,0,0,0,20,2026-02-05 12:48:32.770480
RTM1P49,0.11,0.1,0.12,1000000.0,1000000.0,0,0,0,0,0,0,0,0,0,0,20,2026-02-05 12:48:32.770480
RTM1C50,0.61,0.6,0.62,1000000.0,1000000.0,0,0,0,0,0,0,0,0,0,0,20,2026-02-05 12:48:32.770480
RTM1P50,0.4,0.39,0.41,1000000.0,1000000.0,0,0,0,0,0,0,0,0,0,0,20,2026-02-05 12:48:32.770480
RTM1C51,0.19,0.18,0.2,1000000.0,1000000.0,0,0,0,0,0,0,0,0,0,0,20,2026-02-05 12:48:32.770480
RTM1P51,0.99,0.98,1.0,1000000.0,1000000.0,0,0,0,0,0,0,0,0,0,0,20,2026-02-05 12:48:32.770480
RTM1C52,0.05,0.04,0.06,1000000.0,1000000.0,0,0,0,0,0,0,0,0,0,0,20,2026-02-05 12:48:32.770480
RTM1P52,1.85,1.84,1.86,1000000.0,1000000.0,0,0,0,0,0,0,0,0,0,0,20,2026-02-05 12:48:32.770480
RTM1C53,0.02,0.01,0.03,1000000.0,1000000.0,0,0,0,0,0,0,0,0,0,0,20,2026-02-05 12:48:32.770480
RTM1P53,2.8,2.79,2.81,1000000.0,1000000.0,0,0,0,0,0,0,0,0,0,0,20,2026-02-05 12:48:32.770480
RTM1C54,0.02,0.01,0.03,1000000.0,1000000.0,0,0,0,0,0,0,0,0,0,0,20,2026-02-05 12:48:32.770480
RTM1P54,3.8,3.79,3.81,1000000.0,1000000.0,0,0,0,0,0,0,0,0,0,0,20,2026-02-05 12:48:32.770480
RTM,50.08,50.07,50.09,100000000.0,100000000.0,0,0,0,0,0,0,0,0,0,0,21,2026-02-05 12:48:33.876776
RTM1C45,5.08,5.07,5.09,1000000.0,1000000.0,0,0,0,0,0,0,0,0,0,0,21,2026-02-05 12:48:33.876776
RTM1P45,0.02,0.01,0.03,1000000.0,1000000.0,0,0,0,0,0,0,0,0,0,0,21,2026-02-05 12:48:33.876776
RTM1C46,4.08,4.07,4.09,1000000.0,1000000.0,0,0,0,0,0,0,0,0,0,0,21,2026-02-05 12:48:33.876776
RTM1P46,0.02,0.01,0.03,1000000.0,1000000.0,0,0,0,0,0,0,0,0,0,0,21,2026-02-05 12:48:33.876776
RTM1C47,3.08,3.07,3.09,1000000.0,1000000.0,0,0,0,0,0,0,0,0,0,0,21,2026-02-05 12:48:33.876776
RTM1P47,0.02,0.01,0.03,1000000.0,1000000.0,0,0,0,0,0,0,0,0,0,0,21,2026-02-05 12:48:33.876776
RTM1C48,2.11,2.1,2.12,1000000.0,1000000.0,0,0,0,0,0,0,0,0,0,0,21,2026-02-05 12:48:33.876776
RTM1P48,0.03,0.02,0.04,1000000.0,1000000.0,0,0,0,0,0,0,0,0,0,0,21,2026-02-05 12:48:33.876776
RTM1C49,1.2,1.19,1.21,1000000.0,1000000.0,0,0,0,0,0,0,0,0,0,0,21,2026-02-05 12:48:33.876776
RTM1P49,0.12,0.11,0.13,1000000.0,1000000.0,0,0,0,0,0,0,0,0,0,0,21,2026-02-05 12:48:33.876776
RTM1C50,0.56,0.55,0.57,1000000.0,1000000.0,0,0,0,0,0,0,0,0,0,0,21,2026-02-05 12:48:33.876776
RTM1P50,0.48,0.47,0.49,1000000.0,1000000.0,0,0,0,0,0,0,0,0,0,0,21,2026-02-05 12:48:33.876776
RTM1C51,0.17,0.16,0.18,1000000.0,1000000.0,0,0,0,0,0,0,0,0,0,0,21,2026-02-05 12:48:33.876776
RTM1P51,1.09,1.08,1.1,1000000.0,1000000.0,0,0,0,0,0,0,0,0,0,0,21,2026-02-05 12:48:33.876776
RTM1C52,0.04,0.03,0.05,1000000.0,1000000.0,0,0,0,0,0,0,0,0,0,0,21,2026-02-05 12:48:33.876776
RTM1P52,1.96,1.95,1.97,1000000.0,1000000.0,0,0,0,0,0,0,0,0,0,0,21,2026-02-05 12:48:33.876776
RTM1C53,0.02,0.01,0.03,1000000.0,1000000.0,0,0,0,0,0,0,0,0,0,0,21,2026-02-05 12:48:33.876776
RTM1P53,2.92,2.91,2.93,1000000.0,1000000.0,0,0,0,0,0,0,0,0,0,0,21,2026-02-05 12:48:33.876776
RTM1C54,0.02,0.01,0.03,1000000.0,1000000.0,0,0,0,0,0,0,0,0,0,0,21,2026-02-05 12:48:33.876776
RTM1P54,3.92,3.91,3.93,1000000.0,1000000.0,0,0,0,0,0,0,0,0,0,0,21,2026-02-05 12:48:33.876776
RTM,50.07,50.06,50.08,100000000.0,100000000.0,0,0,0,0,0,0,0,0,0,0,22,2026-02-05 12:48:34.946587
RTM1C45,5.07,5.06,5.08,1000000.0,1000000.0,0,0,0,0,0,0,0,0,0,0,22,2026-02-05 12:48:34.946587
RTM1P45,0.02,0.01,0.03,1000000.0,1000000.0,0,0,0,0,0,0,0,0,0,0,22,2026-02-05 12:48:34.946587
RTM1C46,4.07,4.06,4.08,1000000.0,1000000.0,0,0,0,0,0,0,0,0,0,0,22,2026-02-05 12:48:34.946587
RTM1P46,0.02,0.01,0.03,1000000.0,1000000.0,0,0,0,0,0,0,0,0,0,0,22,2026-02-05 12:48:34.946587
RTM1C47,3.08,3.07,3.09,1000000.0,1000000.0,0,0,0,0,0,0,0,0,0,0,22,2026-02-05 12:48:34.946587
RTM1P47,0.02,0.01,0.03,1000000.0,1000000.0,0,0,0,0,0,0,0,0,0,0,22,2026-02-05 12:48:34.946587
RTM1C48,2.09,2.08,2.1,1000000.0,1000000.0,0,0,0,0,0,0,0,0,0,0,22,2026-02-05 12:48:34.946587
RTM1P48,0.02,0.01,0.03,1000000.0,1000000.0,0,0,0,0,0,0,0,0,0,0,22,2026-02-05 12:48:34.946587
RTM1C49,1.2,1.19,1.21,1000000.0,1000000.0,0,0,0,0,0,0,0,0,0,0,22,2026-02-05 12:48:34.946587
RTM1P49,0.12,0.11,0.13,1000000.0,1000000.0,0,0,0,0,0,0,0,0,0,0,22,2026-02-05 12:48:34.946587
RTM1C50,0.54,0.53,0.55,1000000.0,1000000.0,0,0,0,0,0,0,0,0,0,0,22,2026-02-05 12:48:34.946587
RTM1P50,0.47,0.46,0.48,1000000.0,1000000.0,0,0,0,0,0,0,0,0,0,0,22,2026-02-05 12:48:34.946587
RTM1C51,0.18,0.17,0.19,1000000.0,1000000.0,0,0,0,0,0,0,0,0,0,0,22,2026-02-05 12:48:34.946587
RTM1P51,1.11,1.1,1.12,1000000.0,1000000.0,0,0,0,0,0,0,0,0,0,0,22,2026-02-05 12:48:34.946587
RTM1C52,0.03,0.02,0.04,1000000.0,1000000.0,0,0,0,0,0,0,0,0,0,0,22,2026-02-05 12:48:34.946587
RTM1P52,1.96,1.95,1.97,1000000.0,1000000.0,0,0,0,0,0,0,0,0,0,0,22,2026-02-05 12:48:34.946587
RTM1C53,0.02,0.01,0.03,1000000.0,1000000.0,0,0,0,0,0,0,0,0,0,0,22,2026-02-05 12:48:34.946587
RTM1P53,2.93,2.92,2.94,1000000.0,1000000.0,0,0,0,0,0,0,0,0,0,0,22,2026-02-05 12:48:34.946587
RTM1C54,0.02,0.01,0.03,1000000.0,1000000.0,0,0,0,0,0,0,0,0,0,0,22,2026-02-05 12:48:34.946587
RTM1P54,3.93,3.92,3.94,1000000.0,1000000.0,0,0,0,0,0,0,0,0,0,0,22,2026-02-05 12:48:34.946587
RTM,49.89,49.88,49.9,100000000.0,100000000.0,0,0,0,0,0,0,0,0,0,0,23,2026-02-05 12:48:36.013726
RTM1C45,4.89,4.88,4.9,1000000.0,1000000.0,0,0,0,0,0,0,0,0,0,0,23,2026-02-05 12:48:36.013726
RTM1P45,0.02,0.01,0.03,1000000.0,1000000.0,0,0,0,0,0,0,0,0,0,0,23,2026-02-05 12:48:36.013726
RTM1C46,3.89,3.88,3.9,1000000.0,1000000.0,0,0,0,0,0,0,0,0,0,0,23,2026-02-05 12:48:36.013726
RTM1P46,0.02,0.01,0.03,1000000.0,1000000.0,0,0,0,0,0,0,0,0,0,0,23,2026-02-05 12:48:36.013726
RTM1C47,2.9,2.89,2.91,1000000.0,1000000.0,0,0,0,0,0,0,0,0,0,0,23,2026-02-05 12:48:36.013726
RTM1P47,0.02,0.01,0.03,1000000.0,1000000.0,0,0,0,0,0,0,0,0,0,0,23,2026-02-05 12:48:36.013726
RTM1C48,1.94,1.93,1.95,1000000.0,1000000.0,0,0,0,0,0,0,0,0,0,0,23,2026-02-05 12:48:36.013726
RTM1P48,0.04,0.03,0.05,1000000.0,1000000.0,0,0,0,0,0,0,0,0,0,0,23,2026-02-05 12:48:36.013726
RTM1C49,1.08,1.07,1.09,1000000.0,1000000.0,0,0,0,0,0,0,0,0,0,0,23,2026-02-05 12:48:36.013726
RTM1P49,0.19,0.18,0.2,1000000.0,1000000.0,0,0,0,0,0,0,0,0,0,0,23,2026-02-05 12:48:36.013726
RTM1C50,0.48,0.47,0.49,1000000.0,1000000.0,0,0,0,0,0,0,0,0,0,0,23,2026-02-05 12:48:36.013726
RTM1P50,0.59,0.58,0.6,1000000.0,1000000.0,0,0,0,0,0,0,0,0,0,0,23,2026-02-05 12:48:36.013726
RTM1C51,0.17,0.16,0.18,1000000.0,1000000.0,0,0,0,0,0,0,0,0,0,0,23,2026-02-05 12:48:36.013726
RTM1P51,1.27,1.26,1.28,1000000.0,1000000.0,0,0,0,0,0,0,0,0,0,0,23,2026-02-05 12:48:36.013726
RTM1C52,0.03,0.02,0.04,1000000.0,1000000.0,0,0,0,0,0,0,0,0,0,0,23,2026-02-05 12:48:36.013726
RTM1P52,2.14,2.13,2.15,1000000.0,1000000.0,0,0,0,0,0,0,0,0,0,0,23,2026-02-05 12:48:36.013726
RTM1C53,0.02,0.01,0.03,1000000.0,1000000.0,0,0,0,0,0,0,0,0,0,0,23,2026-02-05 12:48:36.013726
RTM1P53,3.11,3.1,3.12,1000000.0,1000000.0,0,0,0,0,0,0,0,0,0,0,23,2026-02-05 12:48:36.013726
RTM1C54,0.02,0.01,0.03,1000000.0,1000000.0,0,0,0,0,0,0,0,0,0,0,23,2026-02-05 12:48:36.013726
RTM1P54,4.11,4.1,4.12,1000000.0,1000000.0,0,0,0,0,0,0,0,0,0,0,23,2026-02-05 12:48:36.013726
RTM,49.98,49.97,49.99,100000000.0,100000000.0,0,0,0,0,0,0,0,0,0,0,24,2026-02-05 12:48:37.073131
RTM1C45,4.98,4.97,4.99,1000000.0,1000000.0,0,0,0,0,0,0,0,0,0,0,24,2026-02-05 12:48:37.073131
RTM1P45,0.02,0.01,0.03,1000000.0,1000000.0,0,0,0,0,0,0,0,0,0,0,24,2026-02-05 12:48:37.073131
RTM1C46,3.98,3.97,3.99,1000000.0,1000000.0,0,0,0,0,0,0,0,0,0,0,24,2026-02-05 12:48:37.073131
RTM1P46,0.02,0.01,0.03,1000000.0,1000000.0,0,0,0,0,0,0,0,0,0,0,24,2026-02-05 12:48:37.073131
RTM1C47,2.99,2.98,3.0,1000000.0,1000000.0,0,0,0,0,0,0,0,0,0,0,24,2026-02-05 12:48:37.073131
RTM1P47,0.02,0.01,0.03,1000000.0,1000000.0,0,0,0,0,0,0,0,0,0,0,24,2026-02-05 12:48:37.073131
RTM1C48,2.01,2.0,2.02,1000000.0,1000000.0,0,0,0,0,0,0,0,0,0,0,24,2026-02-05 12:48:37.073131
RTM1P48,0.03,0.02,0.04,1000000.0,1000000.0,0,0,0,0,0,0,0,0,0,0,24,2026-02-05 12:48:37.073131
RTM1C49,1.14,1.13,1.15,1000000.0,1000000.0,0,0,0,0,0,0,0,0,0,0,24,2026-02-05 12:48:37.073131
RTM1P49,0.15,0.14,0.16,1000000.0,1000000.0,0,0,0,0,0,0,0,0,0,0,24,2026-02-05 12:48:37.073131
RTM1C50,0.49,0.48,0.5,1000000.0,1000000.0,0,0,0,0,0,0,0,0,0,0,24,2026-02-05 12:48:37.073131
RTM1P50,0.51,0.5,0.52,1000000.0,1000000.0,0,0,0,0,0,0,0,0,0,0,24,2026-02-05 12:48:37.073131
RTM1C51,0.17,0.16,0.18,1000000.0,1000000.0,0,0,0,0,0,0,0,0,0,0,24,2026-02-05 12:48:37.073131
RTM1P51,1.18,1.17,1.19,1000000.0,1000000.0,0,0,0,0,0,0,0,0,0,0,24,2026-02-05 12:48:37.073131
RTM1C52,0.03,0.02,0.04,1000000.0,1000000.0,0,0,0,0,0,0,0,0,0,0,24,2026-02-05 12:48:37.073131
RTM1P52,2.05,2.04,2.06,1000000.0,1000000.0,0,0,0,0,0,0,0,0,0,0,24,2026-02-05 12:48:37.073131
RTM1C53,0.02,0.01,0.03,1000000.0,1000000.0,0,0,0,0,0,0,0,0,0,0,24,2026-02-05 12:48:37.073131
RTM1P53,3.02,3.01,3.03,1000000.0,1000000.0,0,0,0,0,0,0,0,0,0,0,24,2026-02-05 12:48:37.073131
RTM1C54,0.02,0.01,0.03,1000000.0,1000000.0,0,0,0,0,0,0,0,0,0,0,24,2026-02-05 12:48:37.073131
RTM1P54,4.02,4.01,4.03,1000000.0,1000000.0,0,0,0,0,0,0,0,0,0,0,24,2026-02-05 12:48:37.073131
RTM,49.97,49.96,49.98,100000000.0,100000000.0,0,0,0,0,0,0,0,0,0,0,25,2026-02-05 12:48:38.175636
RTM1C45,4.97,4.96,4.98,1000000.0,1000000.0,0,0,0,0,0,0,0,0,0,0,25,2026-02-05 12:48:38.175636
RTM1P45,0.02,0.01,0.03,1000000.0,1000000.0,0,0,0,0,0,0,0,0,0,0,25,2026-02-05 12:48:38.175636
RTM1C46,3.97,3.96,3.98,1000000.0,1000000.0,0,0,0,0,0,0,0,0,0,0,25,2026-02-05 12:48:38.175636
RTM1P46,0.02,0.01,0.03,1000000.0,1000000.0,0,0,0,0,0,0,0,0,0,0,25,2026-02-05 12:48:38.175636
RTM1C47,2.97,2.96,2.98,1000000.0,1000000.0,0,0,0,0,0,0,0,0,0,0,25,2026-02-05 12:48:38.175636
RTM1P47,0.02,0.01,0.03,1000000.0,1000000.0,0,0,0,0,0,0,0,0,0,0,25,2026-02-05 12:48:38.175636
RTM1C48,2.0,1.99,2.01,1000000.0,1000000.0,0,0,0,0,0,0,0,0,0,0,25,2026-02-05 12:48:38.175636
RTM1P48,0.03,0.02,0.04,1000000.0,1000000.0,0,0,0,0,0,0,0,0,0,0,25,2026-02-05 12:48:38.175636
RTM1C49,1.12,1.11,1.13,1000000.0,1000000.0,0,0,0,0,0,0,0,0,0,0,25,2026-02-05 12:48:38.175636
RTM1P49,0.16,0.15,0.17,1000000.0,1000000.0,0,0,0,0,0,0,0,0,0,0,25,2026-02-05 12:48:38.175636
RTM1C50,0.48,0.47,0.49,1000000.0,1000000.0,0,0,0,0,0,0,0,0,0,0,25,2026-02-05 12:48:38.175636
RTM1P50,0.51,0.5,0.52,1000000.0,1000000.0,0,0,0,0,0,0,0,0,0,0,25,2026-02-05 12:48:38.175636
RTM1C51,0.15,0.14,0.16,1000000.0,1000000.0,0,0,0,0,0,0,0,0,0,0,25,2026-02-05 12:48:38.175636
RTM1P51,1.18,1.17,1.19,1000000.0,1000000.0,0,0,0,0,0,0,0,0,0,0,25,2026-02-05 12:48:38.175636
RTM1C52,0.02,0.01,0.03,1000000.0,1000000.0,0,0,0,0,0,0,0,0,0,0,25,2026-02-05 12:48:38.175636
RTM1P52,2.05,2.04,2.06,1000000.0,1000000.0,0,0,0,0,0,0,0,0,0,0,25,2026-02-05 12:48:38.175636
RTM1C53,0.02,0.01,0.03,1000000.0,1000000.0,0,0,0,0,0,0,0,0,0,0,25,2026-02-05 12:48:38.175636
RTM1P53,3.04,3.03,3.05,1000000.0,1000000.0,0,0,0,0,0,0,0,0,0,0,25,2026-02-05 12:48:38.175636
RTM1C54,0.02,0.01,0.03,1000000.0,1000000.0,0,0,0,0,0,0,0,0,0,0,25,2026-02-05 12:48:38.175636
RTM1P54,4.03,4.02,4.04,1000000.0,1000000.0,0,0,0,0,0,0,0,0,0,0,25,2026-02-05 12:48:38.175636
RTM,49.93,49.92,49.94,100000000.0,100000000.0,0,0,0,0,0,0,0,0,0,0,26,2026-02-05 12:48:38.763744
RTM1C45,4.93,4.92,4.94,1000000.0,1000000.0,0,0,0,0,0,0,0,0,0,0,26,2026-02-05 12:48:38.763744
RTM1P45,0.02,0.01,0.03,1000000.0,1000000.0,0,0,0,0,0,0,0,0,0,0,26,2026-02-05 12:48:38.763744
RTM1C46,3.93,3.92,3.94,1000000.0,1000000.0,0,0,0,0,0,0,0,0,0,0,26,2026-02-05 12:48:38.763744
RTM1P46,0.02,0.01,0.03,1000000.0,1000000.0,0,0,0,0,0,0,0,0,0,0,26,2026-02-05 12:48:38.763744
RTM1C47,2.94,2.93,2.95,1000000.0,1000000.0,0,0,0,0,0,0,0,0,0,0,26,2026-02-05 12:48:38.763744
RTM1P47,0.02,0.01,0.03,1000000.0,1000000.0,0,0,0,0,0,0,0,0,0,0,26,2026-02-05 12:48:38.763744
RTM1C48,1.97,1.96,1.98,1000000.0,1000000.0,0,0,0,0,0,0,0,0,0,0,26,2026-02-05 12:48:38.763744
RTM1P48,0.03,0.02,0.04,1000000.0,1000000.0,0,0,0,0,0,0,0,0,0,0,26,2026-02-05 12:48:38.763744
RTM1C49,1.11,1.1,1.12,1000000.0,1000000.0,0,0,0,0,0,0,0,0,0,0,26,2026-02-05 12:48:38.763744
RTM1P49,0.17,0.16,0.18,1000000.0,1000000.0,0,0,0,0,0,0,0,0,0,0,26,2026-02-05 12:48:38.763744
RTM1C50,0.49,0.48,0.5,1000000.0,1000000.0,0,0,0,0,0,0,0,0,0,0,26,2026-02-05 12:48:38.763744
RTM1P50,0.56,0.55,0.57,1000000.0,1000000.0,0,0,0,0,0,0,0,0,0,0,26,2026-02-05 12:48:38.763744
RTM1C51,0.14,0.13,0.15,1000000.0,1000000.0,0,0,0,0,0,0,0,0,0,0,26,2026-02-05 12:48:38.763744
RTM1P51,1.2,1.19,1.21,1000000.0,1000000.0,0,0,0,0,0,0,0,0,0,0,26,2026-02-05 12:48:38.763744
RTM1C52,0.03,0.02,0.04,1000000.0,1000000.0,0,0,0,0,0,0,0,0,0,0,26,2026-02-05 12:48:38.763744
RTM1P52,2.09,2.08,2.1,1000000.0,1000000.0,0,0,0,0,0,0,0,0,0,0,26,2026-02-05 12:48:38.763744
RTM1C53,0.02,0.01,0.03,1000000.0,1000000.0,0,0,0,0,0,0,0,0,0,0,26,2026-02-05 12:48:38.763744
RTM1P53,3.07,3.06,3.08,1000000.0,1000000.0,0,0,0,0,0,0,0,0,0,0,26,2026-02-05 12:48:38.763744
RTM1C54,0.02,0.01,0.03,1000000.0,1000000.0,0,0,0,0,0,0,0,0,0,0,26,2026-02-05 12:48:38.763744
RTM1P54,4.07,4.06,4.08,1000000.0,1000000.0,0,0,0,0,0,0,0,0,0,0,26,2026-02-05 12:48:38.763744
RTM,49.95,49.94,49.96,100000000.0,100000000.0,0,0,0,0,0,0,0,0,0,0,27,2026-02-05 12:48:39.865362
RTM1C45,4.95,4.94,4.96,1000000.0,1000000.0,0,0,0,0,0,0,0,0,0,0,27,2026-02-05 12:48:39.865362
RTM1P45,0.02,0.01,0.03,1000000.0,1000000.0,0,0,0,0,0,0,0,0,0,0,27,2026-02-05 12:48:39.865362
RTM1C46,3.95,3.94,3.96,1000000.0,1000000.0,0,0,0,0,0,0,0,0,0,0,27,2026-02-05 12:48:39.865362
RTM1P46,0.02,0.01,0.03,1000000.0,1000000.0,0,0,0,0,0,0,0,0,0,0,27,2026-02-05 12:48:39.865362
RTM1C47,2.95,2.94,2.96,1000000.0,1000000.0,0,0,0,0,0,0,0,0,0,0,27,2026-02-05 12:48:39.865362
RTM1P47,0.02,0.01,0.03,1000000.0,1000000.0,0,0,0,0,0,0,0,0,0,0,27,2026-02-05 12:48:39.865362
RTM1C48,1.98,1.97,1.99,1000000.0,1000000.0,0,0,0,0,0,0,0,0,0,0,27,2026-02-05 12:48:39.865362
RTM1P48,0.03,0.02,0.04,1000000.0,1000000.0,0,0,0,0,0,0,0,0,0,0,27,2026-02-05 12:48:39.865362
RTM1C49,1.14,1.13,1.15,1000000.0,1000000.0,0,0,0,0,0,0,0,0,0,0,27,2026-02-05 12:48:39.865362
RTM1P49,0.2,0.19,0.21,1000000.0,1000000.0,0,0,0,0,0,0,0,0,0,0,27,2026-02-05 12:48:39.865362
RTM1C50,0.51,0.5,0.52,1000000.0,1000000.0,0,0,0,0,0,0,0,0,0,0,27,2026-02-05 12:48:39.865362
RTM1P50,0.57,0.56,0.58,1000000.0,1000000.0,0,0,0,0,0,0,0,0,0,0,27,2026-02-05 12:48:39.865362
RTM1C51,0.14,0.13,0.15,1000000.0,1000000.0,0,0,0,0,0,0,0,0,0,0,27,2026-02-05 12:48:39.865362
RTM1P51,1.2,1.19,1.21,1000000.0,1000000.0,0,0,0,0,0,0,0,0,0,0,27,2026-02-05 12:48:39.865362
RTM1C52,0.03,0.02,0.04,1000000.0,1000000.0,0,0,0,0,0,0,0,0,0,0,27,2026-02-05 12:48:39.865362
RTM1P52,2.09,2.08,2.1,1000000.0,1000000.0,0,0,0,0,0,0,0,0,0,0,27,2026-02-05 12:48:39.865362
RTM1C53,0.02,0.01,0.03,1000000.0,1000000.0,0,0,0,0,0,0,0,0,0,0,27,2026-02-05 12:48:39.865362
RTM1P53,3.06,3.05,3.07,1000000.0,1000000.0,0,0,0,0,0,0,0,0,0,0,27,2026-02-05 12:48:39.865362
RTM1C54,0.02,0.01,0.03,1000000.0,1000000.0,0,0,0,0,0,0,0,0,0,0,27,2026-02-05 12:48:39.865362
RTM1P54,4.05,4.04,4.06,1000000.0,1000000.0,0,0,0,0,0,0,0,0,0,0,27,2026-02-05 12:48:39.865362
RTM,49.86,49.85,49.87,100000000.0,100000000.0,0,0,0,0,0,0,0,0,0,0,28,2026-02-05 12:48:40.947660
RTM1C45,4.86,4.85,4.87,1000000.0,1000000.0,0,0,0,0,0,0,0,0,0,0,28,2026-02-05 12:48:40.947660
RTM1P45,0.02,0.01,0.03,1000000.0,1000000.0,0,0,0,0,0,0,0,0,0,0,28,2026-02-05 12:48:40.947660
RTM1C46,3.86,3.85,3.87,1000000.0,1000000.0,0,0,0,0,0,0,0,0,0,0,28,2026-02-05 12:48:40.947660
RTM1P46,0.02,0.01,0.03,1000000.0,1000000.0,0,0,0,0,0,0,0,0,0,0,28,2026-02-05 12:48:40.947660
RTM1C47,2.87,2.86,2.88,1000000.0,1000000.0,0,0,0,0,0,0,0,0,0,0,28,2026-02-05 12:48:40.947660
RTM1P47,0.02,0.01,0.03,1000000.0,1000000.0,0,0,0,0,0,0,0,0,0,0,28,2026-02-05 12:48:40.947660
RTM1C48,1.9,1.89,1.91,1000000.0,1000000.0,0,0,0,0,0,0,0,0,0,0,28,2026-02-05 12:48:40.947660
RTM1P48,0.04,0.03,0.05,1000000.0,1000000.0,0,0,0,0,0,0,0,0,0,0,28,2026-02-05 12:48:40.947660
RTM1C49,1.05,1.04,1.06,1000000.0,1000000.0,0,0,0,0,0,0,0,0,0,0,28,2026-02-05 12:48:40.947660
RTM1P49,0.19,0.18,0.2,1000000.0,1000000.0,0,0,0,0,0,0,0,0,0,0,28,2026-02-05 12:48:40.947660
RTM1C50,0.45,0.44,0.46,1000000.0,1000000.0,0,0,0,0,0,0,0,0,0,0,28,2026-02-05 12:48:40.947660
RTM1P50,0.58,0.57,0.59,1000000.0,1000000.0,0,0,0,0,0,0,0,0,0,0,28,2026-02-05 12:48:40.947660
RTM1C51,0.14,0.13,0.15,1000000.0,1000000.0,0,0,0,0,0,0,0,0,0,0,28,2026-02-05 12:48:40.947660
RTM1P51,1.28,1.27,1.29,1000000.0,1000000.0,0,0,0,0,0,0,0,0,0,0,28,2026-02-05 12:48:40.947660
RTM1C52,0.03,0.02,0.04,1000000.0,1000000.0,0,0,0,0,0,0,0,0,0,0,28,2026-02-05 12:48:40.947660
RTM1P52,2.17,2.16,2.18,1000000.0,1000000.0,0,0,0,0,0,0,0,0,0,0,28,2026-02-05 12:48:40.947660
RTM1C53,0.02,0.01,0.03,1000000.0,1000000.0,0,0,0,0,0,0,0,0,0,0,28,2026-02-05 12:48:40.947660
RTM1P53,3.15,3.14,3.16,1000000.0,1000000.0,0,0,0,0,0,0,0,0,0,0,28,2026-02-05 12:48:40.947660
RTM1C54,0.02,0.01,0.03,1000000.0,1000000.0,0,0,0,0,0,0,0,0,0,0,28,2026-02-05 12:48:40.947660
RTM1P54,4.14,4.13,4.15,1000000.0,1000000.0,0,0,0,0,0,0,0,0,0,0,28,2026-02-05 12:48:40.947660
RTM,49.82,49.81,49.83,100000000.0,100000000.0,0,0,0,0,0,0,0,0,0,0,29,2026-02-05 12:48:42.010646
RTM1C45,4.82,4.81,4.83,1000000.0,1000000.0,0,0,0,0,0,0,0,0,0,0,29,2026-02-05 12:48:42.010646
RTM1P45,0.02,0.01,0.03,1000000.0,1000000.0,0,0,0,0,0,0,0,0,0,0,29,2026-02-05 12:48:42.010646
RTM1C46,3.82,3.81,3.83,1000000.0,1000000.0,0,0,0,0,0,0,0,0,0,0,29,2026-02-05 12:48:42.010646
RTM1P46,0.02,0.01,0.03,1000000.0,1000000.0,0,0,0,0,0,0,0,0,0,0,29,2026-02-05 12:48:42.010646
RTM1C47,2.82,2.81,2.83,1000000.0,1000000.0,0,0,0,0,0,0,0,0,0,0,29,2026-02-05 12:48:42.010646
RTM1P47,0.02,0.01,0.03,1000000.0,1000000.0,0,0,0,0,0,0,0,0,0,0,29,2026-02-05 12:48:42.010646
RTM1C48,1.86,1.85,1.87,1000000.0,1000000.0,0,0,0,0,0,0,0,0,0,0,29,2026-02-05 12:48:42.010646
RTM1P48,0.04,0.03,0.05,1000000.0,1000000.0,0,0,0,0,0,0,0,0,0,0,29,2026-02-05 12:48:42.010646
RTM1C49,1.02,1.01,1.03,1000000.0,1000000.0,0,0,0,0,0,0,0,0,0,0,29,2026-02-05 12:48:42.010646
RTM1P49,0.21,0.2,0.22,1000000.0,1000000.0,0,0,0,0,0,0,0,0,0,0,29,2026-02-05 12:48:42.010646
RTM1C50,0.44,0.43,0.45,1000000.0,1000000.0,0,0,0,0,0,0,0,0,0,0,29,2026-02-05 12:48:42.010646
RTM1P50,0.62,0.61,0.63,1000000.0,1000000.0,0,0,0,0,0,0,0,0,0,0,29,2026-02-05 12:48:42.010646
RTM1C51,0.14,0.13,0.15,1000000.0,1000000.0,0,0,0,0,0,0,0,0,0,0,29,2026-02-05 12:48:42.010646
RTM1P51,1.32,1.31,1.33,1000000.0,1000000.0,0,0,0,0,0,0,0,0,0,0,29,2026-02-05 12:48:42.010646
RTM1C52,0.03,0.02,0.04,1000000.0,1000000.0,0,0,0,0,0,0,0,0,0,0,29,2026-02-05 12:48:42.010646
RTM1P52,2.21,2.2,2.22,1000000.0,1000000.0,0,0,0,0,0,0,0,0,0,0,29,2026-02-05 12:48:42.010646
RTM1C53,0.02,0.01,0.03,1000000.0,1000000.0,0,0,0,0,0,0,0,0,0,0,29,2026-02-05 12:48:42.010646
RTM1P53,3.18,3.17,3.19,1000000.0,1000000.0,0,0,0,0,0,0,0,0,0,0,29,2026-02-05 12:48:42.010646
RTM1C54,0.02,0.01,0.03,1000000.0,1000000.0,0,0,0,0,0,0,0,0,0,0,29,2026-02-05 12:48:42.010646
RTM1P54,4.18,4.17,4.19,1000000.0,1000000.0,0,0,0,0,0,0,0,0,0,0,29,2026-02-05 12:48:42.010646
RTM,49.72,49.71,49.73,100000000.0,100000000.0,0,0,0,0,0,0,0,0,0,0,30,2026-02-05 12:48:43.100526
RTM1C45,4.72,4.71,4.73,1000000.0,1000000.0,0,0,0,0,0,0,0,0,0,0,30,2026-02-05 12:48:43.100526
RTM1P45,0.02,0.01,0.03,1000000.0,1000000.0,0,0,0,0,0,0,0,0,0,0,30,2026-02-05 12:48:43.100526
RTM1C46,3.72,3.71,3.73,1000000.0,1000000.0,0,0,0,0,0,0,0,0,0,0,30,2026-02-05 12:48:43.100526
RTM1P46,0.02,0.01,0.03,1000000.0,1000000.0,0,0,0,0,0,0,0,0,0,0,30,2026-02-05 12:48:43.100526
RTM1C47,2.73,2.72,2.74,1000000.0,1000000.0,0,0,0,0,0,0,0,0,0,0,30,2026-02-05 12:48:43.100526
RTM1P47,0.02,0.01,0.03,1000000.0,1000000.0,0,0,0,0,0,0,0,0,0,0,30,2026-02-05 12:48:43.100526
RTM1C48,1.77,1.76,1.78,1000000.0,1000000.0,0,0,0,0,0,0,0,0,0,0,30,2026-02-05 12:48:43.100526
RTM1P48,0.05,0.04,0.06,1000000.0,1000000.0,0,0,0,0,0,0,0,0,0,0,30,2026-02-05 12:48:43.100526
RTM1C49,0.96,0.95,0.97,1000000.0,1000000.0,0,0,0,0,0,0,0,0,0,0,30,2026-02-05 12:48:43.100526
RTM1P49,0.24,0.23,0.25,1000000.0,1000000.0,0,0,0,0,0,0,0,0,0,0,30,2026-02-05 12:48:43.100526
RTM1C50,0.4,0.39,0.41,1000000.0,1000000.0,0,0,0,0,0,0,0,0,0,0,30,2026-02-05 12:48:43.100526
RTM1P50,0.68,0.67,0.69,1000000.0,1000000.0,0,0,0,0,0,0,0,0,0,0,30,2026-02-05 12:48:43.100526
RTM1C51,0.13,0.12,0.14,1000000.0,1000000.0,0,0,0,0,0,0,0,0,0,0,30,2026-02-05 12:48:43.100526
RTM1P51,1.41,1.4,1.42,1000000.0,1000000.0,0,0,0,0,0,0,0,0,0,0,30,2026-02-05 12:48:43.100526
RTM1C52,0.03,0.02,0.04,1000000.0,1000000.0,0,0,0,0,0,0,0,0,0,0,30,2026-02-05 12:48:43.100526
RTM1P52,2.31,2.3,2.32,1000000.0,1000000.0,0,0,0,0,0,0,0,0,0,0,30,2026-02-05 12:48:43.100526
RTM1C53,0.02,0.01,0.03,1000000.0,1000000.0,0,0,0,0,0,0,0,0,0,0,30,2026-02-05 12:48:43.100526
RTM1P53,3.29,3.28,3.3,1000000.0,1000000.0,0,0,0,0,0,0,0,0,0,0,30,2026-02-05 12:48:43.100526
RTM1C54,0.02,0.01,0.03,1000000.0,1000000.0,0,0,0,0,0,0,0,0,0,0,30,2026-02-05 12:48:43.100526
RTM1P54,4.28,4.27,4.29,1000000.0,1000000.0,0,0,0,0,0,0,0,0,0,0,30,2026-02-05 12:48:43.100526
RTM,49.64,49.63,49.65,100000000.0,100000000.0,0,0,0,0,0,0,0,0,0,0,31,2026-02-05 12:48:44.170288
RTM1C45,4.64,4.63,4.65,1000000.0,1000000.0,0,0,0,0,0,0,0,0,0,0,31,2026-02-05 12:48:44.170288
RTM1P45,0.02,0.01,0.03,1000000.0,1000000.0,0,0,0,0,0,0,0,0,0,0,31,2026-02-05 12:48:44.170288
RTM1C46,3.64,3.63,3.65,1000000.0,1000000.0,0,0,0,0,0,0,0,0,0,0,31,2026-02-05 12:48:44.170288
RTM1P46,0.02,0.01,0.03,1000000.0,1000000.0,0,0,0,0,0,0,0,0,0,0,31,2026-02-05 12:48:44.170288
RTM1C47,2.65,2.64,2.66,1000000.0,1000000.0,0,0,0,0,0,0,0,0,0,0,31,2026-02-05 12:48:44.170288
RTM1P47,0.02,0.01,0.03,1000000.0,1000000.0,0,0,0,0,0,0,0,0,0,0,31,2026-02-05 12:48:44.170288
RTM1C48,1.7,1.69,1.71,1000000.0,1000000.0,0,0,0,0,0,0,0,0,0,0,31,2026-02-05 12:48:44.170288
RTM1P48,0.06,0.05,0.07,1000000.0,1000000.0,0,0,0,0,0,0,0,0,0,0,31,2026-02-05 12:48:44.170288
RTM1C49,0.92,0.91,0.93,1000000.0,1000000.0,0,0,0,0,0,0,0,0,0,0,31,2026-02-05 12:48:44.170288
RTM1P49,0.28,0.27,0.29,1000000.0,1000000.0,0,0,0,0,0,0,0,0,0,0,31,2026-02-05 12:48:44.170288
RTM1C50,0.36,0.35,0.37,1000000.0,1000000.0,0,0,0,0,0,0,0,0,0,0,31,2026-02-05 12:48:44.170288
RTM1P50,0.72,0.71,0.73,1000000.0,1000000.0,0,0,0,0,0,0,0,0,0,0,31,2026-02-05 12:48:44.170288
RTM1C51,0.12,0.11,0.13,1000000.0,1000000.0,0,0,0,0,0,0,0,0,0,0,31,2026-02-05 12:48:44.170288
RTM1P51,1.48,1.47,1.49,1000000.0,1000000.0,0,0,0,0,0,0,0,0,0,0,31,2026-02-05 12:48:44.170288
RTM1C52,0.02,0.01,0.03,1000000.0,1000000.0,0,0,0,0,0,0,0,0,0,0,31,2026-02-05 12:48:44.170288
RTM1P52,2.38,2.37,2.39,1000000.0,1000000.0,0,0,0,0,0,0,0,0,0,0,31,2026-02-05 12:48:44.170288
RTM1C53,0.02,0.01,0.03,1000000.0,1000000.0,0,0,0,0,0,0,0,0,0,0,31,2026-02-05 12:48:44.170288
RTM1P53,3.36,3.35,3.37,1000000.0,1000000.0,0,0,0,0,0,0,0,0,0,0,31,2026-02-05 12:48:44.170288
RTM1C54,0.02,0.01,0.03,1000000.0,1000000.0,0,0,0,0,0,0,0,0,0,0,31,2026-02-05 12:48:44.170288
RTM1P54,4.36,4.35,4.37,1000000.0,1000000.0,0,0,0,0,0,0,0,0,0,0,31,2026-02-05 12:48:44.170288
RTM,49.56,49.55,49.57,100000000.0,100000000.0,0,0,0,0,0,0,0,0,0,0,32,2026-02-05 12:48:45.246570
RTM1C45,4.56,4.55,4.57,1000000.0,1000000.0,0,0,0,0,0,0,0,0,0,0,32,2026-02-05 12:48:45.246570
RTM1P45,0.02,0.01,0.03,1000000.0,1000000.0,0,0,0,0,0,0,0,0,0,0,32,2026-02-05 12:48:45.246570
RTM1C46,3.56,3.55,3.57,1000000.0,1000000.0,0,0,0,0,0,0,0,0,0,0,32,2026-02-05 12:48:45.246570
RTM1P46,0.02,0.01,0.03,1000000.0,1000000.0,0,0,0,0,0,0,0,0,0,0,32,2026-02-05 12:48:45.246570
RTM1C47,2.57,2.56,2.58,1000000.0,1000000.0,0,0,0,0,0,0,0,0,0,0,32,2026-02-05 12:48:45.246570
RTM1P47,0.02,0.01,0.03,1000000.0,1000000.0,0,0,0,0,0,0,0,0,0,0,32,2026-02-05 12:48:45.246570
RTM1C48,1.64,1.63,1.65,1000000.0,1000000.0,0,0,0,0,0,0,0,0,0,0,32,2026-02-05 12:48:45.246570
RTM1P48,0.08,0.07,0.09,1000000.0,1000000.0,0,0,0,0,0,0,0,0,0,0,32,2026-02-05 12:48:45.246570
RTM1C49,0.85,0.84,0.86,1000000.0,1000000.0,0,0,0,0,0,0,0,0,0,0,32,2026-02-05 12:48:45.246570
RTM1P49,0.29,0.28,0.3,1000000.0,1000000.0,0,0,0,0,0,0,0,0,0,0,32,2026-02-05 12:48:45.246570
RTM1C50,0.34,0.33,0.35,1000000.0,1000000.0,0,0,0,0,0,0,0,0,0,0,32,2026-02-05 12:48:45.246570
RTM1P50,0.77,0.76,0.78,1000000.0,1000000.0,0,0,0,0,0,0,0,0,0,0,32,2026-02-05 12:48:45.246570
RTM1C51,0.09,0.08,0.1,1000000.0,1000000.0,0,0,0,0,0,0,0,0,0,0,32,2026-02-05 12:48:45.246570
RTM1P51,1.53,1.52,1.54,1000000.0,1000000.0,0,0,0,0,0,0,0,0,0,0,32,2026-02-05 12:48:45.246570
RTM1C52,0.02,0.01,0.03,1000000.0,1000000.0,0,0,0,0,0,0,0,0,0,0,32,2026-02-05 12:48:45.246570
RTM1P52,2.46,2.45,2.47,1000000.0,1000000.0,0,0,0,0,0,0,0,0,0,0,32,2026-02-05 12:48:45.246570
RTM1C53,0.02,0.01,0.03,1000000.0,1000000.0,0,0,0,0,0,0,0,0,0,0,32,2026-02-05 12:48:45.246570
RTM1P53,3.44,3.43,3.45,1000000.0,1000000.0,0,0,0,0,0,0,0,0,0,0,32,2026-02-05 12:48:45.246570
RTM1C54,0.02,0.01,0.03,1000000.0,1000000.0,0,0,0,0,0,0,0,0,0,0,32,2026-02-05 12:48:45.246570
RTM1P54,4.44,4.43,4.45,1000000.0,1000000.0,0,0,0,0,0,0,0,0,0,0,32,2026-02-05 12:48:45.246570
RTM,49.62,49.61,49.63,100000000.0,100000000.0,0,0,0,0,0,0,0,0,0,0,33,2026-02-05 12:48:45.809344
RTM1C45,4.62,4.61,4.63,1000000.0,1000000.0,0,0,0,0,0,0,0,0,0,0,33,2026-02-05 12:48:45.809344
RTM1P45,0.02,0.01,0.03,1000000.0,1000000.0,0,0,0,0,0,0,0,0,0,0,33,2026-02-05 12:48:45.809344
RTM1C46,3.62,3.61,3.63,1000000.0,1000000.0,0,0,0,0,0,0,0,0,0,0,33,2026-02-05 12:48:45.809344
RTM1P46,0.02,0.01,0.03,1000000.0,1000000.0,0,0,0,0,0,0,0,0,0,0,33,2026-02-05 12:48:45.809344
RTM1C47,2.63,2.62,2.64,1000000.0,1000000.0,0,0,0,0,0,0,0,0,0,0,33,2026-02-05 12:48:45.809344
RTM1P47,0.02,0.01,0.03,1000000.0,1000000.0,0,0,0,0,0,0,0,0,0,0,33,2026-02-05 12:48:45.809344
RTM1C48,1.69,1.68,1.7,1000000.0,1000000.0,0,0,0,0,0,0,0,0,0,0,33,2026-02-05 12:48:45.809344
RTM1P48,0.08,0.07,0.09,1000000.0,1000000.0,0,0,0,0,0,0,0,0,0,0,33,2026-02-05 12:48:45.809344
RTM1C49,0.9,0.89,0.91,1000000.0,1000000.0,0,0,0,0,0,0,0,0,0,0,33,2026-02-05 12:48:45.809344
RTM1P49,0.28,0.27,0.29,1000000.0,1000000.0,0,0,0,0,0,0,0,0,0,0,33,2026-02-05 12:48:45.809344
RTM1C50,0.34,0.33,0.35,1000000.0,1000000.0,0,0,0,0,0,0,0,0,0,0,33,2026-02-05 12:48:45.809344
RTM1P50,0.72,0.71,0.73,1000000.0,1000000.0,0,0,0,0,0,0,0,0,0,0,33,2026-02-05 12:48:45.809344
RTM1C51,0.12,0.11,0.13,1000000.0,1000000.0,0,0,0,0,0,0,0,0,0,0,33,2026-02-05 12:48:45.809344
RTM1P51,1.5,1.49,1.51,1000000.0,1000000.0,0,0,0,0,0,0,0,0,0,0,33,2026-02-05 12:48:45.809344
RTM1C52,0.03,0.02,0.04,1000000.0,1000000.0,0,0,0,0,0,0,0,0,0,0,33,2026-02-05 12:48:45.809344
RTM1P52,2.41,2.4,2.42,1000000.0,1000000.0,0,0,0,0,0,0,0,0,0,0,33,2026-02-05 12:48:45.809344
RTM1C53,0.02,0.01,0.03,1000000.0,1000000.0,0,0,0,0,0,0,0,0,0,0,33,2026-02-05 12:48:45.809344
RTM1P53,3.38,3.37,3.39,1000000.0,1000000.0,0,0,0,0,0,0,0,0,0,0,33,2026-02-05 12:48:45.809344
RTM1C54,0.02,0.01,0.03,1000000.0,1000000.0,0,0,0,0,0,0,0,0,0,0,33,2026-02-05 12:48:45.809344
RTM1P54,4.38,4.37,4.39,1000000.0,1000000.0,0,0,0,0,0,0,0,0,0,0,33,2026-02-05 12:48:45.809344
RTM,49.76,49.75,49.77,100000000.0,100000000.0,0,0,0,0,0,0,0,0,0,0,34,2026-02-05 12:48:46.872914
RTM1C45,4.76,4.75,4.77,1000000.0,1000000.0,0,0,0,0,0,0,0,0,0,0,34,2026-02-05 12:48:46.872914
RTM1P45,0.02,0.01,0.03,1000000.0,1000000.0,0,0,0,0,0,0,0,0,0,0,34,2026-02-05 12:48:46.872914
RTM1C46,3.76,3.75,3.77,1000000.0,1000000.0,0,0,0,0,0,0,0,0,0,0,34,2026-02-05 12:48:46.872914
RTM1P46,0.02,0.01,0.03,1000000.0,1000000.0,0,0,0,0,0,0,0,0,0,0,34,2026-02-05 12:48:46.872914
RTM1C47,2.77,2.76,2.78,1000000.0,1000000.0,0,0,0,0,0,0,0,0,0,0,34,2026-02-05 12:48:46.872914
RTM1P47,0.02,0.01,0.03,1000000.0,1000000.0,0,0,0,0,0,0,0,0,0,0,34,2026-02-05 12:48:46.872914
RTM1C48,1.82,1.81,1.83,1000000.0,1000000.0,0,0,0,0,0,0,0,0,0,0,34,2026-02-05 12:48:46.872914
RTM1P48,0.06,0.05,0.07,1000000.0,1000000.0,0,0,0,0,0,0,0,0,0,0,34,2026-02-05 12:48:46.872914
RTM1C49,1.0,0.99,1.01,1000000.0,1000000.0,0,0,0,0,0,0,0,0,0,0,34,2026-02-05 12:48:46.872914
RTM1P49,0.24,0.23,0.25,1000000.0,1000000.0,0,0,0,0,0,0,0,0,0,0,34,2026-02-05 12:48:46.872914
RTM1C50,0.41,0.4,0.42,1000000.0,1000000.0,0,0,0,0,0,0,0,0,0,0,34,2026-02-05 12:48:46.872914
RTM1P50,0.65,0.64,0.66,1000000.0,1000000.0,0,0,0,0,0,0,0,0,0,0,34,2026-02-05 12:48:46.872914
RTM1C51,0.13,0.12,0.14,1000000.0,1000000.0,0,0,0,0,0,0,0,0,0,0,34,2026-02-05 12:48:46.872914
RTM1P51,1.37,1.36,1.38,1000000.0,1000000.0,0,0,0,0,0,0,0,0,0,0,34,2026-02-05 12:48:46.872914
RTM1C52,0.03,0.02,0.04,1000000.0,1000000.0,0,0,0,0,0,0,0,0,0,0,34,2026-02-05 12:48:46.872914
RTM1P52,2.27,2.26,2.28,1000000.0,1000000.0,0,0,0,0,0,0,0,0,0,0,34,2026-02-05 12:48:46.872914
RTM1C53,0.02,0.01,0.03,1000000.0,1000000.0,0,0,0,0,0,0,0,0,0,0,34,2026-02-05 12:48:46.872914
RTM1P53,3.25,3.24,3.26,1000000.0,1000000.0,0,0,0,0,0,0,0,0,0,0,34,2026-02-05 12:48:46.872914
RTM1C54,0.02,0.01,0.03,1000000.0,1000000.0,0,0,0,0,0,0,0,0,0,0,34,2026-02-05 12:48:46.872914
RTM1P54,4.24,4.23,4.25,1000000.0,1000000.0,0,0,0,0,0,0,0,0,0,0,34,2026-02-05 12:48:46.872914
RTM,49.78,49.77,49.79,100000000.0,100000000.0,0,0,0,0,0,0,0,0,0,0,35,2026-02-05 12:48:47.941017
RTM1C45,4.78,4.77,4.79,1000000.0,1000000.0,0,0,0,0,0,0,0,0,0,0,35,2026-02-05 12:48:47.941017
RTM1P45,0.02,0.01,0.03,1000000.0,1000000.0,0,0,0,0,0,0,0,0,0,0,35,2026-02-05 12:48:47.941017
RTM1C46,3.78,3.77,3.79,1000000.0,1000000.0,0,0,0,0,0,0,0,0,0,0,35,2026-02-05 12:48:47.941017
RTM1P46,0.02,0.01,0.03,1000000.0,1000000.0,0,0,0,0,0,0,0,0,0,0,35,2026-02-05 12:48:47.941017
RTM1C47,2.78,2.77,2.79,1000000.0,1000000.0,0,0,0,0,0,0,0,0,0,0,35,2026-02-05 12:48:47.941017
RTM1P47,0.02,0.01,0.03,1000000.0,1000000.0,0,0,0,0,0,0,0,0,0,0,35,2026-02-05 12:48:47.941017
RTM1C48,1.83,1.82,1.84,1000000.0,1000000.0,0,0,0,0,0,0,0,0,0,0,35,2026-02-05 12:48:47.941017
RTM1P48,0.05,0.04,0.06,1000000.0,1000000.0,0,0,0,0,0,0,0,0,0,0,35,2026-02-05 12:48:47.941017
RTM1C49,1.02,1.01,1.03,1000000.0,1000000.0,0,0,0,0,0,0,0,0,0,0,35,2026-02-05 12:48:47.941017
RTM1P49,0.24,0.23,0.25,1000000.0,1000000.0,0,0,0,0,0,0,0,0,0,0,35,2026-02-05 12:48:47.941017
RTM1C50,0.45,0.44,0.46,1000000.0,1000000.0,0,0,0,0,0,0,0,0,0,0,35,2026-02-05 12:48:47.941017
RTM1P50,0.67,0.66,0.68,1000000.0,1000000.0,0,0,0,0,0,0,0,0,0,0,35,2026-02-05 12:48:47.941017
RTM1C51,0.14,0.13,0.15,1000000.0,1000000.0,0,0,0,0,0,0,0,0,0,0,35,2026-02-05 12:48:47.941017
RTM1P51,1.36,1.35,1.37,1000000.0,1000000.0,0,0,0,0,0,0,0,0,0,0,35,2026-02-05 12:48:47.941017
RTM1C52,0.03,0.02,0.04,1000000.0,1000000.0,0,0,0,0,0,0,0,0,0,0,35,2026-02-05 12:48:47.941017
RTM1P52,2.25,2.24,2.26,1000000.0,1000000.0,0,0,0,0,0,0,0,0,0,0,35,2026-02-05 12:48:47.941017
RTM1C53,0.02,0.01,0.03,1000000.0,1000000.0,0,0,0,0,0,0,0,0,0,0,35,2026-02-05 12:48:47.941017
RTM1P53,3.23,3.22,3.24,1000000.0,1000000.0,0,0,0,0,0,0,0,0,0,0,35,2026-02-05 12:48:47.941017
RTM1C54,0.02,0.01,0.03,1000000.0,1000000.0,0,0,0,0,0,0,0,0,0,0,35,2026-02-05 12:48:47.941017
RTM1P54,4.22,4.21,4.23,1000000.0,1000000.0,0,0,0,0,0,0,0,0,0,0,35,2026-02-05 12:48:47.941017
RTM,49.99,49.98,50.0,100000000.0,100000000.0,0,0,0,0,0,0,0,0,0,0,36,2026-02-05 12:48:49.099755,3.0,1.0,35.0,,News 1,The analysts have informed you that the realized volatility of RTM next week will be between 17% and 22%
RTM1C45,4.99,4.98,5.0,1000000.0,1000000.0,0,0,0,0,0,0,0,0,0,0,36,2026-02-05 12:48:49.099755,,,,,,
RTM1P45,0.02,0.01,0.03,1000000.0,1000000.0,0,0,0,0,0,0,0,0,0,0,36,2026-02-05 12:48:49.099755,,,,,,
RTM1C46,3.99,3.98,4.0,1000000.0,1000000.0,0,0,0,0,0,0,0,0,0,0,36,2026-02-05 12:48:49.099755,,,,,,
RTM1P46,0.02,0.01,0.03,1000000.0,1000000.0,0,0,0,0,0,0,0,0,0,0,36,2026-02-05 12:48:49.099755,,,,,,
RTM1C47,2.99,2.98,3.0,1000000.0,1000000.0,0,0,0,0,0,0,0,0,0,0,36,2026-02-05 12:48:49.099755,,,,,,
RTM1P47,0.02,0.01,0.03,1000000.0,1000000.0,0,0,0,0,0,0,0,0,0,0,36,2026-02-05 12:48:49.099755,,,,,,
RTM1C48,2.02,2.01,2.03,1000000.0,1000000.0,0,0,0,0,0,0,0,0,0,0,36,2026-02-05 12:48:49.099755,,,,,,
RTM1P48,0.04,0.03,0.05,1000000.0,1000000.0,0,0,0,0,0,0,0,0,0,0,36,2026-02-05 12:48:49.099755,,,,,,
RTM1C49,1.16,1.15,1.17,1000000.0,1000000.0,0,0,0,0,0,0,0,0,0,0,36,2026-02-05 12:48:49.099755,,,,,,
RTM1P49,0.18,0.17,0.19,1000000.0,1000000.0,0,0,0,0,0,0,0,0,0,0,36,2026-02-05 12:48:49.099755,,,,,,
RTM1C50,0.54,0.53,0.55,1000000.0,1000000.0,0,0,0,0,0,0,0,0,0,0,36,2026-02-05 12:48:49.099755,,,,,,
RTM1P50,0.56,0.55,0.57,1000000.0,1000000.0,0,0,0,0,0,0,0,0,0,0,36,2026-02-05 12:48:49.099755,,,,,,
RTM1C51,0.18,0.17,0.19,1000000.0,1000000.0,0,0,0,0,0,0,0,0,0,0,36,2026-02-05 12:48:49.099755,,,,,,
RTM1P51,1.19,1.18,1.2,1000000.0,1000000.0,0,0,0,0,0,0,0,0,0,0,36,2026-02-05 12:48:49.099755,,,,,,
RTM1C52,0.05,0.04,0.06,1000000.0,1000000.0,0,0,0,0,0,0,0,0,0,0,36,2026-02-05 12:48:49.099755,,,,,,
RTM1P52,2.07,2.06,2.08,1000000.0,1000000.0,0,0,0,0,0,0,0,0,0,0,36,2026-02-05 12:48:49.099755,,,,,,
RTM1C53,0.03,0.01,0.03,1000000.0,1000000.0,0,0,0,0,0,0,0,0,0,0,36,2026-02-05 12:48:49.099755,,,,,,
RTM1P53,3.02,3.01,3.03,1000000.0,1000000.0,0,0,0,0,0,0,0,0,0,0,36,2026-02-05 12:48:49.099755,,,,,,
RTM1C54,0.02,0.01,0.03,1000000.0,1000000.0,0,0,0,0,0,0,0,0,0,0,36,2026-02-05 12:48:49.099755,,,,,,
RTM1P54,4.01,4.0,4.02,1000000.0,1000000.0,0,0,0,0,0,0,0,0,0,0,36,2026-02-05 12:48:49.099755,,,,,,
RTM,49.93,49.92,49.94,100000000.0,100000000.0,0,0,0,0,0,0,0,0,0,0,37,2026-02-05 12:48:50.172273
RTM1C45,4.93,4.92,4.94,1000000.0,1000000.0,0,0,0,0,0,0,0,0,0,0,37,2026-02-05 12:48:50.172273
RTM1P45,0.02,0.01,0.03,1000000.0,1000000.0,0,0,0,0,0,0,0,0,0,0,37,2026-02-05 12:48:50.172273
RTM1C46,3.93,3.92,3.94,1000000.0,1000000.0,0,0,0,0,0,0,0,0,0,0,37,2026-02-05 12:48:50.172273
RTM1P46,0.02,0.01,0.03,1000000.0,1000000.0,0,0,0,0,0,0,0,0,0,0,37,2026-02-05 12:48:50.172273
RTM1C47,2.93,2.92,2.94,1000000.0,1000000.0,0,0,0,0,0,0,0,0,0,0,37,2026-02-05 12:48:50.172273
RTM1P47,0.02,0.01,0.03,1000000.0,1000000.0,0,0,0,0,0,0,0,0,0,0,37,2026-02-05 12:48:50.172273
RTM1C48,1.97,1.96,1.98,1000000.0,1000000.0,0,0,0,0,0,0,0,0,0,0,37,2026-02-05 12:48:50.172273
RTM1P48,0.05,0.04,0.06,1000000.0,1000000.0,0,0,0,0,0,0,0,0,0,0,37,2026-02-05 12:48:50.172273
RTM1C49,1.13,1.12,1.14,1000000.0,1000000.0,0,0,0,0,0,0,0,0,0,0,37,2026-02-05 12:48:50.172273
RTM1P49,0.2,0.19,0.21,1000000.0,1000000.0,0,0,0,0,0,0,0,0,0,0,37,2026-02-05 12:48:50.172273
RTM1C50,0.51,0.5,0.52,1000000.0,1000000.0,0,0,0,0,0,0,0,0,0,0,37,2026-02-05 12:48:50.172273
RTM1P50,0.59,0.58,0.6,1000000.0,1000000.0,0,0,0,0,0,0,0,0,0,0,37,2026-02-05 12:48:50.172273
RTM1C51,0.17,0.16,0.18,1000000.0,1000000.0,0,0,0,0,0,0,0,0,0,0,37,2026-02-05 12:48:50.172273
RTM1P51,1.24,1.23,1.25,1000000.0,1000000.0,0,0,0,0,0,0,0,0,0,0,37,2026-02-05 12:48:50.172273
RTM1C52,0.05,0.03,0.05,1000000.0,1000000.0,0,0,0,0,0,0,0,0,0,0,37,2026-02-05 12:48:50.172273
RTM1P52,2.12,2.11,2.13,1000000.0,1000000.0,0,0,0,0,0,0,0,0,0,0,37,2026-02-05 12:48:50.172273
RTM1C53,0.02,0.01,0.03,1000000.0,1000000.0,0,0,0,0,0,0,0,0,0,0,37,2026-02-05 12:48:50.172273
RTM1P53,3.08,3.07,3.09,1000000.0,1000000.0,0,0,0,0,0,0,0,0,0,0,37,2026-02-05 12:48:50.172273
RTM1C54,0.02,0.01,0.03,1000000.0,1000000.0,0,0,0,0,0,0,0,0,0,0,37,2026-02-05 12:48:50.172273
RTM1P54,4.08,4.07,4.09,1000000.0,1000000.0,0,0,0,0,0,0,0,0,0,0,37,2026-02-05 12:48:50.172273
RTM,49.79,49.78,49.8,100000000.0,100000000.0,0,0,0,0,0,0,0,0,0,0,38,2026-02-05 12:48:51.246585
RTM1C45,4.79,4.78,4.8,1000000.0,1000000.0,0,0,0,0,0,0,0,0,0,0,38,2026-02-05 12:48:51.246585
RTM1P45,0.02,0.01,0.03,1000000.0,1000000.0,0,0,0,0,0,0,0,0,0,0,38,2026-02-05 12:48:51.246585
RTM1C46,3.8,3.79,3.81,1000000.0,1000000.0,0,0,0,0,0,0,0,0,0,0,38,2026-02-05 12:48:51.246585
RTM1P46,0.02,0.01,0.03,1000000.0,1000000.0,0,0,0,0,0,0,0,0,0,0,38,2026-02-05 12:48:51.246585
RTM1C47,2.8,2.79,2.81,1000000.0,1000000.0,0,0,0,0,0,0,0,0,0,0,38,2026-02-05 12:48:51.246585
RTM1P47,0.03,0.01,0.03,1000000.0,1000000.0,0,0,0,0,0,0,0,0,0,0,38,2026-02-05 12:48:51.246585
RTM1C48,1.86,1.85,1.87,1000000.0,1000000.0,0,0,0,0,0,0,0,0,0,0,38,2026-02-05 12:48:51.246585
RTM1P48,0.06,0.05,0.07,1000000.0,1000000.0,0,0,0,0,0,0,0,0,0,0,38,2026-02-05 12:48:51.246585
RTM1C49,1.03,1.02,1.04,1000000.0,1000000.0,0,0,0,0,0,0,0,0,0,0,38,2026-02-05 12:48:51.246585
RTM1P49,0.24,0.23,0.25,1000000.0,1000000.0,0,0,0,0,0,0,0,0,0,0,38,2026-02-05 12:48:51.246585
RTM1C50,0.45,0.44,0.46,1000000.0,1000000.0,0,0,0,0,0,0,0,0,0,0,38,2026-02-05 12:48:51.246585
RTM1P50,0.65,0.64,0.66,1000000.0,1000000.0,0,0,0,0,0,0,0,0,0,0,38,2026-02-05 12:48:51.246585
RTM1C51,0.15,0.14,0.16,1000000.0,1000000.0,0,0,0,0,0,0,0,0,0,0,38,2026-02-05 12:48:51.246585
RTM1P51,1.36,1.35,1.37,1000000.0,1000000.0,0,0,0,0,0,0,0,0,0,0,38,2026-02-05 12:48:51.246585
RTM1C52,0.04,0.03,0.05,1000000.0,1000000.0,0,0,0,0,0,0,0,0,0,0,38,2026-02-05 12:48:51.246585
RTM1P52,2.24,2.23,2.25,1000000.0,1000000.0,0,0,0,0,0,0,0,0,0,0,38,2026-02-05 12:48:51.246585
RTM1C53,0.02,0.01,0.03,1000000.0,1000000.0,0,0,0,0,0,0,0,0,0,0,38,2026-02-05 12:48:51.246585
RTM1P53,3.21,3.2,3.22,1000000.0,1000000.0,0,0,0,0,0,0,0,0,0,0,38,2026-02-05 12:48:51.246585
RTM1C54,0.02,0.01,0.03,1000000.0,1000000.0,0,0,0,0,0,0,0,0,0,0,38,2026-02-05 12:48:51.246585
RTM1P54,4.21,4.2,4.22,1000000.0,1000000.0,0,0,0,0,0,0,0,0,0,0,38,2026-02-05 12:48:51.246585
RTM,49.72,49.71,49.73,100000000.0,100000000.0,0,0,0,0,0,0,0,0,0,0,39,2026-02-05 12:48:51.819737
RTM1C45,4.72,4.71,4.73,1000000.0,1000000.0,0,0,0,0,0,0,0,0,0,0,39,2026-02-05 12:48:51.819737
RTM1P45,0.02,0.01,0.03,1000000.0,1000000.0,0,0,0,0,0,0,0,0,0,0,39,2026-02-05 12:48:51.819737
RTM1C46,3.72,3.71,3.73,1000000.0,1000000.0,0,0,0,0,0,0,0,0,0,0,39,2026-02-05 12:48:51.819737
RTM1P46,0.02,0.01,0.03,1000000.0,1000000.0,0,0,0,0,0,0,0,0,0,0,39,2026-02-05 12:48:51.819737
RTM1C47,2.73,2.72,2.74,1000000.0,1000000.0,0,0,0,0,0,0,0,0,0,0,39,2026-02-05 12:48:51.819737
RTM1P47,0.02,0.01,0.03,1000000.0,1000000.0,0,0,0,0,0,0,0,0,0,0,39,2026-02-05 12:48:51.819737
RTM1C48,1.79,1.78,1.8,1000000.0,1000000.0,0,0,0,0,0,0,0,0,0,0,39,2026-02-05 12:48:51.819737
RTM1P48,0.07,0.06,0.08,1000000.0,1000000.0,0,0,0,0,0,0,0,0,0,0,39,2026-02-05 12:48:51.819737
RTM1C49,0.98,0.97,0.99,1000000.0,1000000.0,0,0,0,0,0,0,0,0,0,0,39,2026-02-05 12:48:51.819737
RTM1P49,0.27,0.26,0.28,1000000.0,1000000.0,0,0,0,0,0,0,0,0,0,0,39,2026-02-05 12:48:51.819737
RTM1C50,0.42,0.41,0.43,1000000.0,1000000.0,0,0,0,0,0,0,0,0,0,0,39,2026-02-05 12:48:51.819737
RTM1P50,0.7,0.69,0.71,1000000.0,1000000.0,0,0,0,0,0,0,0,0,0,0,39,2026-02-05 12:48:51.819737
RTM1C51,0.14,0.13,0.15,1000000.0,1000000.0,0,0,0,0,0,0,0,0,0,0,39,2026-02-05 12:48:51.819737
RTM1P51,1.42,1.41,1.43,1000000.0,1000000.0,0,0,0,0,0,0,0,0,0,0,39,2026-02-05 12:48:51.819737
RTM1C52,0.03,0.02,0.04,1000000.0,1000000.0,0,0,0,0,0,0,0,0,0,0,39,2026-02-05 12:48:51.819737
RTM1P52,2.31,2.3,2.32,1000000.0,1000000.0,0,0,0,0,0,0,0,0,0,0,39,2026-02-05 12:48:51.819737
RTM1C53,0.02,0.01,0.03,1000000.0,1000000.0,0,0,0,0,0,0,0,0,0,0,39,2026-02-05 12:48:51.819737
RTM1P53,3.29,3.28,3.3,1000000.0,1000000.0,0,0,0,0,0,0,0,0,0,0,39,2026-02-05 12:48:51.819737
RTM1C54,0.02,0.01,0.03,1000000.0,1000000.0,0,0,0,0,0,0,0,0,0,0,39,2026-02-05 12:48:51.819737
RTM1P54,4.28,4.27,4.29,1000000.0,1000000.0,0,0,0,0,0,0,0,0,0,0,39,2026-02-05 12:48:51.819737
RTM,49.78,49.77,49.79,100000000.0,100000000.0,0,0,0,0,0,0,0,0,0,0,40,2026-02-05 12:48:52.882352
RTM1C45,4.78,4.77,4.79,1000000.0,1000000.0,0,0,0,0,0,0,0,0,0,0,40,2026-02-05 12:48:52.882352
RTM1P45,0.02,0.01,0.03,1000000.0,1000000.0,0,0,0,0,0,0,0,0,0,0,40,2026-02-05 12:48:52.882352
RTM1C46,3.78,3.77,3.79,1000000.0,1000000.0,0,0,0,0,0,0,0,0,0,0,40,2026-02-05 12:48:52.882352
RTM1P46,0.02,0.01,0.03,1000000.0,1000000.0,0,0,0,0,0,0,0,0,0,0,40,2026-02-05 12:48:52.882352
RTM1C47,2.79,2.78,2.8,1000000.0,1000000.0,0,0,0,0,0,0,0,0,0,0,40,2026-02-05 12:48:52.882352
RTM1P47,0.02,0.01,0.03,1000000.0,1000000.0,0,0,0,0,0,0,0,0,0,0,40,2026-02-05 12:48:52.882352
RTM1C48,1.85,1.84,1.86,1000000.0,1000000.0,0,0,0,0,0,0,0,0,0,0,40,2026-02-05 12:48:52.882352
RTM1P48,0.06,0.05,0.07,1000000.0,1000000.0,0,0,0,0,0,0,0,0,0,0,40,2026-02-05 12:48:52.882352
RTM1C49,1.03,1.02,1.04,1000000.0,1000000.0,0,0,0,0,0,0,0,0,0,0,40,2026-02-05 12:48:52.882352
RTM1P49,0.25,0.24,0.26,1000000.0,1000000.0,0,0,0,0,0,0,0,0,0,0,40,2026-02-05 12:48:52.882352
RTM1C50,0.46,0.45,0.47,1000000.0,1000000.0,0,0,0,0,0,0,0,0,0,0,40,2026-02-05 12:48:52.882352
RTM1P50,0.67,0.66,0.68,1000000.0,1000000.0,0,0,0,0,0,0,0,0,0,0,40,2026-02-05 12:48:52.882352
RTM1C51,0.16,0.15,0.17,1000000.0,1000000.0,0,0,0,0,0,0,0,0,0,0,40,2026-02-05 12:48:52.882352
RTM1P51,1.37,1.36,1.38,1000000.0,1000000.0,0,0,0,0,0,0,0,0,0,0,40,2026-02-05 12:48:52.882352
RTM1C52,0.05,0.03,0.05,1000000.0,1000000.0,0,0,0,0,0,0,0,0,0,0,40,2026-02-05 12:48:52.882352
RTM1P52,2.25,2.24,2.26,1000000.0,1000000.0,0,0,0,0,0,0,0,0,0,0,40,2026-02-05 12:48:52.882352
RTM1C53,0.02,0.01,0.03,1000000.0,1000000.0,0,0,0,0,0,0,0,0,0,0,40,2026-02-05 12:48:52.882352
RTM1P53,3.22,3.21,3.23,1000000.0,1000000.0,0,0,0,0,0,0,0,0,0,0,40,2026-02-05 12:48:52.882352
RTM1C54,0.02,0.01,0.03,1000000.0,1000000.0,0,0,0,0,0,0,0,0,0,0,40,2026-02-05 12:48:52.882352
RTM1P54,4.22,4.21,4.23,1000000.0,1000000.0,0,0,0,0,0,0,0,0,0,0,40,2026-02-05 12:48:52.882352
RTM,49.7,49.69,49.71,100000000.0,100000000.0,0,0,0,0,0,0,0,0,0,0,41,2026-02-05 12:48:53.940938
RTM1C45,4.7,4.69,4.71,1000000.0,1000000.0,0,0,0,0,0,0,0,0,0,0,41,2026-02-05 12:48:53.940938
RTM1P45,0.02,0.01,0.03,1000000.0,1000000.0,0,0,0,0,0,0,0,0,0,0,41,2026-02-05 12:48:53.940938
RTM1C46,3.7,3.69,3.71,1000000.0,1000000.0,0,0,0,0,0,0,0,0,0,0,41,2026-02-05 12:48:53.940938
RTM1P46,0.02,0.01,0.03,1000000.0,1000000.0,0,0,0,0,0,0,0,0,0,0,41,2026-02-05 12:48:53.940938
RTM1C47,2.71,2.7,2.72,1000000.0,1000000.0,0,0,0,0,0,0,0,0,0,0,41,2026-02-05 12:48:53.940938
RTM1P47,0.02,0.01,0.03,1000000.0,1000000.0,0,0,0,0,0,0,0,0,0,0,41,2026-02-05 12:48:53.940938
RTM1C48,1.77,1.76,1.78,1000000.0,1000000.0,0,0,0,0,0,0,0,0,0,0,41,2026-02-05 12:48:53.940938
RTM1P48,0.07,0.06,0.08,1000000.0,1000000.0,0,0,0,0,0,0,0,0,0,0,41,2026-02-05 12:48:53.940938
RTM1C49,0.97,0.96,0.98,1000000.0,1000000.0,0,0,0,0,0,0,0,0,0,0,41,2026-02-05 12:48:53.940938
RTM1P49,0.27,0.26,0.28,1000000.0,1000000.0,0,0,0,0,0,0,0,0,0,0,41,2026-02-05 12:48:53.940938
RTM1C50,0.42,0.41,0.43,1000000.0,1000000.0,0,0,0,0,0,0,0,0,0,0,41,2026-02-05 12:48:53.940938
RTM1P50,0.72,0.71,0.73,1000000.0,1000000.0,0,0,0,0,0,0,0,0,0,0,41,2026-02-05 12:48:53.940938
RTM1C51,0.14,0.13,0.15,1000000.0,1000000.0,0,0,0,0,0,0,0,0,0,0,41,2026-02-05 12:48:53.940938
RTM1P51,1.44,1.43,1.45,1000000.0,1000000.0,0,0,0,0,0,0,0,0,0,0,41,2026-02-05 12:48:53.940938
RTM1C52,0.04,0.03,0.05,1000000.0,1000000.0,0,0,0,0,0,0,0,0,0,0,41,2026-02-05 12:48:53.940938
RTM1P52,2.33,2.32,2.34,1000000.0,1000000.0,0,0,0,0,0,0,0,0,0,0,41,2026-02-05 12:48:53.940938
RTM1C53,0.02,0.01,0.03,1000000.0,1000000.0,0,0,0,0,0,0,0,0,0,0,41,2026-02-05 12:48:53.940938
RTM1P53,3.3,3.29,3.31,1000000.0,1000000.0,0,0,0,0,0,0,0,0,0,0,41,2026-02-05 12:48:53.940938
RTM1C54,0.02,0.01,0.03,1000000.0,1000000.0,0,0,0,0,0,0,0,0,0,0,41,2026-02-05 12:48:53.940938
RTM1P54,4.3,4.29,4.31,1000000.0,1000000.0,0,0,0,0,0,0,0,0,0,0,41,2026-02-05 12:48:53.940938
RTM,49.75,49.74,49.76,100000000.0,100000000.0,0,0,0,0,0,0,0,0,0,0,42,2026-02-05 12:48:54.994266
RTM1C45,4.75,4.74,4.76,1000000.0,1000000.0,0,0,0,0,0,0,0,0,0,0,42,2026-02-05 12:48:54.994266
RTM1P45,0.02,0.01,0.03,1000000.0,1000000.0,0,0,0,0,0,0,0,0,0,0,42,2026-02-05 12:48:54.994266
RTM1C46,3.75,3.74,3.76,1000000.0,1000000.0,0,0,0,0,0,0,0,0,0,0,42,2026-02-05 12:48:54.994266
RTM1P46,0.02,0.01,0.03,1000000.0,1000000.0,0,0,0,0,0,0,0,0,0,0,42,2026-02-05 12:48:54.994266
RTM1C47,2.76,2.75,2.77,1000000.0,1000000.0,0,0,0,0,0,0,0,0,0,0,42,2026-02-05 12:48:54.994266
RTM1P47,0.02,0.01,0.03,1000000.0,1000000.0,0,0,0,0,0,0,0,0,0,0,42,2026-02-05 12:48:54.994266
RTM1C48,1.82,1.81,1.83,1000000.0,1000000.0,0,0,0,0,0,0,0,0,0,0,42,2026-02-05 12:48:54.994266
RTM1P48,0.07,0.06,0.08,1000000.0,1000000.0,0,0,0,0,0,0,0,0,0,0,42,2026-02-05 12:48:54.994266
RTM1C49,1.01,1.0,1.02,1000000.0,1000000.0,0,0,0,0,0,0,0,0,0,0,42,2026-02-05 12:48:54.994266
RTM1P49,0.26,0.25,0.27,1000000.0,1000000.0,0,0,0,0,0,0,0,0,0,0,42,2026-02-05 12:48:54.994266
RTM1C50,0.45,0.44,0.46,1000000.0,1000000.0,0,0,0,0,0,0,0,0,0,0,42,2026-02-05 12:48:54.994266
RTM1P50,0.7,0.69,0.71,1000000.0,1000000.0,0,0,0,0,0,0,0,0,0,0,42,2026-02-05 12:48:54.994266
RTM1C51,0.15,0.14,0.16,1000000.0,1000000.0,0,0,0,0,0,0,0,0,0,0,42,2026-02-05 12:48:54.994266
RTM1P51,1.4,1.39,1.41,1000000.0,1000000.0,0,0,0,0,0,0,0,0,0,0,42,2026-02-05 12:48:54.994266
RTM1C52,0.04,0.03,0.05,1000000.0,1000000.0,0,0,0,0,0,0,0,0,0,0,42,2026-02-05 12:48:54.994266
RTM1P52,2.29,2.28,2.3,1000000.0,1000000.0,0,0,0,0,0,0,0,0,0,0,42,2026-02-05 12:48:54.994266
RTM1C53,0.02,0.01,0.03,1000000.0,1000000.0,0,0,0,0,0,0,0,0,0,0,42,2026-02-05 12:48:54.994266
RTM1P53,3.26,3.25,3.27,1000000.0,1000000.0,0,0,0,0,0,0,0,0,0,0,42,2026-02-05 12:48:54.994266
RTM1C54,0.02,0.01,0.03,1000000.0,1000000.0,0,0,0,0,0,0,0,0,0,0,42,2026-02-05 12:48:54.994266
RTM1P54,4.25,4.24,4.26,1000000.0,1000000.0,0,0,0,0,0,0,0,0,0,0,42,2026-02-05 12:48:54.994266
RTM,49.7,49.69,49.71,100000000.0,100000000.0,0,0,0,0,0,0,0,0,0,0,43,2026-02-05 12:48:56.053425
RTM1C45,4.7,4.69,4.71,1000000.0,1000000.0,0,0,0,0,0,0,0,0,0,0,43,2026-02-05 12:48:56.053425
RTM1P45,0.02,0.01,0.03,1000000.0,1000000.0,0,0,0,0,0,0,0,0,0,0,43,2026-02-05 12:48:56.053425
RTM1C46,3.7,3.69,3.71,1000000.0,1000000.0,0,0,0,0,0,0,0,0,0,0,43,2026-02-05 12:48:56.053425
RTM1P46,0.02,0.01,0.03,1000000.0,1000000.0,0,0,0,0,0,0,0,0,0,0,43,2026-02-05 12:48:56.053425
RTM1C47,2.71,2.7,2.72,1000000.0,1000000.0,0,0,0,0,0,0,0,0,0,0,43,2026-02-05 12:48:56.053425
RTM1P47,0.02,0.01,0.03,1000000.0,1000000.0,0,0,0,0,0,0,0,0,0,0,43,2026-02-05 12:48:56.053425
RTM1C48,1.77,1.76,1.78,1000000.0,1000000.0,0,0,0,0,0,0,0,0,0,0,43,2026-02-05 12:48:56.053425
RTM1P48,0.09,0.07,0.09,1000000.0,1000000.0,0,0,0,0,0,0,0,0,0,0,43,2026-02-05 12:48:56.053425
RTM1C49,0.97,0.96,0.98,1000000.0,1000000.0,0,0,0,0,0,0,0,0,0,0,43,2026-02-05 12:48:56.053425
RTM1P49,0.27,0.26,0.28,1000000.0,1000000.0,0,0,0,0,0,0,0,0,0,0,43,2026-02-05 12:48:56.053425
RTM1C50,0.43,0.42,0.44,1000000.0,1000000.0,0,0,0,0,0,0,0,0,0,0,43,2026-02-05 12:48:56.053425
RTM1P50,0.74,0.73,0.75,1000000.0,1000000.0,0,0,0,0,0,0,0,0,0,0,43,2026-02-05 12:48:56.053425
RTM1C51,0.14,0.13,0.15,1000000.0,1000000.0,0,0,0,0,0,0,0,0,0,0,43,2026-02-05 12:48:56.053425
RTM1P51,1.44,1.43,1.45,1000000.0,1000000.0,0,0,0,0,0,0,0,0,0,0,43,2026-02-05 12:48:56.053425
RTM1C52,0.03,0.02,0.04,1000000.0,1000000.0,0,0,0,0,0,0,0,0,0,0,43,2026-02-05 12:48:56.053425
RTM1P52,2.34,2.33,2.35,1000000.0,1000000.0,0,0,0,0,0,0,0,0,0,0,43,2026-02-05 12:48:56.053425
RTM1C53,0.02,0.01,0.03,1000000.0,1000000.0,0,0,0,0,0,0,0,0,0,0,43,2026-02-05 12:48:56.053425
RTM1P53,3.31,3.3,3.32,1000000.0,1000000.0,0,0,0,0,0,0,0,0,0,0,43,2026-02-05 12:48:56.053425
RTM1C54,0.02,0.01,0.03,1000000.0,1000000.0,0,0,0,0,0,0,0,0,0,0,43,2026-02-05 12:48:56.053425
RTM1P54,4.3,4.29,4.31,1000000.0,1000000.0,0,0,0,0,0,0,0,0,0,0,43,2026-02-05 12:48:56.053425
RTM,49.58,49.57,49.59,100000000.0,100000000.0,0,0,0,0,0,0,0,0,0,0,44,2026-02-05 12:48:57.103526
RTM1C45,4.58,4.57,4.59,1000000.0,1000000.0,0,0,0,0,0,0,0,0,0,0,44,2026-02-05 12:48:57.103526
RTM1P45,0.02,0.01,0.03,1000000.0,1000000.0,0,0,0,0,0,0,0,0,0,0,44,2026-02-05 12:48:57.103526
RTM1C46,3.58,3.57,3.59,1000000.0,1000000.0,0,0,0,0,0,0,0,0,0,0,44,2026-02-05 12:48:57.103526
RTM1P46,0.02,0.01,0.03,1000000.0,1000000.0,0,0,0,0,0,0,0,0,0,0,44,2026-02-05 12:48:57.103526
RTM1C47,2.6,2.59,2.61,1000000.0,1000000.0,0,0,0,0,0,0,0,0,0,0,44,2026-02-05 12:48:57.103526
RTM1P47,0.02,0.01,0.03,1000000.0,1000000.0,0,0,0,0,0,0,0,0,0,0,44,2026-02-05 12:48:57.103526
RTM1C48,1.67,1.66,1.68,1000000.0,1000000.0,0,0,0,0,0,0,0,0,0,0,44,2026-02-05 12:48:57.103526
RTM1P48,0.09,0.08,0.1,1000000.0,1000000.0,0,0,0,0,0,0,0,0,0,0,44,2026-02-05 12:48:57.103526
RTM1C49,0.9,0.89,0.91,1000000.0,1000000.0,0,0,0,0,0,0,0,0,0,0,44,2026-02-05 12:48:57.103526
RTM1P49,0.32,0.31,0.33,1000000.0,1000000.0,0,0,0,0,0,0,0,0,0,0,44,2026-02-05 12:48:57.103526
RTM1C50,0.39,0.38,0.4,1000000.0,1000000.0,0,0,0,0,0,0,0,0,0,0,44,2026-02-05 12:48:57.103526
RTM1P50,0.81,0.8,0.82,1000000.0,1000000.0,0,0,0,0,0,0,0,0,0,0,44,2026-02-05 12:48:57.103526
RTM1C51,0.12,0.11,0.13,1000000.0,1000000.0,0,0,0,0,0,0,0,0,0,0,44,2026-02-05 12:48:57.103526
RTM1P51,1.54,1.53,1.55,1000000.0,1000000.0,0,0,0,0,0,0,0,0,0,0,44,2026-02-05 12:48:57.103526
RTM1C52,0.03,0.02,0.04,1000000.0,1000000.0,0,0,0,0,0,0,0,0,0,0,44,2026-02-05 12:48:57.103526
RTM1P52,2.45,2.44,2.46,1000000.0,1000000.0,0,0,0,0,0,0,0,0,0,0,44,2026-02-05 12:48:57.103526
RTM1C53,0.02,0.01,0.03,1000000.0,1000000.0,0,0,0,0,0,0,0,0,0,0,44,2026-02-05 12:48:57.103526
RTM1P53,3.42,3.41,3.43,1000000.0,1000000.0,0,0,0,0,0,0,0,0,0,0,44,2026-02-05 12:48:57.103526
RTM1C54,0.02,0.01,0.03,1000000.0,1000000.0,0,0,0,0,0,0,0,0,0,0,44,2026-02-05 12:48:57.103526
RTM1P54,4.42,4.41,4.43,1000000.0,1000000.0,0,0,0,0,0,0,0,0,0,0,44,2026-02-05 12:48:57.103526
RTM,49.49,49.48,49.5,100000000.0,100000000.0,0,0,0,0,0,0,0,0,0,0,45,2026-02-05 12:48:58.159734
RTM1C45,4.49,4.48,4.5,1000000.0,1000000.0,0,0,0,0,0,0,0,0,0,0,45,2026-02-05 12:48:58.159734
RTM1P45,0.02,0.01,0.03,1000000.0,1000000.0,0,0,0,0,0,0,0,0,0,0,45,2026-02-05 12:48:58.159734
RTM1C46,3.49,3.48,3.5,1000000.0,1000000.0,0,0,0,0,0,0,0,0,0,0,45,2026-02-05 12:48:58.159734
RTM1P46,0.02,0.01,0.03,1000000.0,1000000.0,0,0,0,0,0,0,0,0,0,0,45,2026-02-05 12:48:58.159734
RTM1C47,2.51,2.5,2.52,1000000.0,1000000.0,0,0,0,0,0,0,0,0,0,0,45,2026-02-05 12:48:58.159734
RTM1P47,0.02,0.01,0.03,1000000.0,1000000.0,0,0,0,0,0,0,0,0,0,0,45,2026-02-05 12:48:58.159734
RTM1C48,1.59,1.58,1.6,1000000.0,1000000.0,0,0,0,0,0,0,0,0,0,0,45,2026-02-05 12:48:58.159734
RTM1P48,0.1,0.09,0.11,1000000.0,1000000.0,0,0,0,0,0,0,0,0,0,0,45,2026-02-05 12:48:58.159734
RTM1C49,0.84,0.83,0.85,1000000.0,1000000.0,0,0,0,0,0,0,0,0,0,0,45,2026-02-05 12:48:58.159734
RTM1P49,0.35,0.34,0.36,1000000.0,1000000.0,0,0,0,0,0,0,0,0,0,0,45,2026-02-05 12:48:58.159734
RTM1C50,0.35,0.34,0.36,1000000.0,1000000.0,0,0,0,0,0,0,0,0,0,0,45,2026-02-05 12:48:58.159734
RTM1P50,0.86,0.85,0.87,1000000.0,1000000.0,0,0,0,0,0,0,0,0,0,0,45,2026-02-05 12:48:58.159734
RTM1C51,0.12,0.1,0.12,1000000.0,1000000.0,0,0,0,0,0,0,0,0,0,0,45,2026-02-05 12:48:58.159734
RTM1P51,1.62,1.61,1.63,1000000.0,1000000.0,0,0,0,0,0,0,0,0,0,0,45,2026-02-05 12:48:58.159734
RTM1C52,0.03,0.02,0.04,1000000.0,1000000.0,0,0,0,0,0,0,0,0,0,0,45,2026-02-05 12:48:58.159734
RTM1P52,2.53,2.52,2.54,1000000.0,1000000.0,0,0,0,0,0,0,0,0,0,0,45,2026-02-05 12:48:58.159734
RTM1C53,0.02,0.01,0.03,1000000.0,1000000.0,0,0,0,0,0,0,0,0,0,0,45,2026-02-05 12:48:58.159734
RTM1P53,3.51,3.5,3.52,1000000.0,1000000.0,0,0,0,0,0,0,0,0,0,0,45,2026-02-05 12:48:58.159734
RTM1C54,0.02,0.01,0.03,1000000.0,1000000.0,0,0,0,0,0,0,0,0,0,0,45,2026-02-05 12:48:58.159734
RTM1P54,4.51,4.5,4.52,1000000.0,1000000.0,0,0,0,0,0,0,0,0,0,0,45,2026-02-05 12:48:58.159734
RTM,49.6,49.59,49.61,100000000.0,100000000.0,0,0,0,0,0,0,0,0,0,0,46,2026-02-05 12:48:59.221009
RTM1C45,4.6,4.59,4.61,1000000.0,1000000.0,0,0,0,0,0,0,0,0,0,0,46,2026-02-05 12:48:59.221009
RTM1P45,0.02,0.01,0.03,1000000.0,1000000.0,0,0,0,0,0,0,0,0,0,0,46,2026-02-05 12:48:59.221009
RTM1C46,3.6,3.59,3.61,1000000.0,1000000.0,0,0,0,0,0,0,0,0,0,0,46,2026-02-05 12:48:59.221009
RTM1P46,0.02,0.01,0.03,1000000.0,1000000.0,0,0,0,0,0,0,0,0,0,0,46,2026-02-05 12:48:59.221009
RTM1C47,2.61,2.6,2.62,1000000.0,1000000.0,0,0,0,0,0,0,0,0,0,0,46,2026-02-05 12:48:59.221009
RTM1P47,0.03,0.01,0.03,1000000.0,1000000.0,0,0,0,0,0,0,0,0,0,0,46,2026-02-05 12:48:59.221009
RTM1C48,1.69,1.68,1.7,1000000.0,1000000.0,0,0,0,0,0,0,0,0,0,0,46,2026-02-05 12:48:59.221009
RTM1P48,0.09,0.08,0.1,1000000.0,1000000.0,0,0,0,0,0,0,0,0,0,0,46,2026-02-05 12:48:59.221009
RTM1C49,0.91,0.9,0.92,1000000.0,1000000.0,0,0,0,0,0,0,0,0,0,0,46,2026-02-05 12:48:59.221009
RTM1P49,0.32,0.31,0.33,1000000.0,1000000.0,0,0,0,0,0,0,0,0,0,0,46,2026-02-05 12:48:59.221009
RTM1C50,0.4,0.39,0.41,1000000.0,1000000.0,0,0,0,0,0,0,0,0,0,0,46,2026-02-05 12:48:59.221009
RTM1P50,0.8,0.79,0.81,1000000.0,1000000.0,0,0,0,0,0,0,0,0,0,0,46,2026-02-05 12:48:59.221009
RTM1C51,0.13,0.12,0.14,1000000.0,1000000.0,0,0,0,0,0,0,0,0,0,0,46,2026-02-05 12:48:59.221009
RTM1P51,1.53,1.52,1.54,1000000.0,1000000.0,0,0,0,0,0,0,0,0,0,0,46,2026-02-05 12:48:59.221009
RTM1C52,0.03,0.02,0.04,1000000.0,1000000.0,0,0,0,0,0,0,0,0,0,0,46,2026-02-05 12:48:59.221009
RTM1P52,2.44,2.43,2.45,1000000.0,1000000.0,0,0,0,0,0,0,0,0,0,0,46,2026-02-05 12:48:59.221009
RTM1C53,0.02,0.01,0.03,1000000.0,1000000.0,0,0,0,0,0,0,0,0,0,0,46,2026-02-05 12:48:59.221009
RTM1P53,3.41,3.4,3.42,1000000.0,1000000.0,0,0,0,0,0,0,0,0,0,0,46,2026-02-05 12:48:59.221009
RTM1C54,0.02,0.01,0.03,1000000.0,1000000.0,0,0,0,0,0,0,0,0,0,0,46,2026-02-05 12:48:59.221009
RTM1P54,4.4,4.39,4.41,1000000.0,1000000.0,0,0,0,0,0,0,0,0,0,0,46,2026-02-05 12:48:59.221009
RTM,49.58,49.57,49.59,100000000.0,100000000.0,0,0,0,0,0,0,0,0,0,0,47,2026-02-05 12:49:00.322131
RTM1C45,4.58,4.57,4.59,1000000.0,1000000.0,0,0,0,0,0,0,0,0,0,0,47,2026-02-05 12:49:00.322131
RTM1P45,0.02,0.01,0.03,1000000.0,1000000.0,0,0,0,0,0,0,0,0,0,0,47,2026-02-05 12:49:00.322131
RTM1C46,3.58,3.57,3.59,1000000.0,1000000.0,0,0,0,0,0,0,0,0,0,0,47,2026-02-05 12:49:00.322131
RTM1P46,0.02,0.01,0.03,1000000.0,1000000.0,0,0,0,0,0,0,0,0,0,0,47,2026-02-05 12:49:00.322131
RTM1C47,2.6,2.59,2.61,1000000.0,1000000.0,0,0,0,0,0,0,0,0,0,0,47,2026-02-05 12:49:00.322131
RTM1P47,0.02,0.01,0.03,1000000.0,1000000.0,0,0,0,0,0,0,0,0,0,0,47,2026-02-05 12:49:00.322131
RTM1C48,1.68,1.67,1.69,1000000.0,1000000.0,0,0,0,0,0,0,0,0,0,0,47,2026-02-05 12:49:00.322131
RTM1P48,0.1,0.09,0.11,1000000.0,1000000.0,0,0,0,0,0,0,0,0,0,0,47,2026-02-05 12:49:00.322131
RTM1C49,0.9,0.89,0.91,1000000.0,1000000.0,0,0,0,0,0,0,0,0,0,0,47,2026-02-05 12:49:00.322131
RTM1P49,0.32,0.31,0.33,1000000.0,1000000.0,0,0,0,0,0,0,0,0,0,0,47,2026-02-05 12:49:00.322131
RTM1C50,0.39,0.38,0.4,1000000.0,1000000.0,0,0,0,0,0,0,0,0,0,0,47,2026-02-05 12:49:00.322131
RTM1P50,0.81,0.8,0.82,1000000.0,1000000.0,0,0,0,0,0,0,0,0,0,0,47,2026-02-05 12:49:00.322131
RTM1C51,0.13,0.12,0.14,1000000.0,1000000.0,0,0,0,0,0,0,0,0,0,0,47,2026-02-05 12:49:00.322131
RTM1P51,1.55,1.54,1.56,1000000.0,1000000.0,0,0,0,0,0,0,0,0,0,0,47,2026-02-05 12:49:00.322131
RTM1C52,0.03,0.02,0.04,1000000.0,1000000.0,0,0,0,0,0,0,0,0,0,0,47,2026-02-05 12:49:00.322131
RTM1P52,2.45,2.44,2.46,1000000.0,1000000.0,0,0,0,0,0,0,0,0,0,0,47,2026-02-05 12:49:00.322131
RTM1C53,0.02,0.01,0.03,1000000.0,1000000.0,0,0,0,0,0,0,0,0,0,0,47,2026-02-05 12:49:00.322131
RTM1P53,3.43,3.42,3.44,1000000.0,1000000.0,0,0,0,0,0,0,0,0,0,0,47,2026-02-05 12:49:00.322131
RTM1C54,0.02,0.01,0.03,1000000.0,1000000.0,0,0,0,0,0,0,0,0,0,0,47,2026-02-05 12:49:00.322131
RTM1P54,4.42,4.41,4.43,1000000.0,1000000.0,0,0,0,0,0,0,0,0,0,0,47,2026-02-05 12:49:00.322131
RTM,49.59,49.58,49.6,100000000.0,100000000.0,0,0,0,0,0,0,0,0,0,0,48,2026-02-05 12:49:00.895958
RTM1C45,4.59,4.58,4.6,1000000.0,1000000.0,0,0,0,0,0,0,0,0,0,0,48,2026-02-05 12:49:00.895958
RTM1P45,0.02,0.01,0.03,1000000.0,1000000.0,0,0,0,0,0,0,0,0,0,0,48,2026-02-05 12:49:00.895958
RTM1C46,3.6,3.59,3.61,1000000.0,1000000.0,0,0,0,0,0,0,0,0,0,0,48,2026-02-05 12:49:00.895958
RTM1P46,0.02,0.01,0.03,1000000.0,1000000.0,0,0,0,0,0,0,0,0,0,0,48,2026-02-05 12:49:00.895958
RTM1C47,2.61,2.6,2.62,1000000.0,1000000.0,0,0,0,0,0,0,0,0,0,0,48,2026-02-05 12:49:00.895958
RTM1P47,0.02,0.01,0.03,1000000.0,1000000.0,0,0,0,0,0,0,0,0,0,0,48,2026-02-05 12:49:00.895958
RTM1C48,1.68,1.67,1.69,1000000.0,1000000.0,0,0,0,0,0,0,0,0,0,0,48,2026-02-05 12:49:00.895958
RTM1P48,0.09,0.08,0.1,1000000.0,1000000.0,0,0,0,0,0,0,0,0,0,0,48,2026-02-05 12:49:00.895958
RTM1C49,0.9,0.89,0.91,1000000.0,1000000.0,0,0,0,0,0,0,0,0,0,0,48,2026-02-05 12:49:00.895958
RTM1P49,0.3,0.29,0.31,1000000.0,1000000.0,0,0,0,0,0,0,0,0,0,0,48,2026-02-05 12:49:00.895958
RTM1C50,0.39,0.38,0.4,1000000.0,1000000.0,0,0,0,0,0,0,0,0,0,0,48,2026-02-05 12:49:00.895958
RTM1P50,0.8,0.79,0.81,1000000.0,1000000.0,0,0,0,0,0,0,0,0,0,0,48,2026-02-05 12:49:00.895958
RTM1C51,0.11,0.1,0.12,1000000.0,1000000.0,0,0,0,0,0,0,0,0,0,0,48,2026-02-05 12:49:00.895958
RTM1P51,1.52,1.51,1.53,1000000.0,1000000.0,0,0,0,0,0,0,0,0,0,0,48,2026-02-05 12:49:00.895958
RTM1C52,0.03,0.02,0.04,1000000.0,1000000.0,0,0,0,0,0,0,0,0,0,0,48,2026-02-05 12:49:00.895958
RTM1P52,2.44,2.43,2.45,1000000.0,1000000.0,0,0,0,0,0,0,0,0,0,0,48,2026-02-05 12:49:00.895958
RTM1C53,0.02,0.01,0.03,1000000.0,1000000.0,0,0,0,0,0,0,0,0,0,0,48,2026-02-05 12:49:00.895958
RTM1P53,3.41,3.4,3.42,1000000.0,1000000.0,0,0,0,0,0,0,0,0,0,0,48,2026-02-05 12:49:00.895958
RTM1C54,0.02,0.01,0.03,1000000.0,1000000.0,0,0,0,0,0,0,0,0,0,0,48,2026-02-05 12:49:00.895958
RTM1P54,4.41,4.4,4.42,1000000.0,1000000.0,0,0,0,0,0,0,0,0,0,0,48,2026-02-05 12:49:00.895958
RTM,49.61,49.6,49.62,100000000.0,100000000.0,0,0,0,0,0,0,0,0,0,0,49,2026-02-05 12:49:01.972706
RTM1C45,4.61,4.6,4.62,1000000.0,1000000.0,0,0,0,0,0,0,0,0,0,0,49,2026-02-05 12:49:01.972706
RTM1P45,0.02,0.01,0.03,1000000.0,1000000.0,0,0,0,0,0,0,0,0,0,0,49,2026-02-05 12:49:01.972706
RTM1C46,3.61,3.6,3.62,1000000.0,1000000.0,0,0,0,0,0,0,0,0,0,0,49,2026-02-05 12:49:01.972706
RTM1P46,0.02,0.01,0.03,1000000.0,1000000.0,0,0,0,0,0,0,0,0,0,0,49,2026-02-05 12:49:01.972706
RTM1C47,2.63,2.62,2.64,1000000.0,1000000.0,0,0,0,0,0,0,0,0,0,0,49,2026-02-05 12:49:01.972706
RTM1P47,0.02,0.01,0.03,1000000.0,1000000.0,0,0,0,0,0,0,0,0,0,0,49,2026-02-05 12:49:01.972706
RTM1C48,1.7,1.69,1.71,1000000.0,1000000.0,0,0,0,0,0,0,0,0,0,0,49,2026-02-05 12:49:01.972706
RTM1P48,0.09,0.08,0.1,1000000.0,1000000.0,0,0,0,0,0,0,0,0,0,0,49,2026-02-05 12:49:01.972706
RTM1C49,0.93,0.92,0.94,1000000.0,1000000.0,0,0,0,0,0,0,0,0,0,0,49,2026-02-05 12:49:01.972706
RTM1P49,0.32,0.31,0.33,1000000.0,1000000.0,0,0,0,0,0,0,0,0,0,0,49,2026-02-05 12:49:01.972706
RTM1C50,0.39,0.38,0.4,1000000.0,1000000.0,0,0,0,0,0,0,0,0,0,0,49,2026-02-05 12:49:01.972706
RTM1P50,0.78,0.77,0.79,1000000.0,1000000.0,0,0,0,0,0,0,0,0,0,0,49,2026-02-05 12:49:01.972706
RTM1C51,0.14,0.13,0.15,1000000.0,1000000.0,0,0,0,0,0,0,0,0,0,0,49,2026-02-05 12:49:01.972706
RTM1P51,1.53,1.52,1.54,1000000.0,1000000.0,0,0,0,0,0,0,0,0,0,0,49,2026-02-05 12:49:01.972706
RTM1C52,0.03,0.02,0.04,1000000.0,1000000.0,0,0,0,0,0,0,0,0,0,0,49,2026-02-05 12:49:01.972706
RTM1P52,2.42,2.41,2.43,1000000.0,1000000.0,0,0,0,0,0,0,0,0,0,0,49,2026-02-05 12:49:01.972706
RTM1C53,0.02,0.01,0.03,1000000.0,1000000.0,0,0,0,0,0,0,0,0,0,0,49,2026-02-05 12:49:01.972706
RTM1P53,3.4,3.39,3.41,1000000.0,1000000.0,0,0,0,0,0,0,0,0,0,0,49,2026-02-05 12:49:01.972706
RTM1C54,0.02,0.01,0.03,1000000.0,1000000.0,0,0,0,0,0,0,0,0,0,0,49,2026-02-05 12:49:01.972706
RTM1P54,4.39,4.38,4.4,1000000.0,1000000.0,0,0,0,0,0,0,0,0,0,0,49,2026-02-05 12:49:01.972706
RTM,49.75,49.74,49.76,100000000.0,100000000.0,0,0,0,0,0,0,0,0,0,0,50,2026-02-05 12:49:03.071611
RTM1C45,4.75,4.74,4.76,1000000.0,1000000.0,0,0,0,0,0,0,0,0,0,0,50,2026-02-05 12:49:03.071611
RTM1P45,0.02,0.01,0.03,1000000.0,1000000.0,0,0,0,0,0,0,0,0,0,0,50,2026-02-05 12:49:03.071611
RTM1C46,3.75,3.74,3.76,1000000.0,1000000.0,0,0,0,0,0,0,0,0,0,0,50,2026-02-05 12:49:03.071611
RTM1P46,0.02,0.01,0.03,1000000.0,1000000.0,0,0,0,0,0,0,0,0,0,0,50,2026-02-05 12:49:03.071611
RTM1C47,2.76,2.75,2.77,1000000.0,1000000.0,0,0,0,0,0,0,0,0,0,0,50,2026-02-05 12:49:03.071611
RTM1P47,0.02,0.01,0.03,1000000.0,1000000.0,0,0,0,0,0,0,0,0,0,0,50,2026-02-05 12:49:03.071611
RTM1C48,1.83,1.82,1.84,1000000.0,1000000.0,0,0,0,0,0,0,0,0,0,0,50,2026-02-05 12:49:03.071611
RTM1P48,0.08,0.07,0.09,1000000.0,1000000.0,0,0,0,0,0,0,0,0,0,0,50,2026-02-05 12:49:03.071611
RTM1C49,1.02,1.01,1.03,1000000.0,1000000.0,0,0,0,0,0,0,0,0,0,0,50,2026-02-05 12:49:03.071611
RTM1P49,0.27,0.26,0.28,1000000.0,1000000.0,0,0,0,0,0,0,0,0,0,0,50,2026-02-05 12:49:03.071611
RTM1C50,0.45,0.44,0.46,1000000.0,1000000.0,0,0,0,0,0,0,0,0,0,0,50,2026-02-05 12:49:03.071611
RTM1P50,0.7,0.69,0.71,1000000.0,1000000.0,0,0,0,0,0,0,0,0,0,0,50,2026-02-05 12:49:03.071611
RTM1C51,0.16,0.15,0.17,1000000.0,1000000.0,0,0,0,0,0,0,0,0,0,0,50,2026-02-05 12:49:03.071611
RTM1P51,1.42,1.41,1.43,1000000.0,1000000.0,0,0,0,0,0,0,0,0,0,0,50,2026-02-05 12:49:03.071611
RTM1C52,0.04,0.03,0.05,1000000.0,1000000.0,0,0,0,0,0,0,0,0,0,0,50,2026-02-05 12:49:03.071611
RTM1P52,2.29,2.28,2.3,1000000.0,1000000.0,0,0,0,0,0,0,0,0,0,0,50,2026-02-05 12:49:03.071611
RTM1C53,0.02,0.01,0.03,1000000.0,1000000.0,0,0,0,0,0,0,0,0,0,0,50,2026-02-05 12:49:03.071611
RTM1P53,3.26,3.25,3.27,1000000.0,1000000.0,0,0,0,0,0,0,0,0,0,0,50,2026-02-05 12:49:03.071611
RTM1C54,0.02,0.01,0.03,1000000.0,1000000.0,0,0,0,0,0,0,0,0,0,0,50,2026-02-05 12:49:03.071611
RTM1P54,4.25,4.24,4.26,1000000.0,1000000.0,0,0,0,0,0,0,0,0,0,0,50,2026-02-05 12:49:03.071611
RTM,49.81,49.8,49.82,100000000.0,100000000.0,0,0,0,0,0,0,0,0,0,0,51,2026-02-05 12:49:04.226859
