ticker,last_price,bid_price,ask_price,BUY_ANON,SELL_ANON,BUY_DUBL-1,SELL_GIOT-1,BUY_UEBR-3,SELL_UEBR-2,BUY_GIOT-1,BUY_UEBR-2,SELL_DUBL-1,BUY_UBCT-2,SELL_UBCT-2,SELL_UEBR-3,tick,timestamp,news_news_id,news_period,news_tick,news_ticker,news_headline,news_body
RTM,50.0,0.0,0.0,100000000.0,100000000.0,0,0,0,0,0,0,0,0,0,0,1,2026-02-05 12:08:58.035113,2.0,1.0,1.0,Week 1,Delta limit and penalty,The delta limit for this sub-heat is 14000 and the penalty percentage is 4%
RTM1C45,5.0,0.0,0.0,1000000.0,1000000.0,0,0,0,0,0,0,0,0,0,0,1,2026-02-05 12:08:58.035113,1.0,1.0,1.0,Week 1,Risk free rate and current annualized volatility of RTM,The current risk free rate is 0%. RTM is an ETF that mimics one of the major indices in the simulated world and its current annualized realized volatility is 17%. This simulation consists of 20 trading days that are each 15 ticks in length.
RTM1P45,0.02,0.0,0.0,1000000.0,1000000.0,0,0,0,0,0,0,0,0,0,0,1,2026-02-05 12:08:58.035113,,,,,,
RTM1C46,4.0,0.0,0.0,1000000.0,1000000.0,0,0,0,0,0,0,0,0,0,0,1,2026-02-05 12:08:58.035113,,,,,,
RTM1P46,0.02,0.0,0.0,1000000.0,1000000.0,0,0,0,0,0,0,0,0,0,0,1,2026-02-05 12:08:58.035113,,,,,,
RTM1C47,3.0,0.0,0.0,1000000.0,1000000.0,0,0,0,0,0,0,0,0,0,0,1,2026-02-05 12:08:58.035113,,,,,,
RTM1P47,0.02,0.0,0.0,1000000.0,1000000.0,0,0,0,0,0,0,0,0,0,0,1,2026-02-05 12:08:58.035113,,,,,,
RTM1C48,2.06,0.0,0.0,1000000.0,1000000.0,0,0,0,0,0,0,0,0,0,0,1,2026-02-05 12:08:58.035113,,,,,,
RTM1P48,0.06,0.0,0.0,1000000.0,1000000.0,0,0,0,0,0,0,0,0,0,0,1,2026-02-05 12:08:58.035113,,,,,,
RTM1C49,1.38,0.0,0.0,1000000.0,1000000.0,0,0,0,0,0,0,0,0,0,0,1,2026-02-05 12:08:58.035113,,,,,,
RTM1P49,0.38,0.0,0.0,1000000.0,1000000.0,0,0,0,0,0,0,0,0,0,0,1,2026-02-05 12:08:58.035113,,,,,,
RTM1C50,0.67,0.0,0.0,1000000.0,1000000.0,0,0,0,0,0,0,0,0,0,0,1,2026-02-05 12:08:58.035113,,,,,,
RTM1P50,0.67,0.0,0.0,1000000.0,1000000.0,0,0,0,0,0,0,0,0,0,0,1,2026-02-05 12:08:58.035113,,,,,,
RTM1C51,0.38,0.0,0.0,1000000.0,1000000.0,0,0,0,0,0,0,0,0,0,0,1,2026-02-05 12:08:58.035113,,,,,,
RTM1P51,1.38,0.0,0.0,1000000.0,1000000.0,0,0,0,0,0,0,0,0,0,0,1,2026-02-05 12:08:58.035113,,,,,,
RTM1C52,0.17,0.0,0.0,1000000.0,1000000.0,0,0,0,0,0,0,0,0,0,0,1,2026-02-05 12:08:58.035113,,,,,,
RTM1P52,2.17,0.0,0.0,1000000.0,1000000.0,0,0,0,0,0,0,0,0,0,0,1,2026-02-05 12:08:58.035113,,,,,,
RTM1C53,0.02,0.0,0.0,1000000.0,1000000.0,0,0,0,0,0,0,0,0,0,0,1,2026-02-05 12:08:58.035113,,,,,,
RTM1P53,3.02,0.0,0.0,1000000.0,1000000.0,0,0,0,0,0,0,0,0,0,0,1,2026-02-05 12:08:58.035113,,,,,,
RTM1C54,0.02,0.0,0.0,1000000.0,1000000.0,0,0,0,0,0,0,0,0,0,0,1,2026-02-05 12:08:58.035113,,,,,,
RTM1P54,4.0,0.0,0.0,1000000.0,1000000.0,0,0,0,0,0,0,0,0,0,0,1,2026-02-05 12:08:58.035113,,,,,,
RTM,49.91,49.89,49.91,100000000.0,100000000.0,0,0,0,0,0,0,0,0,0,0,2,2026-02-05 12:08:59.215272
RTM1C45,4.9,4.89,4.91,1000000.0,1000000.0,0,0,0,0,0,0,0,0,0,0,2,2026-02-05 12:08:59.215272
RTM1P45,0.02,0.01,0.03,1000000.0,1000000.0,0,0,0,0,0,0,0,0,0,0,2,2026-02-05 12:08:59.215272
RTM1C46,3.9,3.89,3.91,1000000.0,1000000.0,0,0,0,0,0,0,0,0,0,0,2,2026-02-05 12:08:59.215272
RTM1P46,0.02,0.01,0.03,1000000.0,1000000.0,0,0,0,0,0,0,0,0,0,0,2,2026-02-05 12:08:59.215272
RTM1C47,2.92,2.91,2.93,1000000.0,1000000.0,0,0,0,0,0,0,0,0,0,0,2,2026-02-05 12:08:59.215272
RTM1P47,0.03,0.02,0.04,1000000.0,1000000.0,0,0,0,0,0,0,0,0,0,0,2,2026-02-05 12:08:59.215272
RTM1C48,2.04,2.03,2.05,1000000.0,1000000.0,0,0,0,0,0,0,0,0,0,0,2,2026-02-05 12:08:59.215272
RTM1P48,0.14,0.13,0.15,1000000.0,1000000.0,0,0,0,0,0,0,0,0,0,0,2,2026-02-05 12:08:59.215272
RTM1C49,1.25,1.24,1.26,1000000.0,1000000.0,0,0,0,0,0,0,0,0,0,0,2,2026-02-05 12:08:59.215272
RTM1P49,0.35,0.34,0.36,1000000.0,1000000.0,0,0,0,0,0,0,0,0,0,0,2,2026-02-05 12:08:59.215272
RTM1C50,0.59,0.57,0.59,1000000.0,1000000.0,0,0,0,0,0,0,0,0,0,0,2,2026-02-05 12:08:59.215272
RTM1P50,0.68,0.67,0.69,1000000.0,1000000.0,0,0,0,0,0,0,0,0,0,0,2,2026-02-05 12:08:59.215272
RTM1C51,0.31,0.3,0.32,1000000.0,1000000.0,0,0,0,0,0,0,0,0,0,0,2,2026-02-05 12:08:59.215272
RTM1P51,1.41,1.4,1.42,1000000.0,1000000.0,0,0,0,0,0,0,0,0,0,0,2,2026-02-05 12:08:59.215272
RTM1C52,0.12,0.11,0.13,1000000.0,1000000.0,0,0,0,0,0,0,0,0,0,0,2,2026-02-05 12:08:59.215272
RTM1P52,2.22,2.21,2.23,1000000.0,1000000.0,0,0,0,0,0,0,0,0,0,0,2,2026-02-05 12:08:59.215272
RTM1C53,0.04,0.03,0.05,1000000.0,1000000.0,0,0,0,0,0,0,0,0,0,0,2,2026-02-05 12:08:59.215272
RTM1P53,3.14,3.13,3.15,1000000.0,1000000.0,0,0,0,0,0,0,0,0,0,0,2,2026-02-05 12:08:59.215272
RTM1C54,0.02,0.01,0.03,1000000.0,1000000.0,0,0,0,0,0,0,0,0,0,0,2,2026-02-05 12:08:59.215272
RTM1P54,4.11,4.1,4.12,1000000.0,1000000.0,0,0,0,0,0,0,0,0,0,0,2,2026-02-05 12:08:59.215272
RTM,49.94,49.93,49.95,100000000.0,100000000.0,0,0,0,0,0,0,0,0,0,0,3,2026-02-05 12:08:59.910002
RTM1C45,4.94,4.93,4.95,1000000.0,1000000.0,0,0,0,0,0,0,0,0,0,0,3,2026-02-05 12:08:59.910002
RTM1P45,0.02,0.01,0.03,1000000.0,1000000.0,0,0,0,0,0,0,0,0,0,0,3,2026-02-05 12:08:59.910002
RTM1C46,3.94,3.93,3.95,1000000.0,1000000.0,0,0,0,0,0,0,0,0,0,0,3,2026-02-05 12:08:59.910002
RTM1P46,0.02,0.01,0.03,1000000.0,1000000.0,0,0,0,0,0,0,0,0,0,0,3,2026-02-05 12:08:59.910002
RTM1C47,2.96,2.95,2.97,1000000.0,1000000.0,0,0,0,0,0,0,0,0,0,0,3,2026-02-05 12:08:59.910002
RTM1P47,0.02,0.01,0.03,1000000.0,1000000.0,0,0,0,0,0,0,0,0,0,0,3,2026-02-05 12:08:59.910002
RTM1C48,2.1,2.09,2.11,1000000.0,1000000.0,0,0,0,0,0,0,0,0,0,0,3,2026-02-05 12:08:59.910002
RTM1P48,0.16,0.15,0.17,1000000.0,1000000.0,0,0,0,0,0,0,0,0,0,0,3,2026-02-05 12:08:59.910002
RTM1C49,1.19,1.18,1.2,1000000.0,1000000.0,0,0,0,0,0,0,0,0,0,0,3,2026-02-05 12:08:59.910002
RTM1P49,0.25,0.24,0.26,1000000.0,1000000.0,0,0,0,0,0,0,0,0,0,0,3,2026-02-05 12:08:59.910002
RTM1C50,0.73,0.72,0.74,1000000.0,1000000.0,0,0,0,0,0,0,0,0,0,0,3,2026-02-05 12:08:59.910002
RTM1P50,0.79,0.78,0.8,1000000.0,1000000.0,0,0,0,0,0,0,0,0,0,0,3,2026-02-05 12:08:59.910002
RTM1C51,0.31,0.3,0.32,1000000.0,1000000.0,0,0,0,0,0,0,0,0,0,0,3,2026-02-05 12:08:59.910002
RTM1P51,1.37,1.36,1.38,1000000.0,1000000.0,0,0,0,0,0,0,0,0,0,0,3,2026-02-05 12:08:59.910002
RTM1C52,0.13,0.12,0.14,1000000.0,1000000.0,0,0,0,0,0,0,0,0,0,0,3,2026-02-05 12:08:59.910002
RTM1P52,2.19,2.18,2.2,1000000.0,1000000.0,0,0,0,0,0,0,0,0,0,0,3,2026-02-05 12:08:59.910002
RTM1C53,0.03,0.02,0.04,1000000.0,1000000.0,0,0,0,0,0,0,0,0,0,0,3,2026-02-05 12:08:59.910002
RTM1P53,3.09,3.08,3.1,1000000.0,1000000.0,0,0,0,0,0,0,0,0,0,0,3,2026-02-05 12:08:59.910002
RTM1C54,0.02,0.01,0.03,1000000.0,1000000.0,0,0,0,0,0,0,0,0,0,0,3,2026-02-05 12:08:59.910002
RTM1P54,4.08,4.07,4.09,1000000.0,1000000.0,0,0,0,0,0,0,0,0,0,0,3,2026-02-05 12:08:59.910002
RTM,49.71,49.7,49.72,100000000.0,100000000.0,0,0,0,0,0,0,0,0,0,0,4,2026-02-05 12:09:00.993330
RTM1C45,4.72,4.71,4.73,1000000.0,1000000.0,0,0,0,0,0,0,0,0,0,0,4,2026-02-05 12:09:00.993330
RTM1P45,0.02,0.01,0.03,1000000.0,1000000.0,0,0,0,0,0,0,0,0,0,0,4,2026-02-05 12:09:00.993330
RTM1C46,3.73,3.72,3.74,1000000.0,1000000.0,0,0,0,0,0,0,0,0,0,0,4,2026-02-05 12:09:00.993330
RTM1P46,0.02,0.01,0.03,1000000.0,1000000.0,0,0,0,0,0,0,0,0,0,0,4,2026-02-05 12:09:00.993330
RTM1C47,2.74,2.73,2.75,1000000.0,1000000.0,0,0,0,0,0,0,0,0,0,0,4,2026-02-05 12:09:00.993330
RTM1P47,0.03,0.02,0.04,1000000.0,1000000.0,0,0,0,0,0,0,0,0,0,0,4,2026-02-05 12:09:00.993330
RTM1C48,1.82,1.81,1.83,1000000.0,1000000.0,0,0,0,0,0,0,0,0,0,0,4,2026-02-05 12:09:00.993330
RTM1P48,0.11,0.1,0.12,1000000.0,1000000.0,0,0,0,0,0,0,0,0,0,0,4,2026-02-05 12:09:00.993330
RTM1C49,1.17,1.16,1.18,1000000.0,1000000.0,0,0,0,0,0,0,0,0,0,0,4,2026-02-05 12:09:00.993330
RTM1P49,0.45,0.44,0.46,1000000.0,1000000.0,0,0,0,0,0,0,0,0,0,0,4,2026-02-05 12:09:00.993330
RTM1C50,0.62,0.61,0.63,1000000.0,1000000.0,0,0,0,0,0,0,0,0,0,0,4,2026-02-05 12:09:00.993330
RTM1P50,0.91,0.9,0.92,1000000.0,1000000.0,0,0,0,0,0,0,0,0,0,0,4,2026-02-05 12:09:00.993330
RTM1C51,0.29,0.28,0.3,1000000.0,1000000.0,0,0,0,0,0,0,0,0,0,0,4,2026-02-05 12:09:00.993330
RTM1P51,1.57,1.56,1.58,1000000.0,1000000.0,0,0,0,0,0,0,0,0,0,0,4,2026-02-05 12:09:00.993330
RTM1C52,0.08,0.07,0.09,1000000.0,1000000.0,0,0,0,0,0,0,0,0,0,0,4,2026-02-05 12:09:00.993330
RTM1P52,2.36,2.35,2.37,1000000.0,1000000.0,0,0,0,0,0,0,0,0,0,0,4,2026-02-05 12:09:00.993330
RTM1C53,0.02,0.01,0.03,1000000.0,1000000.0,0,0,0,0,0,0,0,0,0,0,4,2026-02-05 12:09:00.993330
RTM1P53,3.3,3.29,3.31,1000000.0,1000000.0,0,0,0,0,0,0,0,0,0,0,4,2026-02-05 12:09:00.993330
RTM1C54,0.02,0.01,0.03,1000000.0,1000000.0,0,0,0,0,0,0,0,0,0,0,4,2026-02-05 12:09:00.993330
RTM1P54,4.29,4.28,4.3,1000000.0,1000000.0,0,0,0,0,0,0,0,0,0,0,4,2026-02-05 12:09:00.993330
RTM,49.75,49.74,49.76,100000000.0,100000000.0,0,0,0,0,0,0,0,0,0,0,5,2026-02-05 12:09:02.052853
RTM1C45,4.75,4.74,4.76,1000000.0,1000000.0,0,0,0,0,0,0,0,0,0,0,5,2026-02-05 12:09:02.052853
RTM1P45,0.02,0.01,0.03,1000000.0,1000000.0,0,0,0,0,0,0,0,0,0,0,5,2026-02-05 12:09:02.052853
RTM1C46,3.75,3.74,3.76,1000000.0,1000000.0,0,0,0,0,0,0,0,0,0,0,5,2026-02-05 12:09:02.052853
RTM1P46,0.02,0.01,0.03,1000000.0,1000000.0,0,0,0,0,0,0,0,0,0,0,5,2026-02-05 12:09:02.052853
RTM1C47,2.79,2.78,2.8,1000000.0,1000000.0,0,0,0,0,0,0,0,0,0,0,5,2026-02-05 12:09:02.052853
RTM1P47,0.04,0.03,0.05,1000000.0,1000000.0,0,0,0,0,0,0,0,0,0,0,5,2026-02-05 12:09:02.052853
RTM1C48,1.86,1.85,1.87,1000000.0,1000000.0,0,0,0,0,0,0,0,0,0,0,5,2026-02-05 12:09:02.052853
RTM1P48,0.11,0.1,0.12,1000000.0,1000000.0,0,0,0,0,0,0,0,0,0,0,5,2026-02-05 12:09:02.052853
RTM1C49,1.2,1.19,1.21,1000000.0,1000000.0,0,0,0,0,0,0,0,0,0,0,5,2026-02-05 12:09:02.052853
RTM1P49,0.45,0.44,0.46,1000000.0,1000000.0,0,0,0,0,0,0,0,0,0,0,5,2026-02-05 12:09:02.052853
RTM1C50,0.6,0.59,0.61,1000000.0,1000000.0,0,0,0,0,0,0,0,0,0,0,5,2026-02-05 12:09:02.052853
RTM1P50,0.85,0.84,0.86,1000000.0,1000000.0,0,0,0,0,0,0,0,0,0,0,5,2026-02-05 12:09:02.052853
RTM1C51,0.24,0.23,0.25,1000000.0,1000000.0,0,0,0,0,0,0,0,0,0,0,5,2026-02-05 12:09:02.052853
RTM1P51,1.5,1.49,1.51,1000000.0,1000000.0,0,0,0,0,0,0,0,0,0,0,5,2026-02-05 12:09:02.052853
RTM1C52,0.07,0.06,0.08,1000000.0,1000000.0,0,0,0,0,0,0,0,0,0,0,5,2026-02-05 12:09:02.052853
RTM1P52,2.33,2.32,2.34,1000000.0,1000000.0,0,0,0,0,0,0,0,0,0,0,5,2026-02-05 12:09:02.052853
RTM1C53,0.02,0.01,0.03,1000000.0,1000000.0,0,0,0,0,0,0,0,0,0,0,5,2026-02-05 12:09:02.052853
RTM1P53,3.27,3.26,3.28,1000000.0,1000000.0,0,0,0,0,0,0,0,0,0,0,5,2026-02-05 12:09:02.052853
RTM1C54,0.02,0.01,0.03,1000000.0,1000000.0,0,0,0,0,0,0,0,0,0,0,5,2026-02-05 12:09:02.052853
RTM1P54,4.27,4.26,4.28,1000000.0,1000000.0,0,0,0,0,0,0,0,0,0,0,5,2026-02-05 12:09:02.052853
RTM,49.65,49.64,49.66,100000000.0,100000000.0,0,0,0,0,0,0,0,0,0,0,6,2026-02-05 12:09:03.133454
RTM1C45,4.65,4.64,4.66,1000000.0,1000000.0,0,0,0,0,0,0,0,0,0,0,6,2026-02-05 12:09:03.133454
RTM1P45,0.02,0.01,0.03,1000000.0,1000000.0,0,0,0,0,0,0,0,0,0,0,6,2026-02-05 12:09:03.133454
RTM1C46,3.66,3.65,3.67,1000000.0,1000000.0,0,0,0,0,0,0,0,0,0,0,6,2026-02-05 12:09:03.133454
RTM1P46,0.02,0.01,0.03,1000000.0,1000000.0,0,0,0,0,0,0,0,0,0,0,6,2026-02-05 12:09:03.133454
RTM1C47,2.73,2.72,2.74,1000000.0,1000000.0,0,0,0,0,0,0,0,0,0,0,6,2026-02-05 12:09:03.133454
RTM1P47,0.07,0.06,0.08,1000000.0,1000000.0,0,0,0,0,0,0,0,0,0,0,6,2026-02-05 12:09:03.133454
RTM1C48,1.84,1.83,1.85,1000000.0,1000000.0,0,0,0,0,0,0,0,0,0,0,6,2026-02-05 12:09:03.133454
RTM1P48,0.19,0.18,0.2,1000000.0,1000000.0,0,0,0,0,0,0,0,0,0,0,6,2026-02-05 12:09:03.133454
RTM1C49,1.08,1.07,1.09,1000000.0,1000000.0,0,0,0,0,0,0,0,0,0,0,6,2026-02-05 12:09:03.133454
RTM1P49,0.43,0.42,0.44,1000000.0,1000000.0,0,0,0,0,0,0,0,0,0,0,6,2026-02-05 12:09:03.133454
RTM1C50,0.48,0.47,0.49,1000000.0,1000000.0,0,0,0,0,0,0,0,0,0,0,6,2026-02-05 12:09:03.133454
RTM1P50,0.83,0.82,0.84,1000000.0,1000000.0,0,0,0,0,0,0,0,0,0,0,6,2026-02-05 12:09:03.133454
RTM1C51,0.23,0.22,0.24,1000000.0,1000000.0,0,0,0,0,0,0,0,0,0,0,6,2026-02-05 12:09:03.133454
RTM1P51,1.58,1.57,1.59,1000000.0,1000000.0,0,0,0,0,0,0,0,0,0,0,6,2026-02-05 12:09:03.133454
RTM1C52,0.07,0.06,0.08,1000000.0,1000000.0,0,0,0,0,0,0,0,0,0,0,6,2026-02-05 12:09:03.133454
RTM1P52,2.42,2.41,2.43,1000000.0,1000000.0,0,0,0,0,0,0,0,0,0,0,6,2026-02-05 12:09:03.133454
RTM1C53,0.03,0.02,0.04,1000000.0,1000000.0,0,0,0,0,0,0,0,0,0,0,6,2026-02-05 12:09:03.133454
RTM1P53,3.38,3.37,3.39,1000000.0,1000000.0,0,0,0,0,0,0,0,0,0,0,6,2026-02-05 12:09:03.133454
RTM1C54,0.02,0.01,0.03,1000000.0,1000000.0,0,0,0,0,0,0,0,0,0,0,6,2026-02-05 12:09:03.133454
RTM1P54,4.36,4.35,4.37,1000000.0,1000000.0,0,0,0,0,0,0,0,0,0,0,6,2026-02-05 12:09:03.133454
RTM,49.9,49.89,49.91,100000000.0,100000000.0,0,0,0,0,0,0,0,0,0,0,7,2026-02-05 12:09:04.232745
RTM1C45,4.9,4.89,4.91,1000000.0,1000000.0,0,0,0,0,0,0,0,0,0,0,7,2026-02-05 12:09:04.232745
RTM1P45,0.02,0.01,0.03,1000000.0,1000000.0,0,0,0,0,0,0,0,0,0,0,7,2026-02-05 12:09:04.232745
RTM1C46,3.9,3.89,3.91,1000000.0,1000000.0,0,0,0,0,0,0,0,0,0,0,7,2026-02-05 12:09:04.232745
RTM1P46,0.02,0.01,0.03,1000000.0,1000000.0,0,0,0,0,0,0,0,0,0,0,7,2026-02-05 12:09:04.232745
RTM1C47,2.94,2.93,2.95,1000000.0,1000000.0,0,0,0,0,0,0,0,0,0,0,7,2026-02-05 12:09:04.232745
RTM1P47,0.04,0.03,0.05,1000000.0,1000000.0,0,0,0,0,0,0,0,0,0,0,7,2026-02-05 12:09:04.232745
RTM1C48,2.01,2.0,2.02,1000000.0,1000000.0,0,0,0,0,0,0,0,0,0,0,7,2026-02-05 12:09:04.232745
RTM1P48,0.11,0.1,0.12,1000000.0,1000000.0,0,0,0,0,0,0,0,0,0,0,7,2026-02-05 12:09:04.232745
RTM1C49,1.32,1.31,1.33,1000000.0,1000000.0,0,0,0,0,0,0,0,0,0,0,7,2026-02-05 12:09:04.232745
RTM1P49,0.42,0.41,0.43,1000000.0,1000000.0,0,0,0,0,0,0,0,0,0,0,7,2026-02-05 12:09:04.232745
RTM1C50,0.66,0.65,0.67,1000000.0,1000000.0,0,0,0,0,0,0,0,0,0,0,7,2026-02-05 12:09:04.232745
RTM1P50,0.76,0.75,0.77,1000000.0,1000000.0,0,0,0,0,0,0,0,0,0,0,7,2026-02-05 12:09:04.232745
RTM1C51,0.25,0.24,0.26,1000000.0,1000000.0,0,0,0,0,0,0,0,0,0,0,7,2026-02-05 12:09:04.232745
RTM1P51,1.35,1.34,1.36,1000000.0,1000000.0,0,0,0,0,0,0,0,0,0,0,7,2026-02-05 12:09:04.232745
RTM1C52,0.1,0.09,0.11,1000000.0,1000000.0,0,0,0,0,0,0,0,0,0,0,7,2026-02-05 12:09:04.232745
RTM1P52,2.2,2.19,2.21,1000000.0,1000000.0,0,0,0,0,0,0,0,0,0,0,7,2026-02-05 12:09:04.232745
RTM1C53,0.06,0.05,0.07,1000000.0,1000000.0,0,0,0,0,0,0,0,0,0,0,7,2026-02-05 12:09:04.232745
RTM1P53,3.16,3.15,3.17,1000000.0,1000000.0,0,0,0,0,0,0,0,0,0,0,7,2026-02-05 12:09:04.232745
RTM1C54,0.02,0.01,0.03,1000000.0,1000000.0,0,0,0,0,0,0,0,0,0,0,7,2026-02-05 12:09:04.232745
RTM1P54,4.11,4.1,4.12,1000000.0,1000000.0,0,0,0,0,0,0,0,0,0,0,7,2026-02-05 12:09:04.232745
RTM,49.88,49.87,49.89,100000000.0,100000000.0,0,0,0,0,0,0,0,0,0,0,8,2026-02-05 12:09:04.854709
RTM1C45,4.89,4.88,4.9,1000000.0,1000000.0,0,0,0,0,0,0,0,0,0,0,8,2026-02-05 12:09:04.854709
RTM1P45,0.02,0.01,0.03,1000000.0,1000000.0,0,0,0,0,0,0,0,0,0,0,8,2026-02-05 12:09:04.854709
RTM1C46,3.89,3.88,3.9,1000000.0,1000000.0,0,0,0,0,0,0,0,0,0,0,8,2026-02-05 12:09:04.854709
RTM1P46,0.02,0.01,0.03,1000000.0,1000000.0,0,0,0,0,0,0,0,0,0,0,8,2026-02-05 12:09:04.854709
RTM1C47,2.93,2.92,2.94,1000000.0,1000000.0,0,0,0,0,0,0,0,0,0,0,8,2026-02-05 12:09:04.854709
RTM1P47,0.05,0.04,0.06,1000000.0,1000000.0,0,0,0,0,0,0,0,0,0,0,8,2026-02-05 12:09:04.854709
RTM1C48,2.04,2.03,2.05,1000000.0,1000000.0,0,0,0,0,0,0,0,0,0,0,8,2026-02-05 12:09:04.854709
RTM1P48,0.16,0.15,0.17,1000000.0,1000000.0,0,0,0,0,0,0,0,0,0,0,8,2026-02-05 12:09:04.854709
RTM1C49,1.19,1.18,1.2,1000000.0,1000000.0,0,0,0,0,0,0,0,0,0,0,8,2026-02-05 12:09:04.854709
RTM1P49,0.3,0.29,0.31,1000000.0,1000000.0,0,0,0,0,0,0,0,0,0,0,8,2026-02-05 12:09:04.854709
RTM1C50,0.65,0.64,0.66,1000000.0,1000000.0,0,0,0,0,0,0,0,0,0,0,8,2026-02-05 12:09:04.854709
RTM1P50,0.77,0.76,0.78,1000000.0,1000000.0,0,0,0,0,0,0,0,0,0,0,8,2026-02-05 12:09:04.854709
RTM1C51,0.33,0.32,0.34,1000000.0,1000000.0,0,0,0,0,0,0,0,0,0,0,8,2026-02-05 12:09:04.854709
RTM1P51,1.44,1.43,1.45,1000000.0,1000000.0,0,0,0,0,0,0,0,0,0,0,8,2026-02-05 12:09:04.854709
RTM1C52,0.08,0.07,0.09,1000000.0,1000000.0,0,0,0,0,0,0,0,0,0,0,8,2026-02-05 12:09:04.854709
RTM1P52,2.2,2.19,2.21,1000000.0,1000000.0,0,0,0,0,0,0,0,0,0,0,8,2026-02-05 12:09:04.854709
RTM1C53,0.03,0.02,0.04,1000000.0,1000000.0,0,0,0,0,0,0,0,0,0,0,8,2026-02-05 12:09:04.854709
RTM1P53,3.14,3.13,3.15,1000000.0,1000000.0,0,0,0,0,0,0,0,0,0,0,8,2026-02-05 12:09:04.854709
RTM1C54,0.02,0.01,0.03,1000000.0,1000000.0,0,0,0,0,0,0,0,0,0,0,8,2026-02-05 12:09:04.854709
RTM1P54,4.12,4.11,4.13,1000000.0,1000000.0,0,0,0,0,0,0,0,0,0,0,8,2026-02-05 12:09:04.854709
RTM,49.77,49.76,49.78,100000000.0,100000000.0,0,0,0,0,0,0,0,0,0,0,9,2026-02-05 12:09:05.909767
RTM1C45,4.78,4.77,4.79,1000000.0,1000000.0,0,0,0,0,0,0,0,0,0,0,9,2026-02-05 12:09:05.909767
RTM1P45,0.02,0.01,0.03,1000000.0,1000000.0,0,0,0,0,0,0,0,0,0,0,9,2026-02-05 12:09:05.909767
RTM1C46,3.78,3.77,3.79,1000000.0,1000000.0,0,0,0,0,0,0,0,0,0,0,9,2026-02-05 12:09:05.909767
RTM1P46,0.02,0.01,0.03,1000000.0,1000000.0,0,0,0,0,0,0,0,0,0,0,9,2026-02-05 12:09:05.909767
RTM1C47,2.84,2.83,2.85,1000000.0,1000000.0,0,0,0,0,0,0,0,0,0,0,9,2026-02-05 12:09:05.909767
RTM1P47,0.06,0.05,0.07,1000000.0,1000000.0,0,0,0,0,0,0,0,0,0,0,9,2026-02-05 12:09:05.909767
RTM1C48,1.97,1.96,1.98,1000000.0,1000000.0,0,0,0,0,0,0,0,0,0,0,9,2026-02-05 12:09:05.909767
RTM1P48,0.2,0.19,0.21,1000000.0,1000000.0,0,0,0,0,0,0,0,0,0,0,9,2026-02-05 12:09:05.909767
RTM1C49,1.15,1.14,1.16,1000000.0,1000000.0,0,0,0,0,0,0,0,0,0,0,9,2026-02-05 12:09:05.909767
RTM1P49,0.38,0.37,0.39,1000000.0,1000000.0,0,0,0,0,0,0,0,0,0,0,9,2026-02-05 12:09:05.909767
RTM1C50,0.54,0.53,0.55,1000000.0,1000000.0,0,0,0,0,0,0,0,0,0,0,9,2026-02-05 12:09:05.909767
RTM1P50,0.77,0.76,0.78,1000000.0,1000000.0,0,0,0,0,0,0,0,0,0,0,9,2026-02-05 12:09:05.909767
RTM1C51,0.23,0.22,0.24,1000000.0,1000000.0,0,0,0,0,0,0,0,0,0,0,9,2026-02-05 12:09:05.909767
RTM1P51,1.46,1.45,1.47,1000000.0,1000000.0,0,0,0,0,0,0,0,0,0,0,9,2026-02-05 12:09:05.909767
RTM1C52,0.13,0.12,0.14,1000000.0,1000000.0,0,0,0,0,0,0,0,0,0,0,9,2026-02-05 12:09:05.909767
RTM1P52,2.36,2.35,2.37,1000000.0,1000000.0,0,0,0,0,0,0,0,0,0,0,9,2026-02-05 12:09:05.909767
RTM1C53,0.05,0.04,0.06,1000000.0,1000000.0,0,0,0,0,0,0,0,0,0,0,9,2026-02-05 12:09:05.909767
RTM1P53,3.27,3.26,3.28,1000000.0,1000000.0,0,0,0,0,0,0,0,0,0,0,9,2026-02-05 12:09:05.909767
RTM1C54,0.02,0.01,0.03,1000000.0,1000000.0,0,0,0,0,0,0,0,0,0,0,9,2026-02-05 12:09:05.909767
RTM1P54,4.24,4.23,4.25,1000000.0,1000000.0,0,0,0,0,0,0,0,0,0,0,9,2026-02-05 12:09:05.909767
RTM,49.91,49.9,49.92,100000000.0,100000000.0,0,0,0,0,0,0,0,0,0,0,10,2026-02-05 12:09:06.960184
RTM1C45,4.91,4.9,4.92,1000000.0,1000000.0,0,0,0,0,0,0,0,0,0,0,10,2026-02-05 12:09:06.960184
RTM1P45,0.02,0.01,0.03,1000000.0,1000000.0,0,0,0,0,0,0,0,0,0,0,10,2026-02-05 12:09:06.960184
RTM1C46,3.93,3.92,3.94,1000000.0,1000000.0,0,0,0,0,0,0,0,0,0,0,10,2026-02-05 12:09:06.960184
RTM1P46,0.02,0.01,0.03,1000000.0,1000000.0,0,0,0,0,0,0,0,0,0,0,10,2026-02-05 12:09:06.960184
RTM1C47,2.97,2.96,2.98,1000000.0,1000000.0,0,0,0,0,0,0,0,0,0,0,10,2026-02-05 12:09:06.960184
RTM1P47,0.06,0.05,0.07,1000000.0,1000000.0,0,0,0,0,0,0,0,0,0,0,10,2026-02-05 12:09:06.960184
RTM1C48,2.07,2.06,2.08,1000000.0,1000000.0,0,0,0,0,0,0,0,0,0,0,10,2026-02-05 12:09:06.960184
RTM1P48,0.16,0.15,0.17,1000000.0,1000000.0,0,0,0,0,0,0,0,0,0,0,10,2026-02-05 12:09:06.960184
RTM1C49,1.34,1.33,1.35,1000000.0,1000000.0,0,0,0,0,0,0,0,0,0,0,10,2026-02-05 12:09:06.960184
RTM1P49,0.43,0.42,0.44,1000000.0,1000000.0,0,0,0,0,0,0,0,0,0,0,10,2026-02-05 12:09:06.960184
RTM1C50,0.74,0.73,0.75,1000000.0,1000000.0,0,0,0,0,0,0,0,0,0,0,10,2026-02-05 12:09:06.960184
RTM1P50,0.83,0.82,0.84,1000000.0,1000000.0,0,0,0,0,0,0,0,0,0,0,10,2026-02-05 12:09:06.960184
RTM1C51,0.37,0.36,0.38,1000000.0,1000000.0,0,0,0,0,0,0,0,0,0,0,10,2026-02-05 12:09:06.960184
RTM1P51,1.45,1.44,1.46,1000000.0,1000000.0,0,0,0,0,0,0,0,0,0,0,10,2026-02-05 12:09:06.960184
RTM1C52,0.15,0.14,0.16,1000000.0,1000000.0,0,0,0,0,0,0,0,0,0,0,10,2026-02-05 12:09:06.960184
RTM1P52,2.24,2.23,2.25,1000000.0,1000000.0,0,0,0,0,0,0,0,0,0,0,10,2026-02-05 12:09:06.960184
RTM1C53,0.05,0.04,0.06,1000000.0,1000000.0,0,0,0,0,0,0,0,0,0,0,10,2026-02-05 12:09:06.960184
RTM1P53,3.14,3.13,3.15,1000000.0,1000000.0,0,0,0,0,0,0,0,0,0,0,10,2026-02-05 12:09:06.960184
RTM1C54,0.02,0.01,0.03,1000000.0,1000000.0,0,0,0,0,0,0,0,0,0,0,10,2026-02-05 12:09:06.960184
RTM1P54,4.09,4.08,4.1,1000000.0,1000000.0,0,0,0,0,0,0,0,0,0,0,10,2026-02-05 12:09:06.960184
RTM,49.75,49.74,49.76,100000000.0,100000000.0,0,0,0,0,0,0,0,0,0,0,11,2026-02-05 12:09:08.015377
RTM1C45,4.75,4.74,4.76,1000000.0,1000000.0,0,0,0,0,0,0,0,0,0,0,11,2026-02-05 12:09:08.015377
RTM1P45,0.02,0.01,0.03,1000000.0,1000000.0,0,0,0,0,0,0,0,0,0,0,11,2026-02-05 12:09:08.015377
RTM1C46,3.77,3.76,3.78,1000000.0,1000000.0,0,0,0,0,0,0,0,0,0,0,11,2026-02-05 12:09:08.015377
RTM1P46,0.02,0.01,0.03,1000000.0,1000000.0,0,0,0,0,0,0,0,0,0,0,11,2026-02-05 12:09:08.015377
RTM1C47,2.79,2.78,2.8,1000000.0,1000000.0,0,0,0,0,0,0,0,0,0,0,11,2026-02-05 12:09:08.015377
RTM1P47,0.04,0.03,0.05,1000000.0,1000000.0,0,0,0,0,0,0,0,0,0,0,11,2026-02-05 12:09:08.015377
RTM1C48,1.94,1.93,1.95,1000000.0,1000000.0,0,0,0,0,0,0,0,0,0,0,11,2026-02-05 12:09:08.015377
RTM1P48,0.19,0.18,0.2,1000000.0,1000000.0,0,0,0,0,0,0,0,0,0,0,11,2026-02-05 12:09:08.015377
RTM1C49,1.18,1.17,1.19,1000000.0,1000000.0,0,0,0,0,0,0,0,0,0,0,11,2026-02-05 12:09:08.015377
RTM1P49,0.43,0.42,0.44,1000000.0,1000000.0,0,0,0,0,0,0,0,0,0,0,11,2026-02-05 12:09:08.015377
RTM1C50,0.55,0.54,0.56,1000000.0,1000000.0,0,0,0,0,0,0,0,0,0,0,11,2026-02-05 12:09:08.015377
RTM1P50,0.81,0.8,0.82,1000000.0,1000000.0,0,0,0,0,0,0,0,0,0,0,11,2026-02-05 12:09:08.015377
RTM1C51,0.22,0.21,0.23,1000000.0,1000000.0,0,0,0,0,0,0,0,0,0,0,11,2026-02-05 12:09:08.015377
RTM1P51,1.48,1.47,1.49,1000000.0,1000000.0,0,0,0,0,0,0,0,0,0,0,11,2026-02-05 12:09:08.015377
RTM1C52,0.07,0.06,0.08,1000000.0,1000000.0,0,0,0,0,0,0,0,0,0,0,11,2026-02-05 12:09:08.015377
RTM1P52,2.33,2.32,2.34,1000000.0,1000000.0,0,0,0,0,0,0,0,0,0,0,11,2026-02-05 12:09:08.015377
RTM1C53,0.05,0.04,0.06,1000000.0,1000000.0,0,0,0,0,0,0,0,0,0,0,11,2026-02-05 12:09:08.015377
RTM1P53,3.3,3.29,3.31,1000000.0,1000000.0,0,0,0,0,0,0,0,0,0,0,11,2026-02-05 12:09:08.015377
RTM1C54,0.02,0.01,0.03,1000000.0,1000000.0,0,0,0,0,0,0,0,0,0,0,11,2026-02-05 12:09:08.015377
RTM1P54,4.27,4.26,4.28,1000000.0,1000000.0,0,0,0,0,0,0,0,0,0,0,11,2026-02-05 12:09:08.015377
RTM,49.53,49.52,49.54,100000000.0,100000000.0,0,0,0,0,0,0,0,0,0,0,12,2026-02-05 12:09:09.061552
RTM1C45,4.53,4.52,4.54,1000000.0,1000000.0,0,0,0,0,0,0,0,0,0,0,12,2026-02-05 12:09:09.061552
RTM1P45,0.02,0.01,0.03,1000000.0,1000000.0,0,0,0,0,0,0,0,0,0,0,12,2026-02-05 12:09:09.061552
RTM1C46,3.55,3.54,3.56,1000000.0,1000000.0,0,0,0,0,0,0,0,0,0,0,12,2026-02-05 12:09:09.061552
RTM1P46,0.02,0.01,0.03,1000000.0,1000000.0,0,0,0,0,0,0,0,0,0,0,12,2026-02-05 12:09:09.061552
RTM1C47,2.62,2.61,2.63,1000000.0,1000000.0,0,0,0,0,0,0,0,0,0,0,12,2026-02-05 12:09:09.061552
RTM1P47,0.09,0.08,0.1,1000000.0,1000000.0,0,0,0,0,0,0,0,0,0,0,12,2026-02-05 12:09:09.061552
RTM1C48,1.76,1.75,1.77,1000000.0,1000000.0,0,0,0,0,0,0,0,0,0,0,12,2026-02-05 12:09:09.061552
RTM1P48,0.23,0.22,0.24,1000000.0,1000000.0,0,0,0,0,0,0,0,0,0,0,12,2026-02-05 12:09:09.061552
RTM1C49,0.99,0.98,1.0,1000000.0,1000000.0,0,0,0,0,0,0,0,0,0,0,12,2026-02-05 12:09:09.061552
RTM1P49,0.47,0.46,0.48,1000000.0,1000000.0,0,0,0,0,0,0,0,0,0,0,12,2026-02-05 12:09:09.061552
RTM1C50,0.57,0.56,0.58,1000000.0,1000000.0,0,0,0,0,0,0,0,0,0,0,12,2026-02-05 12:09:09.061552
RTM1P50,1.04,1.03,1.05,1000000.0,1000000.0,0,0,0,0,0,0,0,0,0,0,12,2026-02-05 12:09:09.061552
RTM1C51,0.2,0.19,0.21,1000000.0,1000000.0,0,0,0,0,0,0,0,0,0,0,12,2026-02-05 12:09:09.061552
RTM1P51,1.67,1.66,1.68,1000000.0,1000000.0,0,0,0,0,0,0,0,0,0,0,12,2026-02-05 12:09:09.061552
RTM1C52,0.12,0.11,0.13,1000000.0,1000000.0,0,0,0,0,0,0,0,0,0,0,12,2026-02-05 12:09:09.061552
RTM1P52,2.59,2.58,2.6,1000000.0,1000000.0,0,0,0,0,0,0,0,0,0,0,12,2026-02-05 12:09:09.061552
RTM1C53,0.02,0.01,0.03,1000000.0,1000000.0,0,0,0,0,0,0,0,0,0,0,12,2026-02-05 12:09:09.061552
RTM1P53,3.5,3.49,3.51,1000000.0,1000000.0,0,0,0,0,0,0,0,0,0,0,12,2026-02-05 12:09:09.061552
RTM1C54,0.02,0.01,0.03,1000000.0,1000000.0,0,0,0,0,0,0,0,0,0,0,12,2026-02-05 12:09:09.061552
RTM1P54,4.48,4.47,4.49,1000000.0,1000000.0,0,0,0,0,0,0,0,0,0,0,12,2026-02-05 12:09:09.061552
RTM,49.46,49.45,49.47,100000000.0,100000000.0,0,0,0,0,0,0,0,0,0,0,13,2026-02-05 12:09:10.119629
RTM1C45,4.47,4.46,4.48,1000000.0,1000000.0,0,0,0,0,0,0,0,0,0,0,13,2026-02-05 12:09:10.119629
RTM1P45,0.02,0.01,0.03,1000000.0,1000000.0,0,0,0,0,0,0,0,0,0,0,13,2026-02-05 12:09:10.119629
RTM1C46,3.48,3.47,3.49,1000000.0,1000000.0,0,0,0,0,0,0,0,0,0,0,13,2026-02-05 12:09:10.119629
RTM1P46,0.02,0.01,0.03,1000000.0,1000000.0,0,0,0,0,0,0,0,0,0,0,13,2026-02-05 12:09:10.119629
RTM1C47,2.55,2.54,2.56,1000000.0,1000000.0,0,0,0,0,0,0,0,0,0,0,13,2026-02-05 12:09:10.119629
RTM1P47,0.09,0.08,0.1,1000000.0,1000000.0,0,0,0,0,0,0,0,0,0,0,13,2026-02-05 12:09:10.119629
RTM1C48,1.66,1.65,1.67,1000000.0,1000000.0,0,0,0,0,0,0,0,0,0,0,13,2026-02-05 12:09:10.119629
RTM1P48,0.2,0.19,0.21,1000000.0,1000000.0,0,0,0,0,0,0,0,0,0,0,13,2026-02-05 12:09:10.119629
RTM1C49,1.05,1.04,1.06,1000000.0,1000000.0,0,0,0,0,0,0,0,0,0,0,13,2026-02-05 12:09:10.119629
RTM1P49,0.59,0.58,0.6,1000000.0,1000000.0,0,0,0,0,0,0,0,0,0,0,13,2026-02-05 12:09:10.119629
RTM1C50,0.51,0.5,0.52,1000000.0,1000000.0,0,0,0,0,0,0,0,0,0,0,13,2026-02-05 12:09:10.119629
RTM1P50,1.04,1.03,1.05,1000000.0,1000000.0,0,0,0,0,0,0,0,0,0,0,13,2026-02-05 12:09:10.119629
RTM1C51,0.25,0.24,0.26,1000000.0,1000000.0,0,0,0,0,0,0,0,0,0,0,13,2026-02-05 12:09:10.119629
RTM1P51,1.79,1.78,1.8,1000000.0,1000000.0,0,0,0,0,0,0,0,0,0,0,13,2026-02-05 12:09:10.119629
RTM1C52,0.07,0.06,0.08,1000000.0,1000000.0,0,0,0,0,0,0,0,0,0,0,13,2026-02-05 12:09:10.119629
RTM1P52,2.6,2.59,2.61,1000000.0,1000000.0,0,0,0,0,0,0,0,0,0,0,13,2026-02-05 12:09:10.119629
RTM1C53,0.02,0.01,0.03,1000000.0,1000000.0,0,0,0,0,0,0,0,0,0,0,13,2026-02-05 12:09:10.119629
RTM1P53,3.56,3.55,3.57,1000000.0,1000000.0,0,0,0,0,0,0,0,0,0,0,13,2026-02-05 12:09:10.119629
RTM1C54,0.02,0.01,0.03,1000000.0,1000000.0,0,0,0,0,0,0,0,0,0,0,13,2026-02-05 12:09:10.119629
RTM1P54,4.55,4.54,4.56,1000000.0,1000000.0,0,0,0,0,0,0,0,0,0,0,13,2026-02-05 12:09:10.119629
RTM,49.49,49.48,49.5,100000000.0,100000000.0,0,0,0,0,0,0,0,0,0,0,14,2026-02-05 12:09:11.265797
RTM1C45,4.49,4.48,4.5,1000000.0,1000000.0,0,0,0,0,0,0,0,0,0,0,14,2026-02-05 12:09:11.265797
RTM1P45,0.02,0.01,0.03,1000000.0,1000000.0,0,0,0,0,0,0,0,0,0,0,14,2026-02-05 12:09:11.265797
RTM1C46,3.5,3.49,3.51,1000000.0,1000000.0,0,0,0,0,0,0,0,0,0,0,14,2026-02-05 12:09:11.265797
RTM1P46,0.02,0.01,0.03,1000000.0,1000000.0,0,0,0,0,0,0,0,0,0,0,14,2026-02-05 12:09:11.265797
RTM1C47,2.55,2.54,2.56,1000000.0,1000000.0,0,0,0,0,0,0,0,0,0,0,14,2026-02-05 12:09:11.265797
RTM1P47,0.06,0.05,0.07,1000000.0,1000000.0,0,0,0,0,0,0,0,0,0,0,14,2026-02-05 12:09:11.265797
RTM1C48,1.73,1.72,1.74,1000000.0,1000000.0,0,0,0,0,0,0,0,0,0,0,14,2026-02-05 12:09:11.265797
RTM1P48,0.24,0.23,0.25,1000000.0,1000000.0,0,0,0,0,0,0,0,0,0,0,14,2026-02-05 12:09:11.265797
RTM1C49,1.01,1.0,1.02,1000000.0,1000000.0,0,0,0,0,0,0,0,0,0,0,14,2026-02-05 12:09:11.265797
RTM1P49,0.52,0.51,0.53,1000000.0,1000000.0,0,0,0,0,0,0,0,0,0,0,14,2026-02-05 12:09:11.265797
RTM1C50,0.5,0.49,0.51,1000000.0,1000000.0,0,0,0,0,0,0,0,0,0,0,14,2026-02-05 12:09:11.265797
RTM1P50,1.01,1.0,1.02,1000000.0,1000000.0,0,0,0,0,0,0,0,0,0,0,14,2026-02-05 12:09:11.265797
RTM1C51,0.27,0.26,0.28,1000000.0,1000000.0,0,0,0,0,0,0,0,0,0,0,14,2026-02-05 12:09:11.265797
RTM1P51,1.78,1.77,1.79,1000000.0,1000000.0,0,0,0,0,0,0,0,0,0,0,14,2026-02-05 12:09:11.265797
RTM1C52,0.1,0.09,0.11,1000000.0,1000000.0,0,0,0,0,0,0,0,0,0,0,14,2026-02-05 12:09:11.265797
RTM1P52,2.61,2.6,2.62,1000000.0,1000000.0,0,0,0,0,0,0,0,0,0,0,14,2026-02-05 12:09:11.265797
RTM1C53,0.04,0.03,0.05,1000000.0,1000000.0,0,0,0,0,0,0,0,0,0,0,14,2026-02-05 12:09:11.265797
RTM1P53,3.55,3.54,3.56,1000000.0,1000000.0,0,0,0,0,0,0,0,0,0,0,14,2026-02-05 12:09:11.265797
RTM1C54,0.02,0.01,0.03,1000000.0,1000000.0,0,0,0,0,0,0,0,0,0,0,14,2026-02-05 12:09:11.265797
RTM1P54,4.51,4.5,4.52,1000000.0,1000000.0,0,0,0,0,0,0,0,0,0,0,14,2026-02-05 12:09:11.265797
RTM,49.4,49.39,49.41,100000000.0,100000000.0,0,0,0,0,0,0,0,0,0,0,15,2026-02-05 12:09:11.850271
RTM1C45,4.4,4.39,4.41,1000000.0,1000000.0,0,0,0,0,0,0,0,0,0,0,15,2026-02-05 12:09:11.850271
RTM1P45,0.02,0.01,0.03,1000000.0,1000000.0,0,0,0,0,0,0,0,0,0,0,15,2026-02-05 12:09:11.850271
RTM1C46,3.41,3.4,3.42,1000000.0,1000000.0,0,0,0,0,0,0,0,0,0,0,15,2026-02-05 12:09:11.850271
RTM1P46,0.02,0.01,0.03,1000000.0,1000000.0,0,0,0,0,0,0,0,0,0,0,15,2026-02-05 12:09:11.850271
RTM1C47,2.49,2.48,2.5,1000000.0,1000000.0,0,0,0,0,0,0,0,0,0,0,15,2026-02-05 12:09:11.850271
RTM1P47,0.09,0.08,0.1,1000000.0,1000000.0,0,0,0,0,0,0,0,0,0,0,15,2026-02-05 12:09:11.850271
RTM1C48,1.67,1.66,1.68,1000000.0,1000000.0,0,0,0,0,0,0,0,0,0,0,15,2026-02-05 12:09:11.850271
RTM1P48,0.27,0.26,0.28,1000000.0,1000000.0,0,0,0,0,0,0,0,0,0,0,15,2026-02-05 12:09:11.850271
RTM1C49,0.93,0.92,0.94,1000000.0,1000000.0,0,0,0,0,0,0,0,0,0,0,15,2026-02-05 12:09:11.850271
RTM1P49,0.53,0.52,0.54,1000000.0,1000000.0,0,0,0,0,0,0,0,0,0,0,15,2026-02-05 12:09:11.850271
RTM1C50,0.55,0.54,0.56,1000000.0,1000000.0,0,0,0,0,0,0,0,0,0,0,15,2026-02-05 12:09:11.850271
RTM1P50,1.15,1.14,1.16,1000000.0,1000000.0,0,0,0,0,0,0,0,0,0,0,15,2026-02-05 12:09:11.850271
RTM1C51,0.17,0.16,0.18,1000000.0,1000000.0,0,0,0,0,0,0,0,0,0,0,15,2026-02-05 12:09:11.850271
RTM1P51,1.78,1.77,1.79,1000000.0,1000000.0,0,0,0,0,0,0,0,0,0,0,15,2026-02-05 12:09:11.850271
RTM1C52,0.06,0.05,0.07,1000000.0,1000000.0,0,0,0,0,0,0,0,0,0,0,15,2026-02-05 12:09:11.850271
RTM1P52,2.66,2.65,2.67,1000000.0,1000000.0,0,0,0,0,0,0,0,0,0,0,15,2026-02-05 12:09:11.850271
RTM1C53,0.02,0.01,0.03,1000000.0,1000000.0,0,0,0,0,0,0,0,0,0,0,15,2026-02-05 12:09:11.850271
RTM1P53,3.62,3.61,3.63,1000000.0,1000000.0,0,0,0,0,0,0,0,0,0,0,15,2026-02-05 12:09:11.850271
RTM1C54,0.02,0.01,0.03,1000000.0,1000000.0,0,0,0,0,0,0,0,0,0,0,15,2026-02-05 12:09:11.850271
RTM1P54,4.61,4.6,4.62,1000000.0,1000000.0,0,0,0,0,0,0,0,0,0,0,15,2026-02-05 12:09:11.850271
RTM,49.44,49.43,49.45,100000000.0,100000000.0,0,0,0,0,0,0,0,0,0,0,16,2026-02-05 12:09:12.908491
RTM1C45,4.45,4.44,4.46,1000000.0,1000000.0,0,0,0,0,0,0,0,0,0,0,16,2026-02-05 12:09:12.908491
RTM1P45,0.02,0.01,0.03,1000000.0,1000000.0,0,0,0,0,0,0,0,0,0,0,16,2026-02-05 12:09:12.908491
RTM1C46,3.47,3.46,3.48,1000000.0,1000000.0,0,0,0,0,0,0,0,0,0,0,16,2026-02-05 12:09:12.908491
RTM1P46,0.03,0.02,0.04,1000000.0,1000000.0,0,0,0,0,0,0,0,0,0,0,16,2026-02-05 12:09:12.908491
RTM1C47,2.51,2.5,2.52,1000000.0,1000000.0,0,0,0,0,0,0,0,0,0,0,16,2026-02-05 12:09:12.908491
RTM1P47,0.07,0.06,0.08,1000000.0,1000000.0,0,0,0,0,0,0,0,0,0,0,16,2026-02-05 12:09:12.908491
RTM1C48,1.67,1.66,1.68,1000000.0,1000000.0,0,0,0,0,0,0,0,0,0,0,16,2026-02-05 12:09:12.908491
RTM1P48,0.23,0.22,0.24,1000000.0,1000000.0,0,0,0,0,0,0,0,0,0,0,16,2026-02-05 12:09:12.908491
RTM1C49,1.02,1.01,1.03,1000000.0,1000000.0,0,0,0,0,0,0,0,0,0,0,16,2026-02-05 12:09:12.908491
RTM1P49,0.58,0.57,0.59,1000000.0,1000000.0,0,0,0,0,0,0,0,0,0,0,16,2026-02-05 12:09:12.908491
RTM1C50,0.49,0.48,0.5,1000000.0,1000000.0,0,0,0,0,0,0,0,0,0,0,16,2026-02-05 12:09:12.908491
RTM1P50,1.05,1.04,1.06,1000000.0,1000000.0,0,0,0,0,0,0,0,0,0,0,16,2026-02-05 12:09:12.908491
RTM1C51,0.25,0.24,0.26,1000000.0,1000000.0,0,0,0,0,0,0,0,0,0,0,16,2026-02-05 12:09:12.908491
RTM1P51,1.8,1.79,1.81,1000000.0,1000000.0,0,0,0,0,0,0,0,0,0,0,16,2026-02-05 12:09:12.908491
RTM1C52,0.1,0.09,0.11,1000000.0,1000000.0,0,0,0,0,0,0,0,0,0,0,16,2026-02-05 12:09:12.908491
RTM1P52,2.66,2.65,2.67,1000000.0,1000000.0,0,0,0,0,0,0,0,0,0,0,16,2026-02-05 12:09:12.908491
RTM1C53,0.02,0.01,0.03,1000000.0,1000000.0,0,0,0,0,0,0,0,0,0,0,16,2026-02-05 12:09:12.908491
RTM1P53,3.58,3.57,3.59,1000000.0,1000000.0,0,0,0,0,0,0,0,0,0,0,16,2026-02-05 12:09:12.908491
RTM1C54,0.02,0.01,0.03,1000000.0,1000000.0,0,0,0,0,0,0,0,0,0,0,16,2026-02-05 12:09:12.908491
RTM1P54,4.57,4.56,4.58,1000000.0,1000000.0,0,0,0,0,0,0,0,0,0,0,16,2026-02-05 12:09:12.908491
RTM,49.45,49.44,49.46,100000000.0,100000000.0,0,0,0,0,0,0,0,0,0,0,17,2026-02-05 12:09:13.964255
RTM1C45,4.45,4.44,4.46,1000000.0,1000000.0,0,0,0,0,0,0,0,0,0,0,17,2026-02-05 12:09:13.964255
RTM1P45,0.02,0.01,0.03,1000000.0,1000000.0,0,0,0,0,0,0,0,0,0,0,17,2026-02-05 12:09:13.964255
RTM1C46,3.47,3.46,3.48,1000000.0,1000000.0,0,0,0,0,0,0,0,0,0,0,17,2026-02-05 12:09:13.964255
RTM1P46,0.02,0.01,0.03,1000000.0,1000000.0,0,0,0,0,0,0,0,0,0,0,17,2026-02-05 12:09:13.964255
RTM1C47,2.53,2.52,2.54,1000000.0,1000000.0,0,0,0,0,0,0,0,0,0,0,17,2026-02-05 12:09:13.964255
RTM1P47,0.08,0.07,0.09,1000000.0,1000000.0,0,0,0,0,0,0,0,0,0,0,17,2026-02-05 12:09:13.964255
RTM1C48,1.65,1.64,1.66,1000000.0,1000000.0,0,0,0,0,0,0,0,0,0,0,17,2026-02-05 12:09:13.964255
RTM1P48,0.2,0.19,0.21,1000000.0,1000000.0,0,0,0,0,0,0,0,0,0,0,17,2026-02-05 12:09:13.964255
RTM1C49,0.99,0.98,1.0,1000000.0,1000000.0,0,0,0,0,0,0,0,0,0,0,17,2026-02-05 12:09:13.964255
RTM1P49,0.54,0.53,0.55,1000000.0,1000000.0,0,0,0,0,0,0,0,0,0,0,17,2026-02-05 12:09:13.964255
RTM1C50,0.5,0.49,0.51,1000000.0,1000000.0,0,0,0,0,0,0,0,0,0,0,17,2026-02-05 12:09:13.964255
RTM1P50,1.05,1.04,1.06,1000000.0,1000000.0,0,0,0,0,0,0,0,0,0,0,17,2026-02-05 12:09:13.964255
RTM1C51,0.19,0.18,0.2,1000000.0,1000000.0,0,0,0,0,0,0,0,0,0,0,17,2026-02-05 12:09:13.964255
RTM1P51,1.74,1.73,1.75,1000000.0,1000000.0,0,0,0,0,0,0,0,0,0,0,17,2026-02-05 12:09:13.964255
RTM1C52,0.09,0.08,0.1,1000000.0,1000000.0,0,0,0,0,0,0,0,0,0,0,17,2026-02-05 12:09:13.964255
RTM1P52,2.64,2.63,2.65,1000000.0,1000000.0,0,0,0,0,0,0,0,0,0,0,17,2026-02-05 12:09:13.964255
RTM1C53,0.03,0.02,0.04,1000000.0,1000000.0,0,0,0,0,0,0,0,0,0,0,17,2026-02-05 12:09:13.964255
RTM1P53,3.57,3.56,3.58,1000000.0,1000000.0,0,0,0,0,0,0,0,0,0,0,17,2026-02-05 12:09:13.964255
RTM1C54,0.02,0.01,0.03,1000000.0,1000000.0,0,0,0,0,0,0,0,0,0,0,17,2026-02-05 12:09:13.964255
RTM1P54,4.55,4.54,4.56,1000000.0,1000000.0,0,0,0,0,0,0,0,0,0,0,17,2026-02-05 12:09:13.964255
RTM,49.46,49.45,49.47,100000000.0,100000000.0,0,0,0,0,0,0,0,0,0,0,18,2026-02-05 12:09:15.030222
RTM1C45,4.47,4.46,4.48,1000000.0,1000000.0,0,0,0,0,0,0,0,0,0,0,18,2026-02-05 12:09:15.030222
RTM1P45,0.02,0.01,0.03,1000000.0,1000000.0,0,0,0,0,0,0,0,0,0,0,18,2026-02-05 12:09:15.030222
RTM1C46,3.48,3.47,3.49,1000000.0,1000000.0,0,0,0,0,0,0,0,0,0,0,18,2026-02-05 12:09:15.030222
RTM1P46,0.02,0.01,0.03,1000000.0,1000000.0,0,0,0,0,0,0,0,0,0,0,18,2026-02-05 12:09:15.030222
RTM1C47,2.53,2.52,2.54,1000000.0,1000000.0,0,0,0,0,0,0,0,0,0,0,18,2026-02-05 12:09:15.030222
RTM1P47,0.07,0.06,0.08,1000000.0,1000000.0,0,0,0,0,0,0,0,0,0,0,18,2026-02-05 12:09:15.030222
RTM1C48,1.71,1.7,1.72,1000000.0,1000000.0,0,0,0,0,0,0,0,0,0,0,18,2026-02-05 12:09:15.030222
RTM1P48,0.24,0.23,0.25,1000000.0,1000000.0,0,0,0,0,0,0,0,0,0,0,18,2026-02-05 12:09:15.030222
RTM1C49,1.04,1.03,1.05,1000000.0,1000000.0,0,0,0,0,0,0,0,0,0,0,18,2026-02-05 12:09:15.030222
RTM1P49,0.58,0.57,0.59,1000000.0,1000000.0,0,0,0,0,0,0,0,0,0,0,18,2026-02-05 12:09:15.030222
RTM1C50,0.48,0.47,0.49,1000000.0,1000000.0,0,0,0,0,0,0,0,0,0,0,18,2026-02-05 12:09:15.030222
RTM1P50,1.02,1.01,1.03,1000000.0,1000000.0,0,0,0,0,0,0,0,0,0,0,18,2026-02-05 12:09:15.030222
RTM1C51,0.27,0.26,0.28,1000000.0,1000000.0,0,0,0,0,0,0,0,0,0,0,18,2026-02-05 12:09:15.030222
RTM1P51,1.8,1.79,1.81,1000000.0,1000000.0,0,0,0,0,0,0,0,0,0,0,18,2026-02-05 12:09:15.030222
RTM1C52,0.12,0.11,0.13,1000000.0,1000000.0,0,0,0,0,0,0,0,0,0,0,18,2026-02-05 12:09:15.030222
RTM1P52,2.65,2.64,2.66,1000000.0,1000000.0,0,0,0,0,0,0,0,0,0,0,18,2026-02-05 12:09:15.030222
RTM1C53,0.03,0.02,0.04,1000000.0,1000000.0,0,0,0,0,0,0,0,0,0,0,18,2026-02-05 12:09:15.030222
RTM1P53,3.57,3.56,3.58,1000000.0,1000000.0,0,0,0,0,0,0,0,0,0,0,18,2026-02-05 12:09:15.030222
RTM1C54,0.02,0.01,0.03,1000000.0,1000000.0,0,0,0,0,0,0,0,0,0,0,18,2026-02-05 12:09:15.030222
RTM1P54,4.55,4.54,4.56,1000000.0,1000000.0,0,0,0,0,0,0,0,0,0,0,18,2026-02-05 12:09:15.030222
RTM,49.5,49.49,49.51,100000000.0,100000000.0,0,0,0,0,0,0,0,0,0,0,19,2026-02-05 12:09:16.082027
RTM1C45,4.5,4.49,4.51,1000000.0,1000000.0,0,0,0,0,0,0,0,0,0,0,19,2026-02-05 12:09:16.082027
RTM1P45,0.02,0.01,0.03,1000000.0,1000000.0,0,0,0,0,0,0,0,0,0,0,19,2026-02-05 12:09:16.082027
RTM1C46,3.52,3.51,3.53,1000000.0,1000000.0,0,0,0,0,0,0,0,0,0,0,19,2026-02-05 12:09:16.082027
RTM1P46,0.03,0.02,0.04,1000000.0,1000000.0,0,0,0,0,0,0,0,0,0,0,19,2026-02-05 12:09:16.082027
RTM1C47,2.56,2.55,2.57,1000000.0,1000000.0,0,0,0,0,0,0,0,0,0,0,19,2026-02-05 12:09:16.082027
RTM1P47,0.06,0.05,0.07,1000000.0,1000000.0,0,0,0,0,0,0,0,0,0,0,19,2026-02-05 12:09:16.082027
RTM1C48,1.71,1.7,1.72,1000000.0,1000000.0,0,0,0,0,0,0,0,0,0,0,19,2026-02-05 12:09:16.082027
RTM1P48,0.21,0.2,0.22,1000000.0,1000000.0,0,0,0,0,0,0,0,0,0,0,19,2026-02-05 12:09:16.082027
RTM1C49,1.02,1.01,1.03,1000000.0,1000000.0,0,0,0,0,0,0,0,0,0,0,19,2026-02-05 12:09:16.082027
RTM1P49,0.52,0.51,0.53,1000000.0,1000000.0,0,0,0,0,0,0,0,0,0,0,19,2026-02-05 12:09:16.082027
RTM1C50,0.52,0.51,0.53,1000000.0,1000000.0,0,0,0,0,0,0,0,0,0,0,19,2026-02-05 12:09:16.082027
RTM1P50,1.02,1.01,1.03,1000000.0,1000000.0,0,0,0,0,0,0,0,0,0,0,19,2026-02-05 12:09:16.082027
RTM1C51,0.24,0.23,0.25,1000000.0,1000000.0,0,0,0,0,0,0,0,0,0,0,19,2026-02-05 12:09:16.082027
RTM1P51,1.74,1.73,1.75,1000000.0,1000000.0,0,0,0,0,0,0,0,0,0,0,19,2026-02-05 12:09:16.082027
RTM1C52,0.08,0.07,0.09,1000000.0,1000000.0,0,0,0,0,0,0,0,0,0,0,19,2026-02-05 12:09:16.082027
RTM1P52,2.58,2.57,2.59,1000000.0,1000000.0,0,0,0,0,0,0,0,0,0,0,19,2026-02-05 12:09:16.082027
RTM1C53,0.03,0.02,0.04,1000000.0,1000000.0,0,0,0,0,0,0,0,0,0,0,19,2026-02-05 12:09:16.082027
RTM1P53,3.53,3.52,3.54,1000000.0,1000000.0,0,0,0,0,0,0,0,0,0,0,19,2026-02-05 12:09:16.082027
RTM1C54,0.02,0.01,0.03,1000000.0,1000000.0,0,0,0,0,0,0,0,0,0,0,19,2026-02-05 12:09:16.082027
RTM1P54,4.51,4.5,4.52,1000000.0,1000000.0,0,0,0,0,0,0,0,0,0,0,19,2026-02-05 12:09:16.082027
RTM,49.65,49.65,49.67,100000000.0,100000000.0,0,0,0,0,0,0,0,0,0,0,20,2026-02-05 12:09:17.140176
RTM1C45,4.67,4.66,4.68,1000000.0,1000000.0,0,0,0,0,0,0,0,0,0,0,20,2026-02-05 12:09:17.140176
RTM1P45,0.02,0.01,0.03,1000000.0,1000000.0,0,0,0,0,0,0,0,0,0,0,20,2026-02-05 12:09:17.140176
RTM1C46,3.68,3.67,3.69,1000000.0,1000000.0,0,0,0,0,0,0,0,0,0,0,20,2026-02-05 12:09:17.140176
RTM1P46,0.02,0.01,0.03,1000000.0,1000000.0,0,0,0,0,0,0,0,0,0,0,20,2026-02-05 12:09:17.140176
RTM1C47,2.74,2.73,2.75,1000000.0,1000000.0,0,0,0,0,0,0,0,0,0,0,20,2026-02-05 12:09:17.140176
RTM1P47,0.07,0.06,0.08,1000000.0,1000000.0,0,0,0,0,0,0,0,0,0,0,20,2026-02-05 12:09:17.140176
RTM1C48,1.86,1.85,1.87,1000000.0,1000000.0,0,0,0,0,0,0,0,0,0,0,20,2026-02-05 12:09:17.140176
RTM1P48,0.2,0.19,0.21,1000000.0,1000000.0,0,0,0,0,0,0,0,0,0,0,20,2026-02-05 12:09:17.140176
RTM1C49,1.19,1.18,1.2,1000000.0,1000000.0,0,0,0,0,0,0,0,0,0,0,20,2026-02-05 12:09:17.140176
RTM1P49,0.53,0.52,0.54,1000000.0,1000000.0,0,0,0,0,0,0,0,0,0,0,20,2026-02-05 12:09:17.140176
RTM1C50,0.67,0.66,0.68,1000000.0,1000000.0,0,0,0,0,0,0,0,0,0,0,20,2026-02-05 12:09:17.140176
RTM1P50,1.0,0.99,1.01,1000000.0,1000000.0,0,0,0,0,0,0,0,0,0,0,20,2026-02-05 12:09:17.140176
RTM1C51,0.28,0.27,0.29,1000000.0,1000000.0,0,0,0,0,0,0,0,0,0,0,20,2026-02-05 12:09:17.140176
RTM1P51,1.62,1.61,1.63,1000000.0,1000000.0,0,0,0,0,0,0,0,0,0,0,20,2026-02-05 12:09:17.140176
RTM1C52,0.09,0.08,0.1,1000000.0,1000000.0,0,0,0,0,0,0,0,0,0,0,20,2026-02-05 12:09:17.140176
RTM1P52,2.43,2.42,2.44,1000000.0,1000000.0,0,0,0,0,0,0,0,0,0,0,20,2026-02-05 12:09:17.140176
RTM1C53,0.05,0.04,0.06,1000000.0,1000000.0,0,0,0,0,0,0,0,0,0,0,20,2026-02-05 12:09:17.140176
RTM1P53,3.39,3.38,3.4,1000000.0,1000000.0,0,0,0,0,0,0,0,0,0,0,20,2026-02-05 12:09:17.140176
RTM1C54,0.02,0.01,0.03,1000000.0,1000000.0,0,0,0,0,0,0,0,0,0,0,20,2026-02-05 12:09:17.140176
RTM1P54,4.34,4.33,4.35,1000000.0,1000000.0,0,0,0,0,0,0,0,0,0,0,20,2026-02-05 12:09:17.140176
RTM,49.47,49.46,49.48,100000000.0,100000000.0,0,0,0,0,0,0,0,0,0,0,21,2026-02-05 12:09:17.845586
RTM1C45,4.48,4.47,4.49,1000000.0,1000000.0,0,0,0,0,0,0,0,0,0,0,21,2026-02-05 12:09:17.845586
RTM1P45,0.02,0.01,0.03,1000000.0,1000000.0,0,0,0,0,0,0,0,0,0,0,21,2026-02-05 12:09:17.845586
RTM1C46,3.49,3.48,3.5,1000000.0,1000000.0,0,0,0,0,0,0,0,0,0,0,21,2026-02-05 12:09:17.845586
RTM1P46,0.02,0.01,0.03,1000000.0,1000000.0,0,0,0,0,0,0,0,0,0,0,21,2026-02-05 12:09:17.845586
RTM1C47,2.54,2.53,2.55,1000000.0,1000000.0,0,0,0,0,0,0,0,0,0,0,21,2026-02-05 12:09:17.845586
RTM1P47,0.07,0.06,0.08,1000000.0,1000000.0,0,0,0,0,0,0,0,0,0,0,21,2026-02-05 12:09:17.845586
RTM1C48,1.73,1.72,1.74,1000000.0,1000000.0,0,0,0,0,0,0,0,0,0,0,21,2026-02-05 12:09:17.845586
RTM1P48,0.26,0.25,0.27,1000000.0,1000000.0,0,0,0,0,0,0,0,0,0,0,21,2026-02-05 12:09:17.845586
RTM1C49,1.03,1.02,1.04,1000000.0,1000000.0,0,0,0,0,0,0,0,0,0,0,21,2026-02-05 12:09:17.845586
RTM1P49,0.56,0.55,0.57,1000000.0,1000000.0,0,0,0,0,0,0,0,0,0,0,21,2026-02-05 12:09:17.845586
RTM1C50,0.53,0.52,0.54,1000000.0,1000000.0,0,0,0,0,0,0,0,0,0,0,21,2026-02-05 12:09:17.845586
RTM1P50,1.06,1.05,1.07,1000000.0,1000000.0,0,0,0,0,0,0,0,0,0,0,21,2026-02-05 12:09:17.845586
RTM1C51,0.25,0.24,0.26,1000000.0,1000000.0,0,0,0,0,0,0,0,0,0,0,21,2026-02-05 12:09:17.845586
RTM1P51,1.79,1.78,1.8,1000000.0,1000000.0,0,0,0,0,0,0,0,0,0,0,21,2026-02-05 12:09:17.845586
RTM1C52,0.1,0.09,0.11,1000000.0,1000000.0,0,0,0,0,0,0,0,0,0,0,21,2026-02-05 12:09:17.845586
RTM1P52,2.63,2.62,2.64,1000000.0,1000000.0,0,0,0,0,0,0,0,0,0,0,21,2026-02-05 12:09:17.845586
RTM1C53,0.03,0.02,0.04,1000000.0,1000000.0,0,0,0,0,0,0,0,0,0,0,21,2026-02-05 12:09:17.845586
RTM1P53,3.56,3.55,3.57,1000000.0,1000000.0,0,0,0,0,0,0,0,0,0,0,21,2026-02-05 12:09:17.845586
RTM1C54,0.02,0.01,0.03,1000000.0,1000000.0,0,0,0,0,0,0,0,0,0,0,21,2026-02-05 12:09:17.845586
RTM1P54,4.54,4.53,4.55,1000000.0,1000000.0,0,0,0,0,0,0,0,0,0,0,21,2026-02-05 12:09:17.845586
RTM,49.24,49.23,49.25,100000000.0,100000000.0,0,0,0,0,0,0,0,0,0,0,22,2026-02-05 12:09:18.914508
RTM1C45,4.24,4.23,4.25,1000000.0,1000000.0,0,0,0,0,0,0,0,0,0,0,22,2026-02-05 12:09:18.914508
RTM1P45,0.02,0.01,0.03,1000000.0,1000000.0,0,0,0,0,0,0,0,0,0,0,22,2026-02-05 12:09:18.914508
RTM1C46,3.27,3.26,3.28,1000000.0,1000000.0,0,0,0,0,0,0,0,0,0,0,22,2026-02-05 12:09:18.914508
RTM1P46,0.03,0.02,0.04,1000000.0,1000000.0,0,0,0,0,0,0,0,0,0,0,22,2026-02-05 12:09:18.914508
RTM1C47,2.33,2.32,2.34,1000000.0,1000000.0,0,0,0,0,0,0,0,0,0,0,22,2026-02-05 12:09:18.914508
RTM1P47,0.09,0.08,0.1,1000000.0,1000000.0,0,0,0,0,0,0,0,0,0,0,22,2026-02-05 12:09:18.914508
RTM1C48,1.58,1.57,1.59,1000000.0,1000000.0,0,0,0,0,0,0,0,0,0,0,22,2026-02-05 12:09:18.914508
RTM1P48,0.34,0.33,0.35,1000000.0,1000000.0,0,0,0,0,0,0,0,0,0,0,22,2026-02-05 12:09:18.914508
RTM1C49,0.8,0.79,0.81,1000000.0,1000000.0,0,0,0,0,0,0,0,0,0,0,22,2026-02-05 12:09:18.914508
RTM1P49,0.56,0.55,0.57,1000000.0,1000000.0,0,0,0,0,0,0,0,0,0,0,22,2026-02-05 12:09:18.914508
RTM1C50,0.44,0.43,0.45,1000000.0,1000000.0,0,0,0,0,0,0,0,0,0,0,22,2026-02-05 12:09:18.914508
RTM1P50,1.2,1.19,1.21,1000000.0,1000000.0,0,0,0,0,0,0,0,0,0,0,22,2026-02-05 12:09:18.914508
RTM1C51,0.21,0.2,0.22,1000000.0,1000000.0,0,0,0,0,0,0,0,0,0,0,22,2026-02-05 12:09:18.914508
RTM1P51,1.97,1.96,1.98,1000000.0,1000000.0,0,0,0,0,0,0,0,0,0,0,22,2026-02-05 12:09:18.914508
RTM1C52,0.09,0.08,0.1,1000000.0,1000000.0,0,0,0,0,0,0,0,0,0,0,22,2026-02-05 12:09:18.914508
RTM1P52,2.86,2.85,2.87,1000000.0,1000000.0,0,0,0,0,0,0,0,0,0,0,22,2026-02-05 12:09:18.914508
RTM1C53,0.03,0.02,0.04,1000000.0,1000000.0,0,0,0,0,0,0,0,0,0,0,22,2026-02-05 12:09:18.914508
RTM1P53,3.79,3.78,3.8,1000000.0,1000000.0,0,0,0,0,0,0,0,0,0,0,22,2026-02-05 12:09:18.914508
RTM1C54,0.02,0.01,0.03,1000000.0,1000000.0,0,0,0,0,0,0,0,0,0,0,22,2026-02-05 12:09:18.914508
RTM1P54,4.77,4.76,4.78,1000000.0,1000000.0,0,0,0,0,0,0,0,0,0,0,22,2026-02-05 12:09:18.914508
RTM,49.13,49.12,49.14,100000000.0,100000000.0,0,0,0,0,0,0,0,0,0,0,23,2026-02-05 12:09:19.980606
RTM1C45,4.14,4.13,4.15,1000000.0,1000000.0,0,0,0,0,0,0,0,0,0,0,23,2026-02-05 12:09:19.980606
RTM1P45,0.02,0.01,0.03,1000000.0,1000000.0,0,0,0,0,0,0,0,0,0,0,23,2026-02-05 12:09:19.980606
RTM1C46,3.17,3.16,3.18,1000000.0,1000000.0,0,0,0,0,0,0,0,0,0,0,23,2026-02-05 12:09:19.980606
RTM1P46,0.04,0.03,0.05,1000000.0,1000000.0,0,0,0,0,0,0,0,0,0,0,23,2026-02-05 12:09:19.980606
RTM1C47,2.25,2.24,2.26,1000000.0,1000000.0,0,0,0,0,0,0,0,0,0,0,23,2026-02-05 12:09:19.980606
RTM1P47,0.12,0.11,0.13,1000000.0,1000000.0,0,0,0,0,0,0,0,0,0,0,23,2026-02-05 12:09:19.980606
RTM1C48,1.44,1.43,1.45,1000000.0,1000000.0,0,0,0,0,0,0,0,0,0,0,23,2026-02-05 12:09:19.980606
RTM1P48,0.31,0.3,0.32,1000000.0,1000000.0,0,0,0,0,0,0,0,0,0,0,23,2026-02-05 12:09:19.980606
RTM1C49,0.77,0.76,0.78,1000000.0,1000000.0,0,0,0,0,0,0,0,0,0,0,23,2026-02-05 12:09:19.980606
RTM1P49,0.64,0.63,0.65,1000000.0,1000000.0,0,0,0,0,0,0,0,0,0,0,23,2026-02-05 12:09:19.980606
RTM1C50,0.42,0.41,0.43,1000000.0,1000000.0,0,0,0,0,0,0,0,0,0,0,23,2026-02-05 12:09:19.980606
RTM1P50,1.29,1.28,1.3,1000000.0,1000000.0,0,0,0,0,0,0,0,0,0,0,23,2026-02-05 12:09:19.980606
RTM1C51,0.17,0.16,0.18,1000000.0,1000000.0,0,0,0,0,0,0,0,0,0,0,23,2026-02-05 12:09:19.980606
RTM1P51,2.04,2.03,2.05,1000000.0,1000000.0,0,0,0,0,0,0,0,0,0,0,23,2026-02-05 12:09:19.980606
RTM1C52,0.07,0.06,0.08,1000000.0,1000000.0,0,0,0,0,0,0,0,0,0,0,23,2026-02-05 12:09:19.980606
RTM1P52,2.94,2.93,2.95,1000000.0,1000000.0,0,0,0,0,0,0,0,0,0,0,23,2026-02-05 12:09:19.980606
RTM1C53,0.03,0.02,0.04,1000000.0,1000000.0,0,0,0,0,0,0,0,0,0,0,23,2026-02-05 12:09:19.980606
RTM1P53,3.9,3.89,3.91,1000000.0,1000000.0,0,0,0,0,0,0,0,0,0,0,23,2026-02-05 12:09:19.980606
RTM1C54,0.02,0.01,0.03,1000000.0,1000000.0,0,0,0,0,0,0,0,0,0,0,23,2026-02-05 12:09:19.980606
RTM1P54,4.87,4.86,4.88,1000000.0,1000000.0,0,0,0,0,0,0,0,0,0,0,23,2026-02-05 12:09:19.980606
RTM,49.45,49.44,49.46,100000000.0,100000000.0,0,0,0,0,0,0,0,0,0,0,24,2026-02-05 12:09:21.051859
RTM1C45,4.45,4.44,4.46,1000000.0,1000000.0,0,0,0,0,0,0,0,0,0,0,24,2026-02-05 12:09:21.051859
RTM1P45,0.02,0.01,0.03,1000000.0,1000000.0,0,0,0,0,0,0,0,0,0,0,24,2026-02-05 12:09:21.051859
RTM1C46,3.47,3.46,3.48,1000000.0,1000000.0,0,0,0,0,0,0,0,0,0,0,24,2026-02-05 12:09:21.051859
RTM1P46,0.03,0.02,0.04,1000000.0,1000000.0,0,0,0,0,0,0,0,0,0,0,24,2026-02-05 12:09:21.051859
RTM1C47,2.54,2.53,2.55,1000000.0,1000000.0,0,0,0,0,0,0,0,0,0,0,24,2026-02-05 12:09:21.051859
RTM1P47,0.1,0.09,0.11,1000000.0,1000000.0,0,0,0,0,0,0,0,0,0,0,24,2026-02-05 12:09:21.051859
RTM1C48,1.73,1.72,1.74,1000000.0,1000000.0,0,0,0,0,0,0,0,0,0,0,24,2026-02-05 12:09:21.051859
RTM1P48,0.29,0.28,0.3,1000000.0,1000000.0,0,0,0,0,0,0,0,0,0,0,24,2026-02-05 12:09:21.051859
RTM1C49,0.95,0.94,0.96,1000000.0,1000000.0,0,0,0,0,0,0,0,0,0,0,24,2026-02-05 12:09:21.051859
RTM1P49,0.51,0.5,0.52,1000000.0,1000000.0,0,0,0,0,0,0,0,0,0,0,24,2026-02-05 12:09:21.051859
RTM1C50,0.53,0.52,0.54,1000000.0,1000000.0,0,0,0,0,0,0,0,0,0,0,24,2026-02-05 12:09:21.051859
RTM1P50,1.09,1.08,1.1,1000000.0,1000000.0,0,0,0,0,0,0,0,0,0,0,24,2026-02-05 12:09:21.051859
RTM1C51,0.23,0.22,0.24,1000000.0,1000000.0,0,0,0,0,0,0,0,0,0,0,24,2026-02-05 12:09:21.051859
RTM1P51,1.78,1.77,1.79,1000000.0,1000000.0,0,0,0,0,0,0,0,0,0,0,24,2026-02-05 12:09:21.051859
RTM1C52,0.09,0.08,0.1,1000000.0,1000000.0,0,0,0,0,0,0,0,0,0,0,24,2026-02-05 12:09:21.051859
RTM1P52,2.64,2.63,2.65,1000000.0,1000000.0,0,0,0,0,0,0,0,0,0,0,24,2026-02-05 12:09:21.051859
RTM1C53,0.04,0.03,0.05,1000000.0,1000000.0,0,0,0,0,0,0,0,0,0,0,24,2026-02-05 12:09:21.051859
RTM1P53,3.6,3.59,3.61,1000000.0,1000000.0,0,0,0,0,0,0,0,0,0,0,24,2026-02-05 12:09:21.051859
RTM1C54,0.02,0.01,0.03,1000000.0,1000000.0,0,0,0,0,0,0,0,0,0,0,24,2026-02-05 12:09:21.051859
RTM1P54,4.57,4.56,4.58,1000000.0,1000000.0,0,0,0,0,0,0,0,0,0,0,24,2026-02-05 12:09:21.051859
RTM,49.48,49.47,49.49,100000000.0,100000000.0,0,0,0,0,0,0,0,0,0,0,25,2026-02-05 12:09:22.105396
RTM1C45,4.49,4.48,4.5,1000000.0,1000000.0,0,0,0,0,0,0,0,0,0,0,25,2026-02-05 12:09:22.105396
RTM1P45,0.02,0.01,0.03,1000000.0,1000000.0,0,0,0,0,0,0,0,0,0,0,25,2026-02-05 12:09:22.105396
RTM1C46,3.51,3.5,3.52,1000000.0,1000000.0,0,0,0,0,0,0,0,0,0,0,25,2026-02-05 12:09:22.105396
RTM1P46,0.02,0.01,0.03,1000000.0,1000000.0,0,0,0,0,0,0,0,0,0,0,25,2026-02-05 12:09:22.105396
RTM1C47,2.59,2.58,2.6,1000000.0,1000000.0,0,0,0,0,0,0,0,0,0,0,25,2026-02-05 12:09:22.105396
RTM1P47,0.1,0.09,0.11,1000000.0,1000000.0,0,0,0,0,0,0,0,0,0,0,25,2026-02-05 12:09:22.105396
RTM1C48,1.76,1.75,1.77,1000000.0,1000000.0,0,0,0,0,0,0,0,0,0,0,25,2026-02-05 12:09:22.105396
RTM1P48,0.27,0.26,0.28,1000000.0,1000000.0,0,0,0,0,0,0,0,0,0,0,25,2026-02-05 12:09:22.105396
RTM1C49,1.03,1.02,1.04,1000000.0,1000000.0,0,0,0,0,0,0,0,0,0,0,25,2026-02-05 12:09:22.105396
RTM1P49,0.54,0.53,0.55,1000000.0,1000000.0,0,0,0,0,0,0,0,0,0,0,25,2026-02-05 12:09:22.105396
RTM1C50,0.56,0.55,0.57,1000000.0,1000000.0,0,0,0,0,0,0,0,0,0,0,25,2026-02-05 12:09:22.105396
RTM1P50,1.08,1.07,1.09,1000000.0,1000000.0,0,0,0,0,0,0,0,0,0,0,25,2026-02-05 12:09:22.105396
RTM1C51,0.27,0.26,0.28,1000000.0,1000000.0,0,0,0,0,0,0,0,0,0,0,25,2026-02-05 12:09:22.105396
RTM1P51,1.78,1.77,1.79,1000000.0,1000000.0,0,0,0,0,0,0,0,0,0,0,25,2026-02-05 12:09:22.105396
RTM1C52,0.12,0.11,0.13,1000000.0,1000000.0,0,0,0,0,0,0,0,0,0,0,25,2026-02-05 12:09:22.105396
RTM1P52,2.64,2.63,2.65,1000000.0,1000000.0,0,0,0,0,0,0,0,0,0,0,25,2026-02-05 12:09:22.105396
RTM1C53,0.05,0.04,0.06,1000000.0,1000000.0,0,0,0,0,0,0,0,0,0,0,25,2026-02-05 12:09:22.105396
RTM1P53,3.56,3.55,3.57,1000000.0,1000000.0,0,0,0,0,0,0,0,0,0,0,25,2026-02-05 12:09:22.105396
RTM1C54,0.02,0.01,0.03,1000000.0,1000000.0,0,0,0,0,0,0,0,0,0,0,25,2026-02-05 12:09:22.105396
RTM1P54,4.53,4.52,4.54,1000000.0,1000000.0,0,0,0,0,0,0,0,0,0,0,25,2026-02-05 12:09:22.105396
RTM,49.23,49.22,49.24,100000000.0,100000000.0,0,0,0,0,0,0,0,0,0,0,26,2026-02-05 12:09:23.169056
RTM1C45,4.25,4.24,4.26,1000000.0,1000000.0,0,0,0,0,0,0,0,0,0,0,26,2026-02-05 12:09:23.169056
RTM1P45,0.02,0.01,0.03,1000000.0,1000000.0,0,0,0,0,0,0,0,0,0,0,26,2026-02-05 12:09:23.169056
RTM1C46,3.27,3.26,3.28,1000000.0,1000000.0,0,0,0,0,0,0,0,0,0,0,26,2026-02-05 12:09:23.169056
RTM1P46,0.04,0.03,0.05,1000000.0,1000000.0,0,0,0,0,0,0,0,0,0,0,26,2026-02-05 12:09:23.169056
RTM1C47,2.34,2.33,2.35,1000000.0,1000000.0,0,0,0,0,0,0,0,0,0,0,26,2026-02-05 12:09:23.169056
RTM1P47,0.11,0.1,0.12,1000000.0,1000000.0,0,0,0,0,0,0,0,0,0,0,26,2026-02-05 12:09:23.169056
RTM1C48,1.55,1.54,1.56,1000000.0,1000000.0,0,0,0,0,0,0,0,0,0,0,26,2026-02-05 12:09:23.169056
RTM1P48,0.31,0.3,0.32,1000000.0,1000000.0,0,0,0,0,0,0,0,0,0,0,26,2026-02-05 12:09:23.169056
RTM1C49,0.9,0.89,0.91,1000000.0,1000000.0,0,0,0,0,0,0,0,0,0,0,26,2026-02-05 12:09:23.169056
RTM1P49,0.67,0.66,0.68,1000000.0,1000000.0,0,0,0,0,0,0,0,0,0,0,26,2026-02-05 12:09:23.169056
RTM1C50,0.46,0.45,0.47,1000000.0,1000000.0,0,0,0,0,0,0,0,0,0,0,26,2026-02-05 12:09:23.169056
RTM1P50,1.23,1.22,1.24,1000000.0,1000000.0,0,0,0,0,0,0,0,0,0,0,26,2026-02-05 12:09:23.169056
RTM1C51,0.23,0.22,0.24,1000000.0,1000000.0,0,0,0,0,0,0,0,0,0,0,26,2026-02-05 12:09:23.169056
RTM1P51,2.0,1.99,2.01,1000000.0,1000000.0,0,0,0,0,0,0,0,0,0,0,26,2026-02-05 12:09:23.169056
RTM1C52,0.08,0.07,0.09,1000000.0,1000000.0,0,0,0,0,0,0,0,0,0,0,26,2026-02-05 12:09:23.169056
RTM1P52,2.84,2.83,2.85,1000000.0,1000000.0,0,0,0,0,0,0,0,0,0,0,26,2026-02-05 12:09:23.169056
RTM1C53,0.02,0.01,0.03,1000000.0,1000000.0,0,0,0,0,0,0,0,0,0,0,26,2026-02-05 12:09:23.169056
RTM1P53,3.79,3.78,3.8,1000000.0,1000000.0,0,0,0,0,0,0,0,0,0,0,26,2026-02-05 12:09:23.169056
RTM1C54,0.02,0.01,0.03,1000000.0,1000000.0,0,0,0,0,0,0,0,0,0,0,26,2026-02-05 12:09:23.169056
RTM1P54,4.78,4.77,4.79,1000000.0,1000000.0,0,0,0,0,0,0,0,0,0,0,26,2026-02-05 12:09:23.169056
RTM,49.15,49.14,49.16,100000000.0,100000000.0,0,0,0,0,0,0,0,0,0,0,27,2026-02-05 12:09:23.859451
RTM1C45,4.16,4.15,4.17,1000000.0,1000000.0,0,0,0,0,0,0,0,0,0,0,27,2026-02-05 12:09:23.859451
RTM1P45,0.02,0.01,0.03,1000000.0,1000000.0,0,0,0,0,0,0,0,0,0,0,27,2026-02-05 12:09:23.859451
RTM1C46,3.19,3.18,3.2,1000000.0,1000000.0,0,0,0,0,0,0,0,0,0,0,27,2026-02-05 12:09:23.859451
RTM1P46,0.04,0.03,0.05,1000000.0,1000000.0,0,0,0,0,0,0,0,0,0,0,27,2026-02-05 12:09:23.859451
RTM1C47,2.29,2.28,2.3,1000000.0,1000000.0,0,0,0,0,0,0,0,0,0,0,27,2026-02-05 12:09:23.859451
RTM1P47,0.13,0.12,0.14,1000000.0,1000000.0,0,0,0,0,0,0,0,0,0,0,27,2026-02-05 12:09:23.859451
RTM1C48,1.52,1.51,1.53,1000000.0,1000000.0,0,0,0,0,0,0,0,0,0,0,27,2026-02-05 12:09:23.859451
RTM1P48,0.37,0.36,0.38,1000000.0,1000000.0,0,0,0,0,0,0,0,0,0,0,27,2026-02-05 12:09:23.859451
RTM1C49,0.85,0.84,0.86,1000000.0,1000000.0,0,0,0,0,0,0,0,0,0,0,27,2026-02-05 12:09:23.859451
RTM1P49,0.7,0.69,0.71,1000000.0,1000000.0,0,0,0,0,0,0,0,0,0,0,27,2026-02-05 12:09:23.859451
RTM1C50,0.47,0.46,0.48,1000000.0,1000000.0,0,0,0,0,0,0,0,0,0,0,27,2026-02-05 12:09:23.859451
RTM1P50,1.32,1.31,1.33,1000000.0,1000000.0,0,0,0,0,0,0,0,0,0,0,27,2026-02-05 12:09:23.859451
RTM1C51,0.2,0.19,0.21,1000000.0,1000000.0,0,0,0,0,0,0,0,0,0,0,27,2026-02-05 12:09:23.859451
RTM1P51,2.05,2.04,2.06,1000000.0,1000000.0,0,0,0,0,0,0,0,0,0,0,27,2026-02-05 12:09:23.859451
RTM1C52,0.07,0.06,0.08,1000000.0,1000000.0,0,0,0,0,0,0,0,0,0,0,27,2026-02-05 12:09:23.859451
RTM1P52,2.92,2.91,2.93,1000000.0,1000000.0,0,0,0,0,0,0,0,0,0,0,27,2026-02-05 12:09:23.859451
RTM1C53,0.03,0.02,0.04,1000000.0,1000000.0,0,0,0,0,0,0,0,0,0,0,27,2026-02-05 12:09:23.859451
RTM1P53,3.88,3.87,3.89,1000000.0,1000000.0,0,0,0,0,0,0,0,0,0,0,27,2026-02-05 12:09:23.859451
RTM1C54,0.02,0.01,0.03,1000000.0,1000000.0,0,0,0,0,0,0,0,0,0,0,27,2026-02-05 12:09:23.859451
RTM1P54,4.86,4.85,4.87,1000000.0,1000000.0,0,0,0,0,0,0,0,0,0,0,27,2026-02-05 12:09:23.859451
RTM,49.04,49.03,49.05,100000000.0,100000000.0,0,0,0,0,0,0,0,0,0,0,28,2026-02-05 12:09:24.927033
RTM1C45,4.05,4.04,4.06,1000000.0,1000000.0,0,0,0,0,0,0,0,0,0,0,28,2026-02-05 12:09:24.927033
RTM1P45,0.02,0.01,0.03,1000000.0,1000000.0,0,0,0,0,0,0,0,0,0,0,28,2026-02-05 12:09:24.927033
RTM1C46,3.09,3.08,3.1,1000000.0,1000000.0,0,0,0,0,0,0,0,0,0,0,28,2026-02-05 12:09:24.927033
RTM1P46,0.05,0.04,0.06,1000000.0,1000000.0,0,0,0,0,0,0,0,0,0,0,28,2026-02-05 12:09:24.927033
RTM1C47,2.21,2.2,2.22,1000000.0,1000000.0,0,0,0,0,0,0,0,0,0,0,28,2026-02-05 12:09:24.927033
RTM1P47,0.17,0.16,0.18,1000000.0,1000000.0,0,0,0,0,0,0,0,0,0,0,28,2026-02-05 12:09:24.927033
RTM1C48,1.41,1.4,1.42,1000000.0,1000000.0,0,0,0,0,0,0,0,0,0,0,28,2026-02-05 12:09:24.927033
RTM1P48,0.36,0.35,0.37,1000000.0,1000000.0,0,0,0,0,0,0,0,0,0,0,28,2026-02-05 12:09:24.927033
RTM1C49,0.77,0.76,0.78,1000000.0,1000000.0,0,0,0,0,0,0,0,0,0,0,28,2026-02-05 12:09:24.927033
RTM1P49,0.73,0.72,0.74,1000000.0,1000000.0,0,0,0,0,0,0,0,0,0,0,28,2026-02-05 12:09:24.927033
RTM1C50,0.44,0.43,0.45,1000000.0,1000000.0,0,0,0,0,0,0,0,0,0,0,28,2026-02-05 12:09:24.927033
RTM1P50,1.4,1.39,1.41,1000000.0,1000000.0,0,0,0,0,0,0,0,0,0,0,28,2026-02-05 12:09:24.927033
RTM1C51,0.19,0.18,0.2,1000000.0,1000000.0,0,0,0,0,0,0,0,0,0,0,28,2026-02-05 12:09:24.927033
RTM1P51,2.15,2.14,2.16,1000000.0,1000000.0,0,0,0,0,0,0,0,0,0,0,28,2026-02-05 12:09:24.927033
RTM1C52,0.08,0.07,0.09,1000000.0,1000000.0,0,0,0,0,0,0,0,0,0,0,28,2026-02-05 12:09:24.927033
RTM1P52,3.04,3.03,3.05,1000000.0,1000000.0,0,0,0,0,0,0,0,0,0,0,28,2026-02-05 12:09:24.927033
RTM1C53,0.02,0.01,0.03,1000000.0,1000000.0,0,0,0,0,0,0,0,0,0,0,28,2026-02-05 12:09:24.927033
RTM1P53,3.98,3.97,3.99,1000000.0,1000000.0,0,0,0,0,0,0,0,0,0,0,28,2026-02-05 12:09:24.927033
RTM1C54,0.02,0.01,0.03,1000000.0,1000000.0,0,0,0,0,0,0,0,0,0,0,28,2026-02-05 12:09:24.927033
RTM1P54,4.96,4.95,4.97,1000000.0,1000000.0,0,0,0,0,0,0,0,0,0,0,28,2026-02-05 12:09:24.927033
RTM,49.04,49.03,49.05,100000000.0,100000000.0,0,0,0,0,0,0,0,0,0,0,29,2026-02-05 12:09:26.001370
RTM1C45,4.05,4.04,4.06,1000000.0,1000000.0,0,0,0,0,0,0,0,0,0,0,29,2026-02-05 12:09:26.001370
RTM1P45,0.02,0.01,0.03,1000000.0,1000000.0,0,0,0,0,0,0,0,0,0,0,29,2026-02-05 12:09:26.001370
RTM1C46,3.09,3.08,3.1,1000000.0,1000000.0,0,0,0,0,0,0,0,0,0,0,29,2026-02-05 12:09:26.001370
RTM1P46,0.05,0.04,0.06,1000000.0,1000000.0,0,0,0,0,0,0,0,0,0,0,29,2026-02-05 12:09:26.001370
RTM1C47,2.19,2.18,2.2,1000000.0,1000000.0,0,0,0,0,0,0,0,0,0,0,29,2026-02-05 12:09:26.001370
RTM1P47,0.14,0.13,0.15,1000000.0,1000000.0,0,0,0,0,0,0,0,0,0,0,29,2026-02-05 12:09:26.001370
RTM1C48,1.42,1.41,1.43,1000000.0,1000000.0,0,0,0,0,0,0,0,0,0,0,29,2026-02-05 12:09:26.001370
RTM1P48,0.38,0.37,0.39,1000000.0,1000000.0,0,0,0,0,0,0,0,0,0,0,29,2026-02-05 12:09:26.001370
RTM1C49,0.84,0.83,0.85,1000000.0,1000000.0,0,0,0,0,0,0,0,0,0,0,29,2026-02-05 12:09:26.001370
RTM1P49,0.79,0.78,0.8,1000000.0,1000000.0,0,0,0,0,0,0,0,0,0,0,29,2026-02-05 12:09:26.001370
RTM1C50,0.41,0.4,0.42,1000000.0,1000000.0,0,0,0,0,0,0,0,0,0,0,29,2026-02-05 12:09:26.001370
RTM1P50,1.37,1.36,1.38,1000000.0,1000000.0,0,0,0,0,0,0,0,0,0,0,29,2026-02-05 12:09:26.001370
RTM1C51,0.19,0.18,0.2,1000000.0,1000000.0,0,0,0,0,0,0,0,0,0,0,29,2026-02-05 12:09:26.001370
RTM1P51,2.15,2.14,2.16,1000000.0,1000000.0,0,0,0,0,0,0,0,0,0,0,29,2026-02-05 12:09:26.001370
RTM1C52,0.07,0.06,0.08,1000000.0,1000000.0,0,0,0,0,0,0,0,0,0,0,29,2026-02-05 12:09:26.001370
RTM1P52,3.03,3.02,3.04,1000000.0,1000000.0,0,0,0,0,0,0,0,0,0,0,29,2026-02-05 12:09:26.001370
RTM1C53,0.02,0.01,0.03,1000000.0,1000000.0,0,0,0,0,0,0,0,0,0,0,29,2026-02-05 12:09:26.001370
RTM1P53,3.98,3.97,3.99,1000000.0,1000000.0,0,0,0,0,0,0,0,0,0,0,29,2026-02-05 12:09:26.001370
RTM1C54,0.02,0.01,0.03,1000000.0,1000000.0,0,0,0,0,0,0,0,0,0,0,29,2026-02-05 12:09:26.001370
RTM1P54,4.96,4.95,4.97,1000000.0,1000000.0,0,0,0,0,0,0,0,0,0,0,29,2026-02-05 12:09:26.001370
RTM,48.95,48.94,48.96,100000000.0,100000000.0,0,0,0,0,0,0,0,0,0,0,30,2026-02-05 12:09:27.082936
RTM1C45,3.97,3.96,3.98,1000000.0,1000000.0,0,0,0,0,0,0,0,0,0,0,30,2026-02-05 12:09:27.082936
RTM1P45,0.02,0.01,0.03,1000000.0,1000000.0,0,0,0,0,0,0,0,0,0,0,30,2026-02-05 12:09:27.082936
RTM1C46,3.01,3.0,3.02,1000000.0,1000000.0,0,0,0,0,0,0,0,0,0,0,30,2026-02-05 12:09:27.082936
RTM1P46,0.06,0.05,0.07,1000000.0,1000000.0,0,0,0,0,0,0,0,0,0,0,30,2026-02-05 12:09:27.082936
RTM1C47,2.13,2.12,2.14,1000000.0,1000000.0,0,0,0,0,0,0,0,0,0,0,30,2026-02-05 12:09:27.082936
RTM1P47,0.18,0.17,0.19,1000000.0,1000000.0,0,0,0,0,0,0,0,0,0,0,30,2026-02-05 12:09:27.082936
RTM1C48,1.36,1.35,1.37,1000000.0,1000000.0,0,0,0,0,0,0,0,0,0,0,30,2026-02-05 12:09:27.082936
RTM1P48,0.41,0.4,0.42,1000000.0,1000000.0,0,0,0,0,0,0,0,0,0,0,30,2026-02-05 12:09:27.082936
RTM1C49,0.8,0.79,0.81,1000000.0,1000000.0,0,0,0,0,0,0,0,0,0,0,30,2026-02-05 12:09:27.082936
RTM1P49,0.85,0.84,0.86,1000000.0,1000000.0,0,0,0,0,0,0,0,0,0,0,30,2026-02-05 12:09:27.082936
RTM1C50,0.38,0.37,0.39,1000000.0,1000000.0,0,0,0,0,0,0,0,0,0,0,30,2026-02-05 12:09:27.082936
RTM1P50,1.43,1.42,1.44,1000000.0,1000000.0,0,0,0,0,0,0,0,0,0,0,30,2026-02-05 12:09:27.082936
RTM1C51,0.18,0.17,0.19,1000000.0,1000000.0,0,0,0,0,0,0,0,0,0,0,30,2026-02-05 12:09:27.082936
RTM1P51,2.23,2.22,2.24,1000000.0,1000000.0,0,0,0,0,0,0,0,0,0,0,30,2026-02-05 12:09:27.082936
RTM1C52,0.08,0.07,0.09,1000000.0,1000000.0,0,0,0,0,0,0,0,0,0,0,30,2026-02-05 12:09:27.082936
RTM1P52,3.13,3.12,3.14,1000000.0,1000000.0,0,0,0,0,0,0,0,0,0,0,30,2026-02-05 12:09:27.082936
RTM1C53,0.03,0.02,0.04,1000000.0,1000000.0,0,0,0,0,0,0,0,0,0,0,30,2026-02-05 12:09:27.082936
RTM1P53,4.08,4.07,4.09,1000000.0,1000000.0,0,0,0,0,0,0,0,0,0,0,30,2026-02-05 12:09:27.082936
RTM1C54,0.02,0.01,0.03,1000000.0,1000000.0,0,0,0,0,0,0,0,0,0,0,30,2026-02-05 12:09:27.082936
RTM1P54,5.05,5.04,5.06,1000000.0,1000000.0,0,0,0,0,0,0,0,0,0,0,30,2026-02-05 12:09:27.082936
RTM,48.87,48.86,48.88,100000000.0,100000000.0,0,0,0,0,0,0,0,0,0,0,31,2026-02-05 12:09:28.170010
RTM1C45,3.89,3.88,3.9,1000000.0,1000000.0,0,0,0,0,0,0,0,0,0,0,31,2026-02-05 12:09:28.170010
RTM1P45,0.02,0.01,0.03,1000000.0,1000000.0,0,0,0,0,0,0,0,0,0,0,31,2026-02-05 12:09:28.170010
RTM1C46,2.94,2.93,2.95,1000000.0,1000000.0,0,0,0,0,0,0,0,0,0,0,31,2026-02-05 12:09:28.170010
RTM1P46,0.07,0.06,0.08,1000000.0,1000000.0,0,0,0,0,0,0,0,0,0,0,31,2026-02-05 12:09:28.170010
RTM1C47,2.08,2.07,2.09,1000000.0,1000000.0,0,0,0,0,0,0,0,0,0,0,31,2026-02-05 12:09:28.170010
RTM1P47,0.2,0.19,0.21,1000000.0,1000000.0,0,0,0,0,0,0,0,0,0,0,31,2026-02-05 12:09:28.170010
RTM1C48,1.3,1.29,1.31,1000000.0,1000000.0,0,0,0,0,0,0,0,0,0,0,31,2026-02-05 12:09:28.170010
RTM1P48,0.42,0.41,0.43,1000000.0,1000000.0,0,0,0,0,0,0,0,0,0,0,31,2026-02-05 12:09:28.170010
RTM1C49,0.73,0.72,0.74,1000000.0,1000000.0,0,0,0,0,0,0,0,0,0,0,31,2026-02-05 12:09:28.170010
RTM1P49,0.86,0.85,0.87,1000000.0,1000000.0,0,0,0,0,0,0,0,0,0,0,31,2026-02-05 12:09:28.170010
RTM1C50,0.39,0.38,0.4,1000000.0,1000000.0,0,0,0,0,0,0,0,0,0,0,31,2026-02-05 12:09:28.170010
RTM1P50,1.52,1.51,1.53,1000000.0,1000000.0,0,0,0,0,0,0,0,0,0,0,31,2026-02-05 12:09:28.170010
RTM1C51,0.15,0.14,0.16,1000000.0,1000000.0,0,0,0,0,0,0,0,0,0,0,31,2026-02-05 12:09:28.170010
RTM1P51,2.27,2.26,2.28,1000000.0,1000000.0,0,0,0,0,0,0,0,0,0,0,31,2026-02-05 12:09:28.170010
RTM1C52,0.07,0.06,0.08,1000000.0,1000000.0,0,0,0,0,0,0,0,0,0,0,31,2026-02-05 12:09:28.170010
RTM1P52,3.2,3.19,3.21,1000000.0,1000000.0,0,0,0,0,0,0,0,0,0,0,31,2026-02-05 12:09:28.170010
RTM1C53,0.02,0.01,0.03,1000000.0,1000000.0,0,0,0,0,0,0,0,0,0,0,31,2026-02-05 12:09:28.170010
RTM1P53,4.14,4.13,4.15,1000000.0,1000000.0,0,0,0,0,0,0,0,0,0,0,31,2026-02-05 12:09:28.170010
RTM1C54,0.02,0.01,0.03,1000000.0,1000000.0,0,0,0,0,0,0,0,0,0,0,31,2026-02-05 12:09:28.170010
RTM1P54,5.13,5.12,5.14,1000000.0,1000000.0,0,0,0,0,0,0,0,0,0,0,31,2026-02-05 12:09:28.170010
RTM,48.87,48.86,48.88,100000000.0,100000000.0,0,0,0,0,0,0,0,0,0,0,32,2026-02-05 12:09:29.238587
RTM1C45,3.89,3.88,3.9,1000000.0,1000000.0,0,0,0,0,0,0,0,0,0,0,32,2026-02-05 12:09:29.238587
RTM1P45,0.02,0.01,0.03,1000000.0,1000000.0,0,0,0,0,0,0,0,0,0,0,32,2026-02-05 12:09:29.238587
RTM1C46,2.93,2.92,2.94,1000000.0,1000000.0,0,0,0,0,0,0,0,0,0,0,32,2026-02-05 12:09:29.238587
RTM1P46,0.06,0.05,0.07,1000000.0,1000000.0,0,0,0,0,0,0,0,0,0,0,32,2026-02-05 12:09:29.238587
RTM1C47,2.07,2.06,2.08,1000000.0,1000000.0,0,0,0,0,0,0,0,0,0,0,32,2026-02-05 12:09:29.238587
RTM1P47,0.21,0.2,0.22,1000000.0,1000000.0,0,0,0,0,0,0,0,0,0,0,32,2026-02-05 12:09:29.238587
RTM1C48,1.32,1.31,1.33,1000000.0,1000000.0,0,0,0,0,0,0,0,0,0,0,32,2026-02-05 12:09:29.238587
RTM1P48,0.45,0.44,0.46,1000000.0,1000000.0,0,0,0,0,0,0,0,0,0,0,32,2026-02-05 12:09:29.238587
RTM1C49,0.78,0.77,0.79,1000000.0,1000000.0,0,0,0,0,0,0,0,0,0,0,32,2026-02-05 12:09:29.238587
RTM1P49,0.91,0.9,0.92,1000000.0,1000000.0,0,0,0,0,0,0,0,0,0,0,32,2026-02-05 12:09:29.238587
RTM1C50,0.38,0.37,0.39,1000000.0,1000000.0,0,0,0,0,0,0,0,0,0,0,32,2026-02-05 12:09:29.238587
RTM1P50,1.52,1.51,1.53,1000000.0,1000000.0,0,0,0,0,0,0,0,0,0,0,32,2026-02-05 12:09:29.238587
RTM1C51,0.18,0.17,0.19,1000000.0,1000000.0,0,0,0,0,0,0,0,0,0,0,32,2026-02-05 12:09:29.238587
RTM1P51,2.32,2.31,2.33,1000000.0,1000000.0,0,0,0,0,0,0,0,0,0,0,32,2026-02-05 12:09:29.238587
RTM1C52,0.07,0.06,0.08,1000000.0,1000000.0,0,0,0,0,0,0,0,0,0,0,32,2026-02-05 12:09:29.238587
RTM1P52,3.2,3.19,3.21,1000000.0,1000000.0,0,0,0,0,0,0,0,0,0,0,32,2026-02-05 12:09:29.238587
RTM1C53,0.02,0.01,0.03,1000000.0,1000000.0,0,0,0,0,0,0,0,0,0,0,32,2026-02-05 12:09:29.238587
RTM1P53,4.15,4.14,4.16,1000000.0,1000000.0,0,0,0,0,0,0,0,0,0,0,32,2026-02-05 12:09:29.238587
RTM1C54,0.02,0.01,0.03,1000000.0,1000000.0,0,0,0,0,0,0,0,0,0,0,32,2026-02-05 12:09:29.238587
RTM1P54,5.14,5.13,5.15,1000000.0,1000000.0,0,0,0,0,0,0,0,0,0,0,32,2026-02-05 12:09:29.238587
RTM,48.84,48.83,48.85,100000000.0,100000000.0,0,0,0,0,0,0,0,0,0,0,33,2026-02-05 12:09:29.913259
RTM1C45,3.86,3.85,3.87,1000000.0,1000000.0,0,0,0,0,0,0,0,0,0,0,33,2026-02-05 12:09:29.913259
RTM1P45,0.02,0.01,0.03,1000000.0,1000000.0,0,0,0,0,0,0,0,0,0,0,33,2026-02-05 12:09:29.913259
RTM1C46,2.92,2.91,2.93,1000000.0,1000000.0,0,0,0,0,0,0,0,0,0,0,33,2026-02-05 12:09:29.913259
RTM1P46,0.08,0.07,0.09,1000000.0,1000000.0,0,0,0,0,0,0,0,0,0,0,33,2026-02-05 12:09:29.913259
RTM1C47,2.03,2.02,2.04,1000000.0,1000000.0,0,0,0,0,0,0,0,0,0,0,33,2026-02-05 12:09:29.913259
RTM1P47,0.19,0.18,0.2,1000000.0,1000000.0,0,0,0,0,0,0,0,0,0,0,33,2026-02-05 12:09:29.913259
RTM1C48,1.31,1.3,1.32,1000000.0,1000000.0,0,0,0,0,0,0,0,0,0,0,33,2026-02-05 12:09:29.913259
RTM1P48,0.47,0.46,0.48,1000000.0,1000000.0,0,0,0,0,0,0,0,0,0,0,33,2026-02-05 12:09:29.913259
RTM1C49,0.77,0.76,0.78,1000000.0,1000000.0,0,0,0,0,0,0,0,0,0,0,33,2026-02-05 12:09:29.913259
RTM1P49,0.93,0.92,0.94,1000000.0,1000000.0,0,0,0,0,0,0,0,0,0,0,33,2026-02-05 12:09:29.913259
RTM1C50,0.36,0.35,0.37,1000000.0,1000000.0,0,0,0,0,0,0,0,0,0,0,33,2026-02-05 12:09:29.913259
RTM1P50,1.52,1.51,1.53,1000000.0,1000000.0,0,0,0,0,0,0,0,0,0,0,33,2026-02-05 12:09:29.913259
RTM1C51,0.18,0.17,0.19,1000000.0,1000000.0,0,0,0,0,0,0,0,0,0,0,33,2026-02-05 12:09:29.913259
RTM1P51,2.34,2.33,2.35,1000000.0,1000000.0,0,0,0,0,0,0,0,0,0,0,33,2026-02-05 12:09:29.913259
RTM1C52,0.06,0.05,0.07,1000000.0,1000000.0,0,0,0,0,0,0,0,0,0,0,33,2026-02-05 12:09:29.913259
RTM1P52,3.22,3.21,3.23,1000000.0,1000000.0,0,0,0,0,0,0,0,0,0,0,33,2026-02-05 12:09:29.913259
RTM1C53,0.02,0.01,0.03,1000000.0,1000000.0,0,0,0,0,0,0,0,0,0,0,33,2026-02-05 12:09:29.913259
RTM1P53,4.18,4.17,4.19,1000000.0,1000000.0,0,0,0,0,0,0,0,0,0,0,33,2026-02-05 12:09:29.913259
RTM1C54,0.02,0.01,0.03,1000000.0,1000000.0,0,0,0,0,0,0,0,0,0,0,33,2026-02-05 12:09:29.913259
RTM1P54,5.17,5.16,5.18,1000000.0,1000000.0,0,0,0,0,0,0,0,0,0,0,33,2026-02-05 12:09:29.913259
RTM,48.69,48.68,48.7,100000000.0,100000000.0,0,0,0,0,0,0,0,0,0,0,34,2026-02-05 12:09:30.982172
RTM1C45,3.72,3.71,3.73,1000000.0,1000000.0,0,0,0,0,0,0,0,0,0,0,34,2026-02-05 12:09:30.982172
RTM1P45,0.03,0.02,0.04,1000000.0,1000000.0,0,0,0,0,0,0,0,0,0,0,34,2026-02-05 12:09:30.982172
RTM1C46,2.78,2.77,2.79,1000000.0,1000000.0,0,0,0,0,0,0,0,0,0,0,34,2026-02-05 12:09:30.982172
RTM1P46,0.09,0.08,0.1,1000000.0,1000000.0,0,0,0,0,0,0,0,0,0,0,34,2026-02-05 12:09:30.982172
RTM1C47,1.92,1.91,1.93,1000000.0,1000000.0,0,0,0,0,0,0,0,0,0,0,34,2026-02-05 12:09:30.982172
RTM1P47,0.23,0.22,0.24,1000000.0,1000000.0,0,0,0,0,0,0,0,0,0,0,34,2026-02-05 12:09:30.982172
RTM1C48,1.22,1.21,1.23,1000000.0,1000000.0,0,0,0,0,0,0,0,0,0,0,34,2026-02-05 12:09:30.982172
RTM1P48,0.53,0.52,0.54,1000000.0,1000000.0,0,0,0,0,0,0,0,0,0,0,34,2026-02-05 12:09:30.982172
RTM1C49,0.7,0.69,0.71,1000000.0,1000000.0,0,0,0,0,0,0,0,0,0,0,34,2026-02-05 12:09:30.982172
RTM1P49,1.01,1.0,1.02,1000000.0,1000000.0,0,0,0,0,0,0,0,0,0,0,34,2026-02-05 12:09:30.982172
RTM1C50,0.34,0.33,0.35,1000000.0,1000000.0,0,0,0,0,0,0,0,0,0,0,34,2026-02-05 12:09:30.982172
RTM1P50,1.64,1.63,1.65,1000000.0,1000000.0,0,0,0,0,0,0,0,0,0,0,34,2026-02-05 12:09:30.982172
RTM1C51,0.16,0.15,0.17,1000000.0,1000000.0,0,0,0,0,0,0,0,0,0,0,34,2026-02-05 12:09:30.982172
RTM1P51,2.47,2.46,2.48,1000000.0,1000000.0,0,0,0,0,0,0,0,0,0,0,34,2026-02-05 12:09:30.982172
RTM1C52,0.05,0.04,0.06,1000000.0,1000000.0,0,0,0,0,0,0,0,0,0,0,34,2026-02-05 12:09:30.982172
RTM1P52,3.36,3.35,3.37,1000000.0,1000000.0,0,0,0,0,0,0,0,0,0,0,34,2026-02-05 12:09:30.982172
RTM1C53,0.02,0.01,0.03,1000000.0,1000000.0,0,0,0,0,0,0,0,0,0,0,34,2026-02-05 12:09:30.982172
RTM1P53,4.33,4.32,4.34,1000000.0,1000000.0,0,0,0,0,0,0,0,0,0,0,34,2026-02-05 12:09:30.982172
RTM1C54,0.02,0.01,0.03,1000000.0,1000000.0,0,0,0,0,0,0,0,0,0,0,34,2026-02-05 12:09:30.982172
RTM1P54,5.31,5.3,5.32,1000000.0,1000000.0,0,0,0,0,0,0,0,0,0,0,34,2026-02-05 12:09:30.982172
RTM,48.7,48.69,48.71,100000000.0,100000000.0,0,0,0,0,0,0,0,0,0,0,35,2026-02-05 12:09:32.051961
RTM1C45,3.72,3.71,3.73,1000000.0,1000000.0,0,0,0,0,0,0,0,0,0,0,35,2026-02-05 12:09:32.051961
RTM1P45,0.02,0.01,0.03,1000000.0,1000000.0,0,0,0,0,0,0,0,0,0,0,35,2026-02-05 12:09:32.051961
RTM1C46,2.78,2.77,2.79,1000000.0,1000000.0,0,0,0,0,0,0,0,0,0,0,35,2026-02-05 12:09:32.051961
RTM1P46,0.08,0.07,0.09,1000000.0,1000000.0,0,0,0,0,0,0,0,0,0,0,35,2026-02-05 12:09:32.051961
RTM1C47,1.92,1.91,1.93,1000000.0,1000000.0,0,0,0,0,0,0,0,0,0,0,35,2026-02-05 12:09:32.051961
RTM1P47,0.22,0.21,0.23,1000000.0,1000000.0,0,0,0,0,0,0,0,0,0,0,35,2026-02-05 12:09:32.051961
RTM1C48,1.24,1.23,1.25,1000000.0,1000000.0,0,0,0,0,0,0,0,0,0,0,35,2026-02-05 12:09:32.051961
RTM1P48,0.54,0.53,0.55,1000000.0,1000000.0,0,0,0,0,0,0,0,0,0,0,35,2026-02-05 12:09:32.051961
RTM1C49,0.68,0.67,0.69,1000000.0,1000000.0,0,0,0,0,0,0,0,0,0,0,35,2026-02-05 12:09:32.051961
RTM1P49,0.98,0.97,0.99,1000000.0,1000000.0,0,0,0,0,0,0,0,0,0,0,35,2026-02-05 12:09:32.051961
RTM1C50,0.33,0.32,0.34,1000000.0,1000000.0,0,0,0,0,0,0,0,0,0,0,35,2026-02-05 12:09:32.051961
RTM1P50,1.63,1.62,1.64,1000000.0,1000000.0,0,0,0,0,0,0,0,0,0,0,35,2026-02-05 12:09:32.051961
RTM1C51,0.15,0.14,0.16,1000000.0,1000000.0,0,0,0,0,0,0,0,0,0,0,35,2026-02-05 12:09:32.051961
RTM1P51,2.45,2.44,2.46,1000000.0,1000000.0,0,0,0,0,0,0,0,0,0,0,35,2026-02-05 12:09:32.051961
RTM1C52,0.06,0.05,0.07,1000000.0,1000000.0,0,0,0,0,0,0,0,0,0,0,35,2026-02-05 12:09:32.051961
RTM1P52,3.36,3.35,3.37,1000000.0,1000000.0,0,0,0,0,0,0,0,0,0,0,35,2026-02-05 12:09:32.051961
RTM1C53,0.02,0.01,0.03,1000000.0,1000000.0,0,0,0,0,0,0,0,0,0,0,35,2026-02-05 12:09:32.051961
RTM1P53,4.32,4.31,4.33,1000000.0,1000000.0,0,0,0,0,0,0,0,0,0,0,35,2026-02-05 12:09:32.051961
RTM1C54,0.02,0.01,0.03,1000000.0,1000000.0,0,0,0,0,0,0,0,0,0,0,35,2026-02-05 12:09:32.051961
RTM1P54,5.31,5.3,5.32,1000000.0,1000000.0,0,0,0,0,0,0,0,0,0,0,35,2026-02-05 12:09:32.051961
RTM,48.44,48.43,48.45,100000000.0,100000000.0,0,0,0,0,0,0,0,0,0,0,36,2026-02-05 12:09:33.113805,3.0,1.0,35.0,,News 1,The analysts have informed you that the realized volatility of RTM next week will be between 13% and 18%
RTM1C45,3.48,3.47,3.49,1000000.0,1000000.0,0,0,0,0,0,0,0,0,0,0,36,2026-02-05 12:09:33.113805,,,,,,
RTM1P45,0.04,0.03,0.05,1000000.0,1000000.0,0,0,0,0,0,0,0,0,0,0,36,2026-02-05 12:09:33.113805,,,,,,
RTM1C46,2.55,2.54,2.56,1000000.0,1000000.0,0,0,0,0,0,0,0,0,0,0,36,2026-02-05 12:09:33.113805,,,,,,
RTM1P46,0.11,0.1,0.12,1000000.0,1000000.0,0,0,0,0,0,0,0,0,0,0,36,2026-02-05 12:09:33.113805,,,,,,
RTM1C47,1.72,1.71,1.73,1000000.0,1000000.0,0,0,0,0,0,0,0,0,0,0,36,2026-02-05 12:09:33.113805,,,,,,
RTM1P47,0.28,0.27,0.29,1000000.0,1000000.0,0,0,0,0,0,0,0,0,0,0,36,2026-02-05 12:09:33.113805,,,,,,
RTM1C48,1.08,1.07,1.09,1000000.0,1000000.0,0,0,0,0,0,0,0,0,0,0,36,2026-02-05 12:09:33.113805,,,,,,
RTM1P48,0.64,0.63,0.65,1000000.0,1000000.0,0,0,0,0,0,0,0,0,0,0,36,2026-02-05 12:09:33.113805,,,,,,
RTM1C49,0.57,0.56,0.58,1000000.0,1000000.0,0,0,0,0,0,0,0,0,0,0,36,2026-02-05 12:09:33.113805,,,,,,
RTM1P49,1.14,1.13,1.15,1000000.0,1000000.0,0,0,0,0,0,0,0,0,0,0,36,2026-02-05 12:09:33.113805,,,,,,
RTM1C50,0.27,0.26,0.28,1000000.0,1000000.0,0,0,0,0,0,0,0,0,0,0,36,2026-02-05 12:09:33.113805,,,,,,
RTM1P50,1.83,1.82,1.84,1000000.0,1000000.0,0,0,0,0,0,0,0,0,0,0,36,2026-02-05 12:09:33.113805,,,,,,
RTM1C51,0.12,0.11,0.13,1000000.0,1000000.0,0,0,0,0,0,0,0,0,0,0,36,2026-02-05 12:09:33.113805,,,,,,
RTM1P51,2.69,2.68,2.7,1000000.0,1000000.0,0,0,0,0,0,0,0,0,0,0,36,2026-02-05 12:09:33.113805,,,,,,
RTM1C52,0.04,0.03,0.05,1000000.0,1000000.0,0,0,0,0,0,0,0,0,0,0,36,2026-02-05 12:09:33.113805,,,,,,
RTM1P52,3.61,3.6,3.62,1000000.0,1000000.0,0,0,0,0,0,0,0,0,0,0,36,2026-02-05 12:09:33.113805,,,,,,
RTM1C53,0.02,0.01,0.03,1000000.0,1000000.0,0,0,0,0,0,0,0,0,0,0,36,2026-02-05 12:09:33.113805,,,,,,
RTM1P53,4.58,4.57,4.59,1000000.0,1000000.0,0,0,0,0,0,0,0,0,0,0,36,2026-02-05 12:09:33.113805,,,,,,
RTM1C54,0.02,0.01,0.03,1000000.0,1000000.0,0,0,0,0,0,0,0,0,0,0,36,2026-02-05 12:09:33.113805,,,,,,
RTM1P54,5.57,5.56,5.58,1000000.0,1000000.0,0,0,0,0,0,0,0,0,0,0,36,2026-02-05 12:09:33.113805,,,,,,
RTM,48.52,48.51,48.53,100000000.0,100000000.0,0,0,0,0,0,0,0,0,0,0,37,2026-02-05 12:09:34.166472
RTM1C45,3.55,3.54,3.56,1000000.0,1000000.0,0,0,0,0,0,0,0,0,0,0,37,2026-02-05 12:09:34.166472
RTM1P45,0.03,0.02,0.04,1000000.0,1000000.0,0,0,0,0,0,0,0,0,0,0,37,2026-02-05 12:09:34.166472
RTM1C46,2.62,2.61,2.63,1000000.0,1000000.0,0,0,0,0,0,0,0,0,0,0,37,2026-02-05 12:09:34.166472
RTM1P46,0.11,0.1,0.12,1000000.0,1000000.0,0,0,0,0,0,0,0,0,0,0,37,2026-02-05 12:09:34.166472
RTM1C47,1.8,1.79,1.81,1000000.0,1000000.0,0,0,0,0,0,0,0,0,0,0,37,2026-02-05 12:09:34.166472
RTM1P47,0.28,0.27,0.29,1000000.0,1000000.0,0,0,0,0,0,0,0,0,0,0,37,2026-02-05 12:09:34.166472
RTM1C48,1.11,1.1,1.12,1000000.0,1000000.0,0,0,0,0,0,0,0,0,0,0,37,2026-02-05 12:09:34.166472
RTM1P48,0.59,0.58,0.6,1000000.0,1000000.0,0,0,0,0,0,0,0,0,0,0,37,2026-02-05 12:09:34.166472
RTM1C49,0.62,0.61,0.63,1000000.0,1000000.0,0,0,0,0,0,0,0,0,0,0,37,2026-02-05 12:09:34.166472
RTM1P49,1.1,1.09,1.11,1000000.0,1000000.0,0,0,0,0,0,0,0,0,0,0,37,2026-02-05 12:09:34.166472
RTM1C50,0.31,0.3,0.32,1000000.0,1000000.0,0,0,0,0,0,0,0,0,0,0,37,2026-02-05 12:09:34.166472
RTM1P50,1.79,1.78,1.8,1000000.0,1000000.0,0,0,0,0,0,0,0,0,0,0,37,2026-02-05 12:09:34.166472
RTM1C51,0.13,0.12,0.14,1000000.0,1000000.0,0,0,0,0,0,0,0,0,0,0,37,2026-02-05 12:09:34.166472
RTM1P51,2.61,2.6,2.62,1000000.0,1000000.0,0,0,0,0,0,0,0,0,0,0,37,2026-02-05 12:09:34.166472
RTM1C52,0.05,0.04,0.06,1000000.0,1000000.0,0,0,0,0,0,0,0,0,0,0,37,2026-02-05 12:09:34.166472
RTM1P52,3.53,3.52,3.54,1000000.0,1000000.0,0,0,0,0,0,0,0,0,0,0,37,2026-02-05 12:09:34.166472
RTM1C53,0.02,0.01,0.03,1000000.0,1000000.0,0,0,0,0,0,0,0,0,0,0,37,2026-02-05 12:09:34.166472
RTM1P53,4.5,4.49,4.51,1000000.0,1000000.0,0,0,0,0,0,0,0,0,0,0,37,2026-02-05 12:09:34.166472
RTM1C54,0.02,0.01,0.03,1000000.0,1000000.0,0,0,0,0,0,0,0,0,0,0,37,2026-02-05 12:09:34.166472
RTM1P54,5.48,5.47,5.49,1000000.0,1000000.0,0,0,0,0,0,0,0,0,0,0,37,2026-02-05 12:09:34.166472
RTM,48.54,48.53,48.55,100000000.0,100000000.0,0,0,0,0,0,0,0,0,0,0,38,2026-02-05 12:09:35.220894
RTM1C45,3.57,3.56,3.58,1000000.0,1000000.0,0,0,0,0,0,0,0,0,0,0,38,2026-02-05 12:09:35.220894
RTM1P45,0.03,0.02,0.04,1000000.0,1000000.0,0,0,0,0,0,0,0,0,0,0,38,2026-02-05 12:09:35.220894
RTM1C46,2.65,2.64,2.66,1000000.0,1000000.0,0,0,0,0,0,0,0,0,0,0,38,2026-02-05 12:09:35.220894
RTM1P46,0.11,0.1,0.12,1000000.0,1000000.0,0,0,0,0,0,0,0,0,0,0,38,2026-02-05 12:09:35.220894
RTM1C47,1.82,1.81,1.83,1000000.0,1000000.0,0,0,0,0,0,0,0,0,0,0,38,2026-02-05 12:09:35.220894
RTM1P47,0.28,0.27,0.29,1000000.0,1000000.0,0,0,0,0,0,0,0,0,0,0,38,2026-02-05 12:09:35.220894
RTM1C48,1.14,1.13,1.15,1000000.0,1000000.0,0,0,0,0,0,0,0,0,0,0,38,2026-02-05 12:09:35.220894
RTM1P48,0.6,0.59,0.61,1000000.0,1000000.0,0,0,0,0,0,0,0,0,0,0,38,2026-02-05 12:09:35.220894
RTM1C49,0.62,0.61,0.63,1000000.0,1000000.0,0,0,0,0,0,0,0,0,0,0,38,2026-02-05 12:09:35.220894
RTM1P49,1.09,1.08,1.1,1000000.0,1000000.0,0,0,0,0,0,0,0,0,0,0,38,2026-02-05 12:09:35.220894
RTM1C50,0.3,0.29,0.31,1000000.0,1000000.0,0,0,0,0,0,0,0,0,0,0,38,2026-02-05 12:09:35.220894
RTM1P50,1.77,1.76,1.78,1000000.0,1000000.0,0,0,0,0,0,0,0,0,0,0,38,2026-02-05 12:09:35.220894
RTM1C51,0.14,0.13,0.15,1000000.0,1000000.0,0,0,0,0,0,0,0,0,0,0,38,2026-02-05 12:09:35.220894
RTM1P51,2.6,2.59,2.61,1000000.0,1000000.0,0,0,0,0,0,0,0,0,0,0,38,2026-02-05 12:09:35.220894
RTM1C52,0.06,0.05,0.07,1000000.0,1000000.0,0,0,0,0,0,0,0,0,0,0,38,2026-02-05 12:09:35.220894
RTM1P52,3.52,3.51,3.53,1000000.0,1000000.0,0,0,0,0,0,0,0,0,0,0,38,2026-02-05 12:09:35.220894
RTM1C53,0.02,0.01,0.03,1000000.0,1000000.0,0,0,0,0,0,0,0,0,0,0,38,2026-02-05 12:09:35.220894
RTM1P53,4.48,4.47,4.49,1000000.0,1000000.0,0,0,0,0,0,0,0,0,0,0,38,2026-02-05 12:09:35.220894
RTM1C54,0.02,0.01,0.03,1000000.0,1000000.0,0,0,0,0,0,0,0,0,0,0,38,2026-02-05 12:09:35.220894
RTM1P54,5.47,5.46,5.48,1000000.0,1000000.0,0,0,0,0,0,0,0,0,0,0,38,2026-02-05 12:09:35.220894
RTM,48.48,48.47,48.49,100000000.0,100000000.0,0,0,0,0,0,0,0,0,0,0,39,2026-02-05 12:09:36.310707
RTM1C45,3.51,3.5,3.52,1000000.0,1000000.0,0,0,0,0,0,0,0,0,0,0,39,2026-02-05 12:09:36.310707
RTM1P45,0.03,0.02,0.04,1000000.0,1000000.0,0,0,0,0,0,0,0,0,0,0,39,2026-02-05 12:09:36.310707
RTM1C46,2.6,2.59,2.61,1000000.0,1000000.0,0,0,0,0,0,0,0,0,0,0,39,2026-02-05 12:09:36.310707
RTM1P46,0.11,0.1,0.12,1000000.0,1000000.0,0,0,0,0,0,0,0,0,0,0,39,2026-02-05 12:09:36.310707
RTM1C47,1.78,1.77,1.79,1000000.0,1000000.0,0,0,0,0,0,0,0,0,0,0,39,2026-02-05 12:09:36.310707
RTM1P47,0.3,0.29,0.31,1000000.0,1000000.0,0,0,0,0,0,0,0,0,0,0,39,2026-02-05 12:09:36.310707
RTM1C48,1.08,1.07,1.09,1000000.0,1000000.0,0,0,0,0,0,0,0,0,0,0,39,2026-02-05 12:09:36.310707
RTM1P48,0.6,0.59,0.61,1000000.0,1000000.0,0,0,0,0,0,0,0,0,0,0,39,2026-02-05 12:09:36.310707
RTM1C49,0.6,0.59,0.61,1000000.0,1000000.0,0,0,0,0,0,0,0,0,0,0,39,2026-02-05 12:09:36.310707
RTM1P49,1.12,1.11,1.13,1000000.0,1000000.0,0,0,0,0,0,0,0,0,0,0,39,2026-02-05 12:09:36.310707
RTM1C50,0.3,0.29,0.31,1000000.0,1000000.0,0,0,0,0,0,0,0,0,0,0,39,2026-02-05 12:09:36.310707
RTM1P50,1.82,1.81,1.83,1000000.0,1000000.0,0,0,0,0,0,0,0,0,0,0,39,2026-02-05 12:09:36.310707
RTM1C51,0.12,0.11,0.13,1000000.0,1000000.0,0,0,0,0,0,0,0,0,0,0,39,2026-02-05 12:09:36.310707
RTM1P51,2.64,2.63,2.65,1000000.0,1000000.0,0,0,0,0,0,0,0,0,0,0,39,2026-02-05 12:09:36.310707
RTM1C52,0.05,0.04,0.06,1000000.0,1000000.0,0,0,0,0,0,0,0,0,0,0,39,2026-02-05 12:09:36.310707
RTM1P52,3.57,3.56,3.58,1000000.0,1000000.0,0,0,0,0,0,0,0,0,0,0,39,2026-02-05 12:09:36.310707
RTM1C53,0.02,0.01,0.03,1000000.0,1000000.0,0,0,0,0,0,0,0,0,0,0,39,2026-02-05 12:09:36.310707
RTM1P53,4.53,4.52,4.54,1000000.0,1000000.0,0,0,0,0,0,0,0,0,0,0,39,2026-02-05 12:09:36.310707
RTM1C54,0.02,0.01,0.03,1000000.0,1000000.0,0,0,0,0,0,0,0,0,0,0,39,2026-02-05 12:09:36.310707
RTM1P54,5.52,5.51,5.53,1000000.0,1000000.0,0,0,0,0,0,0,0,0,0,0,39,2026-02-05 12:09:36.310707
RTM,48.41,48.4,48.42,100000000.0,100000000.0,0,0,0,0,0,0,0,0,0,0,40,2026-02-05 12:09:36.945830
RTM1C45,3.45,3.44,3.46,1000000.0,1000000.0,0,0,0,0,0,0,0,0,0,0,40,2026-02-05 12:09:36.945830
RTM1P45,0.04,0.03,0.05,1000000.0,1000000.0,0,0,0,0,0,0,0,0,0,0,40,2026-02-05 12:09:36.945830
RTM1C46,2.53,2.52,2.54,1000000.0,1000000.0,0,0,0,0,0,0,0,0,0,0,40,2026-02-05 12:09:36.945830
RTM1P46,0.12,0.11,0.13,1000000.0,1000000.0,0,0,0,0,0,0,0,0,0,0,40,2026-02-05 12:09:36.945830
RTM1C47,1.72,1.71,1.73,1000000.0,1000000.0,0,0,0,0,0,0,0,0,0,0,40,2026-02-05 12:09:36.945830
RTM1P47,0.32,0.31,0.33,1000000.0,1000000.0,0,0,0,0,0,0,0,0,0,0,40,2026-02-05 12:09:36.945830
RTM1C48,1.07,1.06,1.08,1000000.0,1000000.0,0,0,0,0,0,0,0,0,0,0,40,2026-02-05 12:09:36.945830
RTM1P48,0.66,0.65,0.67,1000000.0,1000000.0,0,0,0,0,0,0,0,0,0,0,40,2026-02-05 12:09:36.945830
RTM1C49,0.59,0.58,0.6,1000000.0,1000000.0,0,0,0,0,0,0,0,0,0,0,40,2026-02-05 12:09:36.945830
RTM1P49,1.18,1.17,1.19,1000000.0,1000000.0,0,0,0,0,0,0,0,0,0,0,40,2026-02-05 12:09:36.945830
RTM1C50,0.28,0.27,0.29,1000000.0,1000000.0,0,0,0,0,0,0,0,0,0,0,40,2026-02-05 12:09:36.945830
RTM1P50,1.88,1.87,1.89,1000000.0,1000000.0,0,0,0,0,0,0,0,0,0,0,40,2026-02-05 12:09:36.945830
RTM1C51,0.12,0.11,0.13,1000000.0,1000000.0,0,0,0,0,0,0,0,0,0,0,40,2026-02-05 12:09:36.945830
RTM1P51,2.72,2.71,2.73,1000000.0,1000000.0,0,0,0,0,0,0,0,0,0,0,40,2026-02-05 12:09:36.945830
RTM1C52,0.05,0.04,0.06,1000000.0,1000000.0,0,0,0,0,0,0,0,0,0,0,40,2026-02-05 12:09:36.945830
RTM1P52,3.64,3.63,3.65,1000000.0,1000000.0,0,0,0,0,0,0,0,0,0,0,40,2026-02-05 12:09:36.945830
RTM1C53,0.02,0.01,0.03,1000000.0,1000000.0,0,0,0,0,0,0,0,0,0,0,40,2026-02-05 12:09:36.945830
RTM1P53,4.61,4.6,4.62,1000000.0,1000000.0,0,0,0,0,0,0,0,0,0,0,40,2026-02-05 12:09:36.945830
RTM1C54,0.02,0.01,0.03,1000000.0,1000000.0,0,0,0,0,0,0,0,0,0,0,40,2026-02-05 12:09:36.945830
RTM1P54,5.6,5.59,5.61,1000000.0,1000000.0,0,0,0,0,0,0,0,0,0,0,40,2026-02-05 12:09:36.945830
RTM,48.14,48.13,48.15,100000000.0,100000000.0,0,0,0,0,0,0,0,0,0,0,41,2026-02-05 12:09:38.000074
RTM1C45,3.19,3.18,3.2,1000000.0,1000000.0,0,0,0,0,0,0,0,0,0,0,41,2026-02-05 12:09:38.000074
RTM1P45,0.05,0.04,0.06,1000000.0,1000000.0,0,0,0,0,0,0,0,0,0,0,41,2026-02-05 12:09:38.000074
RTM1C46,2.29,2.28,2.3,1000000.0,1000000.0,0,0,0,0,0,0,0,0,0,0,41,2026-02-05 12:09:38.000074
RTM1P46,0.15,0.14,0.16,1000000.0,1000000.0,0,0,0,0,0,0,0,0,0,0,41,2026-02-05 12:09:38.000074
RTM1C47,1.52,1.51,1.53,1000000.0,1000000.0,0,0,0,0,0,0,0,0,0,0,41,2026-02-05 12:09:38.000074
RTM1P47,0.38,0.37,0.39,1000000.0,1000000.0,0,0,0,0,0,0,0,0,0,0,41,2026-02-05 12:09:38.000074
RTM1C48,0.91,0.9,0.92,1000000.0,1000000.0,0,0,0,0,0,0,0,0,0,0,41,2026-02-05 12:09:38.000074
RTM1P48,0.77,0.76,0.78,1000000.0,1000000.0,0,0,0,0,0,0,0,0,0,0,41,2026-02-05 12:09:38.000074
RTM1C49,0.49,0.48,0.5,1000000.0,1000000.0,0,0,0,0,0,0,0,0,0,0,41,2026-02-05 12:09:38.000074
RTM1P49,1.36,1.35,1.37,1000000.0,1000000.0,0,0,0,0,0,0,0,0,0,0,41,2026-02-05 12:09:38.000074
RTM1C50,0.24,0.23,0.25,1000000.0,1000000.0,0,0,0,0,0,0,0,0,0,0,41,2026-02-05 12:09:38.000074
RTM1P50,2.1,2.09,2.11,1000000.0,1000000.0,0,0,0,0,0,0,0,0,0,0,41,2026-02-05 12:09:38.000074
RTM1C51,0.09,0.08,0.1,1000000.0,1000000.0,0,0,0,0,0,0,0,0,0,0,41,2026-02-05 12:09:38.000074
RTM1P51,2.96,2.95,2.97,1000000.0,1000000.0,0,0,0,0,0,0,0,0,0,0,41,2026-02-05 12:09:38.000074
RTM1C52,0.04,0.03,0.05,1000000.0,1000000.0,0,0,0,0,0,0,0,0,0,0,41,2026-02-05 12:09:38.000074
RTM1P52,3.9,3.89,3.91,1000000.0,1000000.0,0,0,0,0,0,0,0,0,0,0,41,2026-02-05 12:09:38.000074
RTM1C53,0.02,0.01,0.03,1000000.0,1000000.0,0,0,0,0,0,0,0,0,0,0,41,2026-02-05 12:09:38.000074
RTM1P53,4.87,4.86,4.88,1000000.0,1000000.0,0,0,0,0,0,0,0,0,0,0,41,2026-02-05 12:09:38.000074
RTM1C54,0.02,0.01,0.03,1000000.0,1000000.0,0,0,0,0,0,0,0,0,0,0,41,2026-02-05 12:09:38.000074
RTM1P54,5.87,5.86,5.88,1000000.0,1000000.0,0,0,0,0,0,0,0,0,0,0,41,2026-02-05 12:09:38.000074
RTM,47.94,47.92,47.94,100000000.0,100000000.0,0,0,0,0,0,0,0,0,0,0,42,2026-02-05 12:09:39.057063
RTM1C45,3.0,2.99,3.01,1000000.0,1000000.0,0,0,0,0,0,0,0,0,0,0,42,2026-02-05 12:09:39.057063
RTM1P45,0.07,0.06,0.08,1000000.0,1000000.0,0,0,0,0,0,0,0,0,0,0,42,2026-02-05 12:09:39.057063
RTM1C46,2.12,2.11,2.13,1000000.0,1000000.0,0,0,0,0,0,0,0,0,0,0,42,2026-02-05 12:09:39.057063
RTM1P46,0.19,0.18,0.2,1000000.0,1000000.0,0,0,0,0,0,0,0,0,0,0,42,2026-02-05 12:09:39.057063
RTM1C47,1.38,1.37,1.39,1000000.0,1000000.0,0,0,0,0,0,0,0,0,0,0,42,2026-02-05 12:09:39.057063
RTM1P47,0.46,0.45,0.47,1000000.0,1000000.0,0,0,0,0,0,0,0,0,0,0,42,2026-02-05 12:09:39.057063
RTM1C48,0.8,0.79,0.81,1000000.0,1000000.0,0,0,0,0,0,0,0,0,0,0,42,2026-02-05 12:09:39.057063
RTM1P48,0.88,0.87,0.89,1000000.0,1000000.0,0,0,0,0,0,0,0,0,0,0,42,2026-02-05 12:09:39.057063
RTM1C49,0.42,0.41,0.43,1000000.0,1000000.0,0,0,0,0,0,0,0,0,0,0,42,2026-02-05 12:09:39.057063
RTM1P49,1.5,1.49,1.51,1000000.0,1000000.0,0,0,0,0,0,0,0,0,0,0,42,2026-02-05 12:09:39.057063
RTM1C50,0.19,0.18,0.2,1000000.0,1000000.0,0,0,0,0,0,0,0,0,0,0,42,2026-02-05 12:09:39.057063
RTM1P50,2.27,2.26,2.28,1000000.0,1000000.0,0,0,0,0,0,0,0,0,0,0,42,2026-02-05 12:09:39.057063
RTM1C51,0.08,0.07,0.09,1000000.0,1000000.0,0,0,0,0,0,0,0,0,0,0,42,2026-02-05 12:09:39.057063
RTM1P51,3.15,3.14,3.16,1000000.0,1000000.0,0,0,0,0,0,0,0,0,0,0,42,2026-02-05 12:09:39.057063
RTM1C52,0.03,0.02,0.04,1000000.0,1000000.0,0,0,0,0,0,0,0,0,0,0,42,2026-02-05 12:09:39.057063
RTM1P52,4.1,4.09,4.11,1000000.0,1000000.0,0,0,0,0,0,0,0,0,0,0,42,2026-02-05 12:09:39.057063
RTM1C53,0.02,0.01,0.03,1000000.0,1000000.0,0,0,0,0,0,0,0,0,0,0,42,2026-02-05 12:09:39.057063
RTM1P53,5.08,5.07,5.09,1000000.0,1000000.0,0,0,0,0,0,0,0,0,0,0,42,2026-02-05 12:09:39.057063
RTM1C54,0.02,0.01,0.03,1000000.0,1000000.0,0,0,0,0,0,0,0,0,0,0,42,2026-02-05 12:09:39.057063
RTM1P54,6.08,6.07,6.09,1000000.0,1000000.0,0,0,0,0,0,0,0,0,0,0,42,2026-02-05 12:09:39.057063
RTM,47.94,47.93,47.95,100000000.0,100000000.0,0,0,0,0,0,0,0,0,0,0,43,2026-02-05 12:09:40.140948
RTM1C45,3.01,3.0,3.02,1000000.0,1000000.0,0,0,0,0,0,0,0,0,0,0,43,2026-02-05 12:09:40.140948
RTM1P45,0.07,0.06,0.08,1000000.0,1000000.0,0,0,0,0,0,0,0,0,0,0,43,2026-02-05 12:09:40.140948
RTM1C46,2.14,2.13,2.15,1000000.0,1000000.0,0,0,0,0,0,0,0,0,0,0,43,2026-02-05 12:09:40.140948
RTM1P46,0.19,0.18,0.2,1000000.0,1000000.0,0,0,0,0,0,0,0,0,0,0,43,2026-02-05 12:09:40.140948
RTM1C47,1.39,1.38,1.4,1000000.0,1000000.0,0,0,0,0,0,0,0,0,0,0,43,2026-02-05 12:09:40.140948
RTM1P47,0.45,0.44,0.46,1000000.0,1000000.0,0,0,0,0,0,0,0,0,0,0,43,2026-02-05 12:09:40.140948
RTM1C48,0.82,0.81,0.83,1000000.0,1000000.0,0,0,0,0,0,0,0,0,0,0,43,2026-02-05 12:09:40.140948
RTM1P48,0.88,0.87,0.89,1000000.0,1000000.0,0,0,0,0,0,0,0,0,0,0,43,2026-02-05 12:09:40.140948
RTM1C49,0.43,0.42,0.44,1000000.0,1000000.0,0,0,0,0,0,0,0,0,0,0,43,2026-02-05 12:09:40.140948
RTM1P49,1.48,1.47,1.49,1000000.0,1000000.0,0,0,0,0,0,0,0,0,0,0,43,2026-02-05 12:09:40.140948
RTM1C50,0.2,0.19,0.21,1000000.0,1000000.0,0,0,0,0,0,0,0,0,0,0,43,2026-02-05 12:09:40.140948
RTM1P50,2.25,2.24,2.26,1000000.0,1000000.0,0,0,0,0,0,0,0,0,0,0,43,2026-02-05 12:09:40.140948
RTM1C51,0.08,0.07,0.09,1000000.0,1000000.0,0,0,0,0,0,0,0,0,0,0,43,2026-02-05 12:09:40.140948
RTM1P51,3.14,3.13,3.15,1000000.0,1000000.0,0,0,0,0,0,0,0,0,0,0,43,2026-02-05 12:09:40.140948
RTM1C52,0.03,0.02,0.04,1000000.0,1000000.0,0,0,0,0,0,0,0,0,0,0,43,2026-02-05 12:09:40.140948
RTM1P52,4.09,4.08,4.1,1000000.0,1000000.0,0,0,0,0,0,0,0,0,0,0,43,2026-02-05 12:09:40.140948
RTM1C53,0.02,0.01,0.03,1000000.0,1000000.0,0,0,0,0,0,0,0,0,0,0,43,2026-02-05 12:09:40.140948
RTM1P53,5.07,5.06,5.08,1000000.0,1000000.0,0,0,0,0,0,0,0,0,0,0,43,2026-02-05 12:09:40.140948
RTM1C54,0.02,0.01,0.03,1000000.0,1000000.0,0,0,0,0,0,0,0,0,0,0,43,2026-02-05 12:09:40.140948
RTM1P54,6.06,6.05,6.07,1000000.0,1000000.0,0,0,0,0,0,0,0,0,0,0,43,2026-02-05 12:09:40.140948
RTM,47.88,47.87,47.89,100000000.0,100000000.0,0,0,0,0,0,0,0,0,0,0,44,2026-02-05 12:09:41.191335
RTM1C45,2.96,2.95,2.97,1000000.0,1000000.0,0,0,0,0,0,0,0,0,0,0,44,2026-02-05 12:09:41.191335
RTM1P45,0.08,0.07,0.09,1000000.0,1000000.0,0,0,0,0,0,0,0,0,0,0,44,2026-02-05 12:09:41.191335
RTM1C46,2.09,2.08,2.1,1000000.0,1000000.0,0,0,0,0,0,0,0,0,0,0,44,2026-02-05 12:09:41.191335
RTM1P46,0.21,0.2,0.22,1000000.0,1000000.0,0,0,0,0,0,0,0,0,0,0,44,2026-02-05 12:09:41.191335
RTM1C47,1.35,1.34,1.36,1000000.0,1000000.0,0,0,0,0,0,0,0,0,0,0,44,2026-02-05 12:09:41.191335
RTM1P47,0.47,0.46,0.48,1000000.0,1000000.0,0,0,0,0,0,0,0,0,0,0,44,2026-02-05 12:09:41.191335
RTM1C48,0.79,0.78,0.8,1000000.0,1000000.0,0,0,0,0,0,0,0,0,0,0,44,2026-02-05 12:09:41.191335
RTM1P48,0.91,0.9,0.92,1000000.0,1000000.0,0,0,0,0,0,0,0,0,0,0,44,2026-02-05 12:09:41.191335
RTM1C49,0.42,0.41,0.43,1000000.0,1000000.0,0,0,0,0,0,0,0,0,0,0,44,2026-02-05 12:09:41.191335
RTM1P49,1.54,1.53,1.55,1000000.0,1000000.0,0,0,0,0,0,0,0,0,0,0,44,2026-02-05 12:09:41.191335
RTM1C50,0.19,0.18,0.2,1000000.0,1000000.0,0,0,0,0,0,0,0,0,0,0,44,2026-02-05 12:09:41.191335
RTM1P50,2.31,2.3,2.32,1000000.0,1000000.0,0,0,0,0,0,0,0,0,0,0,44,2026-02-05 12:09:41.191335
RTM1C51,0.08,0.07,0.09,1000000.0,1000000.0,0,0,0,0,0,0,0,0,0,0,44,2026-02-05 12:09:41.191335
RTM1P51,3.2,3.19,3.21,1000000.0,1000000.0,0,0,0,0,0,0,0,0,0,0,44,2026-02-05 12:09:41.191335
RTM1C52,0.03,0.02,0.04,1000000.0,1000000.0,0,0,0,0,0,0,0,0,0,0,44,2026-02-05 12:09:41.191335
RTM1P52,4.15,4.14,4.16,1000000.0,1000000.0,0,0,0,0,0,0,0,0,0,0,44,2026-02-05 12:09:41.191335
RTM1C53,0.02,0.01,0.03,1000000.0,1000000.0,0,0,0,0,0,0,0,0,0,0,44,2026-02-05 12:09:41.191335
RTM1P53,5.13,5.12,5.14,1000000.0,1000000.0,0,0,0,0,0,0,0,0,0,0,44,2026-02-05 12:09:41.191335
RTM1C54,0.01,0.01,0.03,1000000.0,1000000.0,0,0,0,0,0,0,0,0,0,0,44,2026-02-05 12:09:41.191335
RTM1P54,6.12,6.11,6.13,1000000.0,1000000.0,0,0,0,0,0,0,0,0,0,0,44,2026-02-05 12:09:41.191335
RTM,48.01,48.0,48.02,100000000.0,100000000.0,0,0,0,0,0,0,0,0,0,0,45,2026-02-05 12:09:42.265003
RTM1C45,3.07,3.06,3.08,1000000.0,1000000.0,0,0,0,0,0,0,0,0,0,0,45,2026-02-05 12:09:42.265003
RTM1P45,0.07,0.06,0.08,1000000.0,1000000.0,0,0,0,0,0,0,0,0,0,0,45,2026-02-05 12:09:42.265003
RTM1C46,2.19,2.18,2.2,1000000.0,1000000.0,0,0,0,0,0,0,0,0,0,0,45,2026-02-05 12:09:42.265003
RTM1P46,0.19,0.18,0.2,1000000.0,1000000.0,0,0,0,0,0,0,0,0,0,0,45,2026-02-05 12:09:42.265003
RTM1C47,1.44,1.43,1.45,1000000.0,1000000.0,0,0,0,0,0,0,0,0,0,0,45,2026-02-05 12:09:42.265003
RTM1P47,0.43,0.42,0.44,1000000.0,1000000.0,0,0,0,0,0,0,0,0,0,0,45,2026-02-05 12:09:42.265003
RTM1C48,0.86,0.85,0.87,1000000.0,1000000.0,0,0,0,0,0,0,0,0,0,0,45,2026-02-05 12:09:42.265003
RTM1P48,0.85,0.84,0.86,1000000.0,1000000.0,0,0,0,0,0,0,0,0,0,0,45,2026-02-05 12:09:42.265003
RTM1C49,0.46,0.45,0.47,1000000.0,1000000.0,0,0,0,0,0,0,0,0,0,0,45,2026-02-05 12:09:42.265003
RTM1P49,1.45,1.44,1.46,1000000.0,1000000.0,0,0,0,0,0,0,0,0,0,0,45,2026-02-05 12:09:42.265003
RTM1C50,0.21,0.2,0.22,1000000.0,1000000.0,0,0,0,0,0,0,0,0,0,0,45,2026-02-05 12:09:42.265003
RTM1P50,2.2,2.19,2.21,1000000.0,1000000.0,0,0,0,0,0,0,0,0,0,0,45,2026-02-05 12:09:42.265003
RTM1C51,0.09,0.08,0.1,1000000.0,1000000.0,0,0,0,0,0,0,0,0,0,0,45,2026-02-05 12:09:42.265003
RTM1P51,3.08,3.07,3.09,1000000.0,1000000.0,0,0,0,0,0,0,0,0,0,0,45,2026-02-05 12:09:42.265003
RTM1C52,0.03,0.02,0.04,1000000.0,1000000.0,0,0,0,0,0,0,0,0,0,0,45,2026-02-05 12:09:42.265003
RTM1P52,4.03,4.02,4.04,1000000.0,1000000.0,0,0,0,0,0,0,0,0,0,0,45,2026-02-05 12:09:42.265003
RTM1C53,0.02,0.01,0.03,1000000.0,1000000.0,0,0,0,0,0,0,0,0,0,0,45,2026-02-05 12:09:42.265003
RTM1P53,5.0,4.99,5.01,1000000.0,1000000.0,0,0,0,0,0,0,0,0,0,0,45,2026-02-05 12:09:42.265003
RTM1C54,0.02,0.01,0.03,1000000.0,1000000.0,0,0,0,0,0,0,0,0,0,0,45,2026-02-05 12:09:42.265003
RTM1P54,6.0,5.99,6.01,1000000.0,1000000.0,0,0,0,0,0,0,0,0,0,0,45,2026-02-05 12:09:42.265003
RTM,48.26,48.25,48.27,100000000.0,100000000.0,0,0,0,0,0,0,0,0,0,0,46,2026-02-05 12:09:43.417450
RTM1C45,3.31,3.3,3.32,1000000.0,1000000.0,0,0,0,0,0,0,0,0,0,0,46,2026-02-05 12:09:43.417450
RTM1P45,0.05,0.04,0.06,1000000.0,1000000.0,0,0,0,0,0,0,0,0,0,0,46,2026-02-05 12:09:43.417450
RTM1C46,2.42,2.41,2.43,1000000.0,1000000.0,0,0,0,0,0,0,0,0,0,0,46,2026-02-05 12:09:43.417450
RTM1P46,0.16,0.15,0.17,1000000.0,1000000.0,0,0,0,0,0,0,0,0,0,0,46,2026-02-05 12:09:43.417450
RTM1C47,1.63,1.62,1.64,1000000.0,1000000.0,0,0,0,0,0,0,0,0,0,0,46,2026-02-05 12:09:43.417450
RTM1P47,0.37,0.36,0.38,1000000.0,1000000.0,0,0,0,0,0,0,0,0,0,0,46,2026-02-05 12:09:43.417450
RTM1C48,1.01,1.0,1.02,1000000.0,1000000.0,0,0,0,0,0,0,0,0,0,0,46,2026-02-05 12:09:43.417450
RTM1P48,0.75,0.74,0.76,1000000.0,1000000.0,0,0,0,0,0,0,0,0,0,0,46,2026-02-05 12:09:43.417450
RTM1C49,0.55,0.54,0.56,1000000.0,1000000.0,0,0,0,0,0,0,0,0,0,0,46,2026-02-05 12:09:43.417450
RTM1P49,1.3,1.29,1.31,1000000.0,1000000.0,0,0,0,0,0,0,0,0,0,0,46,2026-02-05 12:09:43.417450
RTM1C50,0.27,0.26,0.28,1000000.0,1000000.0,0,0,0,0,0,0,0,0,0,0,46,2026-02-05 12:09:43.417450
RTM1P50,2.01,2.0,2.02,1000000.0,1000000.0,0,0,0,0,0,0,0,0,0,0,46,2026-02-05 12:09:43.417450
RTM1C51,0.11,0.1,0.12,1000000.0,1000000.0,0,0,0,0,0,0,0,0,0,0,46,2026-02-05 12:09:43.417450
RTM1P51,2.85,2.84,2.86,1000000.0,1000000.0,0,0,0,0,0,0,0,0,0,0,46,2026-02-05 12:09:43.417450
RTM1C52,0.05,0.04,0.06,1000000.0,1000000.0,0,0,0,0,0,0,0,0,0,0,46,2026-02-05 12:09:43.417450
RTM1P52,3.79,3.78,3.8,1000000.0,1000000.0,0,0,0,0,0,0,0,0,0,0,46,2026-02-05 12:09:43.417450
RTM1C53,0.02,0.01,0.03,1000000.0,1000000.0,0,0,0,0,0,0,0,0,0,0,46,2026-02-05 12:09:43.417450
RTM1P53,4.76,4.75,4.77,1000000.0,1000000.0,0,0,0,0,0,0,0,0,0,0,46,2026-02-05 12:09:43.417450
RTM1C54,0.02,0.01,0.03,1000000.0,1000000.0,0,0,0,0,0,0,0,0,0,0,46,2026-02-05 12:09:43.417450
RTM1P54,5.75,5.74,5.76,1000000.0,1000000.0,0,0,0,0,0,0,0,0,0,0,46,2026-02-05 12:09:43.417450
RTM,48.31,48.3,48.32,100000000.0,100000000.0,0,0,0,0,0,0,0,0,0,0,47,2026-02-05 12:09:43.983688
RTM1C45,3.37,3.36,3.38,1000000.0,1000000.0,0,0,0,0,0,0,0,0,0,0,47,2026-02-05 12:09:43.983688
RTM1P45,0.06,0.05,0.07,1000000.0,1000000.0,0,0,0,0,0,0,0,0,0,0,47,2026-02-05 12:09:43.983688
RTM1C46,2.46,2.45,2.47,1000000.0,1000000.0,0,0,0,0,0,0,0,0,0,0,47,2026-02-05 12:09:43.983688
RTM1P46,0.15,0.14,0.16,1000000.0,1000000.0,0,0,0,0,0,0,0,0,0,0,47,2026-02-05 12:09:43.983688
RTM1C47,1.68,1.67,1.69,1000000.0,1000000.0,0,0,0,0,0,0,0,0,0,0,47,2026-02-05 12:09:43.983688
RTM1P47,0.37,0.36,0.38,1000000.0,1000000.0,0,0,0,0,0,0,0,0,0,0,47,2026-02-05 12:09:43.983688
RTM1C48,1.02,1.01,1.03,1000000.0,1000000.0,0,0,0,0,0,0,0,0,0,0,47,2026-02-05 12:09:43.983688
RTM1P48,0.71,0.7,0.72,1000000.0,1000000.0,0,0,0,0,0,0,0,0,0,0,47,2026-02-05 12:09:43.983688
RTM1C49,0.58,0.57,0.59,1000000.0,1000000.0,0,0,0,0,0,0,0,0,0,0,47,2026-02-05 12:09:43.983688
RTM1P49,1.27,1.26,1.28,1000000.0,1000000.0,0,0,0,0,0,0,0,0,0,0,47,2026-02-05 12:09:43.983688
RTM1C50,0.28,0.27,0.29,1000000.0,1000000.0,0,0,0,0,0,0,0,0,0,0,47,2026-02-05 12:09:43.983688
RTM1P50,1.97,1.96,1.98,1000000.0,1000000.0,0,0,0,0,0,0,0,0,0,0,47,2026-02-05 12:09:43.983688
RTM1C51,0.12,0.11,0.13,1000000.0,1000000.0,0,0,0,0,0,0,0,0,0,0,47,2026-02-05 12:09:43.983688
RTM1P51,2.81,2.8,2.82,1000000.0,1000000.0,0,0,0,0,0,0,0,0,0,0,47,2026-02-05 12:09:43.983688
RTM1C52,0.05,0.04,0.06,1000000.0,1000000.0,0,0,0,0,0,0,0,0,0,0,47,2026-02-05 12:09:43.983688
RTM1P52,3.74,3.73,3.75,1000000.0,1000000.0,0,0,0,0,0,0,0,0,0,0,47,2026-02-05 12:09:43.983688
RTM1C53,0.02,0.01,0.03,1000000.0,1000000.0,0,0,0,0,0,0,0,0,0,0,47,2026-02-05 12:09:43.983688
RTM1P53,4.71,4.7,4.72,1000000.0,1000000.0,0,0,0,0,0,0,0,0,0,0,47,2026-02-05 12:09:43.983688
RTM1C54,0.02,0.01,0.03,1000000.0,1000000.0,0,0,0,0,0,0,0,0,0,0,47,2026-02-05 12:09:43.983688
RTM1P54,5.69,5.68,5.7,1000000.0,1000000.0,0,0,0,0,0,0,0,0,0,0,47,2026-02-05 12:09:43.983688
RTM,48.09,48.08,48.1,100000000.0,100000000.0,0,0,0,0,0,0,0,0,0,0,48,2026-02-05 12:09:45.041891
RTM1C45,3.15,3.14,3.16,1000000.0,1000000.0,0,0,0,0,0,0,0,0,0,0,48,2026-02-05 12:09:45.041891
RTM1P45,0.06,0.05,0.07,1000000.0,1000000.0,0,0,0,0,0,0,0,0,0,0,48,2026-02-05 12:09:45.041891
RTM1C46,2.27,2.26,2.28,1000000.0,1000000.0,0,0,0,0,0,0,0,0,0,0,48,2026-02-05 12:09:45.041891
RTM1P46,0.18,0.17,0.19,1000000.0,1000000.0,0,0,0,0,0,0,0,0,0,0,48,2026-02-05 12:09:45.041891
RTM1C47,1.51,1.5,1.52,1000000.0,1000000.0,0,0,0,0,0,0,0,0,0,0,48,2026-02-05 12:09:45.041891
RTM1P47,0.42,0.41,0.43,1000000.0,1000000.0,0,0,0,0,0,0,0,0,0,0,48,2026-02-05 12:09:45.041891
RTM1C48,0.91,0.9,0.92,1000000.0,1000000.0,0,0,0,0,0,0,0,0,0,0,48,2026-02-05 12:09:45.041891
RTM1P48,0.82,0.81,0.83,1000000.0,1000000.0,0,0,0,0,0,0,0,0,0,0,48,2026-02-05 12:09:45.041891
RTM1C49,0.5,0.49,0.51,1000000.0,1000000.0,0,0,0,0,0,0,0,0,0,0,48,2026-02-05 12:09:45.041891
RTM1P49,1.4,1.39,1.41,1000000.0,1000000.0,0,0,0,0,0,0,0,0,0,0,48,2026-02-05 12:09:45.041891
RTM1C50,0.25,0.24,0.26,1000000.0,1000000.0,0,0,0,0,0,0,0,0,0,0,48,2026-02-05 12:09:45.041891
RTM1P50,2.15,2.14,2.16,1000000.0,1000000.0,0,0,0,0,0,0,0,0,0,0,48,2026-02-05 12:09:45.041891
RTM1C51,0.11,0.1,0.12,1000000.0,1000000.0,0,0,0,0,0,0,0,0,0,0,48,2026-02-05 12:09:45.041891
RTM1P51,3.01,3.0,3.02,1000000.0,1000000.0,0,0,0,0,0,0,0,0,0,0,48,2026-02-05 12:09:45.041891
RTM1C52,0.04,0.03,0.05,1000000.0,1000000.0,0,0,0,0,0,0,0,0,0,0,48,2026-02-05 12:09:45.041891
RTM1P52,3.95,3.94,3.96,1000000.0,1000000.0,0,0,0,0,0,0,0,0,0,0,48,2026-02-05 12:09:45.041891
RTM1C53,0.02,0.01,0.03,1000000.0,1000000.0,0,0,0,0,0,0,0,0,0,0,48,2026-02-05 12:09:45.041891
RTM1P53,4.92,4.91,4.93,1000000.0,1000000.0,0,0,0,0,0,0,0,0,0,0,48,2026-02-05 12:09:45.041891
RTM1C54,0.02,0.01,0.03,1000000.0,1000000.0,0,0,0,0,0,0,0,0,0,0,48,2026-02-05 12:09:45.041891
RTM1P54,5.91,5.9,5.92,1000000.0,1000000.0,0,0,0,0,0,0,0,0,0,0,48,2026-02-05 12:09:45.041891
RTM,48.07,48.06,48.08,100000000.0,100000000.0,0,0,0,0,0,0,0,0,0,0,49,2026-02-05 12:09:46.091088
RTM1C45,3.14,3.13,3.15,1000000.0,1000000.0,0,0,0,0,0,0,0,0,0,0,49,2026-02-05 12:09:46.091088
RTM1P45,0.07,0.06,0.08,1000000.0,1000000.0,0,0,0,0,0,0,0,0,0,0,49,2026-02-05 12:09:46.091088
RTM1C46,2.26,2.25,2.27,1000000.0,1000000.0,0,0,0,0,0,0,0,0,0,0,49,2026-02-05 12:09:46.091088
RTM1P46,0.18,0.17,0.19,1000000.0,1000000.0,0,0,0,0,0,0,0,0,0,0,49,2026-02-05 12:09:46.091088
RTM1C47,1.47,1.46,1.48,1000000.0,1000000.0,0,0,0,0,0,0,0,0,0,0,49,2026-02-05 12:09:46.091088
RTM1P47,0.4,0.39,0.41,1000000.0,1000000.0,0,0,0,0,0,0,0,0,0,0,49,2026-02-05 12:09:46.091088
RTM1C48,0.89,0.88,0.9,1000000.0,1000000.0,0,0,0,0,0,0,0,0,0,0,49,2026-02-05 12:09:46.091088
RTM1P48,0.82,0.81,0.83,1000000.0,1000000.0,0,0,0,0,0,0,0,0,0,0,49,2026-02-05 12:09:46.091088
RTM1C49,0.45,0.44,0.46,1000000.0,1000000.0,0,0,0,0,0,0,0,0,0,0,49,2026-02-05 12:09:46.091088
RTM1P49,1.38,1.37,1.39,1000000.0,1000000.0,0,0,0,0,0,0,0,0,0,0,49,2026-02-05 12:09:46.091088
RTM1C50,0.21,0.2,0.22,1000000.0,1000000.0,0,0,0,0,0,0,0,0,0,0,49,2026-02-05 12:09:46.091088
RTM1P50,2.14,2.13,2.15,1000000.0,1000000.0,0,0,0,0,0,0,0,0,0,0,49,2026-02-05 12:09:46.091088
RTM1C51,0.1,0.09,0.11,1000000.0,1000000.0,0,0,0,0,0,0,0,0,0,0,49,2026-02-05 12:09:46.091088
RTM1P51,3.02,3.01,3.03,1000000.0,1000000.0,0,0,0,0,0,0,0,0,0,0,49,2026-02-05 12:09:46.091088
RTM1C52,0.03,0.02,0.04,1000000.0,1000000.0,0,0,0,0,0,0,0,0,0,0,49,2026-02-05 12:09:46.091088
RTM1P52,3.96,3.95,3.97,1000000.0,1000000.0,0,0,0,0,0,0,0,0,0,0,49,2026-02-05 12:09:46.091088
RTM1C53,0.02,0.01,0.03,1000000.0,1000000.0,0,0,0,0,0,0,0,0,0,0,49,2026-02-05 12:09:46.091088
RTM1P53,4.94,4.93,4.95,1000000.0,1000000.0,0,0,0,0,0,0,0,0,0,0,49,2026-02-05 12:09:46.091088
RTM1C54,0.02,0.01,0.03,1000000.0,1000000.0,0,0,0,0,0,0,0,0,0,0,49,2026-02-05 12:09:46.091088
RTM1P54,5.93,5.92,5.94,1000000.0,1000000.0,0,0,0,0,0,0,0,0,0,0,49,2026-02-05 12:09:46.091088
RTM,48.05,48.04,48.06,100000000.0,100000000.0,0,0,0,0,0,0,0,0,0,0,50,2026-02-05 12:09:47.151485
RTM1C45,3.1,3.09,3.11,1000000.0,1000000.0,0,0,0,0,0,0,0,0,0,0,50,2026-02-05 12:09:47.151485
RTM1P45,0.06,0.05,0.07,1000000.0,1000000.0,0,0,0,0,0,0,0,0,0,0,50,2026-02-05 12:09:47.151485
RTM1C46,2.22,2.21,2.23,1000000.0,1000000.0,0,0,0,0,0,0,0,0,0,0,50,2026-02-05 12:09:47.151485
RTM1P46,0.17,0.16,0.18,1000000.0,1000000.0,0,0,0,0,0,0,0,0,0,0,50,2026-02-05 12:09:47.151485
RTM1C47,1.46,1.45,1.47,1000000.0,1000000.0,0,0,0,0,0,0,0,0,0,0,50,2026-02-05 12:09:47.151485
RTM1P47,0.41,0.4,0.42,1000000.0,1000000.0,0,0,0,0,0,0,0,0,0,0,50,2026-02-05 12:09:47.151485
RTM1C48,0.89,0.88,0.9,1000000.0,1000000.0,0,0,0,0,0,0,0,0,0,0,50,2026-02-05 12:09:47.151485
RTM1P48,0.85,0.84,0.86,1000000.0,1000000.0,0,0,0,0,0,0,0,0,0,0,50,2026-02-05 12:09:47.151485
RTM1C49,0.46,0.45,0.47,1000000.0,1000000.0,0,0,0,0,0,0,0,0,0,0,50,2026-02-05 12:09:47.151485
RTM1P49,1.41,1.4,1.42,1000000.0,1000000.0,0,0,0,0,0,0,0,0,0,0,50,2026-02-05 12:09:47.151485
RTM1C50,0.24,0.23,0.25,1000000.0,1000000.0,0,0,0,0,0,0,0,0,0,0,50,2026-02-05 12:09:47.151485
RTM1P50,2.19,2.18,2.2,1000000.0,1000000.0,0,0,0,0,0,0,0,0,0,0,50,2026-02-05 12:09:47.151485
RTM1C51,0.1,0.09,0.11,1000000.0,1000000.0,0,0,0,0,0,0,0,0,0,0,50,2026-02-05 12:09:47.151485
RTM1P51,3.05,3.04,3.06,1000000.0,1000000.0,0,0,0,0,0,0,0,0,0,0,50,2026-02-05 12:09:47.151485
RTM1C52,0.04,0.03,0.05,1000000.0,1000000.0,0,0,0,0,0,0,0,0,0,0,50,2026-02-05 12:09:47.151485
RTM1P52,3.99,3.98,4.0,1000000.0,1000000.0,0,0,0,0,0,0,0,0,0,0,50,2026-02-05 12:09:47.151485
RTM1C53,0.02,0.01,0.03,1000000.0,1000000.0,0,0,0,0,0,0,0,0,0,0,50,2026-02-05 12:09:47.151485
RTM1P53,4.96,4.95,4.97,1000000.0,1000000.0,0,0,0,0,0,0,0,0,0,0,50,2026-02-05 12:09:47.151485
RTM1C54,0.02,0.01,0.03,1000000.0,1000000.0,0,0,0,0,0,0,0,0,0,0,50,2026-02-05 12:09:47.151485
RTM1P54,5.96,5.95,5.97,1000000.0,1000000.0,0,0,0,0,0,0,0,0,0,0,50,2026-02-05 12:09:47.151485
RTM,48.26,48.25,48.27,100000000.0,100000000.0,0,0,0,0,0,0,0,0,0,0,51,2026-02-05 12:09:48.217569
RTM1C45,3.32,3.31,3.33,1000000.0,1000000.0,0,0,0,0,0,0,0,0,0,0,51,2026-02-05 12:09:48.217569
RTM1P45,0.06,0.05,0.07,1000000.0,1000000.0,0,0,0,0,0,0,0,0,0,0,51,2026-02-05 12:09:48.217569
RTM1C46,2.41,2.4,2.42,1000000.0,1000000.0,0,0,0,0,0,0,0,0,0,0,51,2026-02-05 12:09:48.217569
RTM1P46,0.15,0.14,0.16,1000000.0,1000000.0,0,0,0,0,0,0,0,0,0,0,51,2026-02-05 12:09:48.217569
RTM1C47,1.63,1.62,1.64,1000000.0,1000000.0,0,0,0,0,0,0,0,0,0,0,51,2026-02-05 12:09:48.217569
RTM1P47,0.37,0.36,0.38,1000000.0,1000000.0,0,0,0,0,0,0,0,0,0,0,51,2026-02-05 12:09:48.217569
RTM1C48,0.98,0.97,0.99,1000000.0,1000000.0,0,0,0,0,0,0,0,0,0,0,51,2026-02-05 12:09:48.217569
RTM1P48,0.72,0.71,0.73,1000000.0,1000000.0,0,0,0,0,0,0,0,0,0,0,51,2026-02-05 12:09:48.217569
RTM1C49,0.57,0.56,0.58,1000000.0,1000000.0,0,0,0,0,0,0,0,0,0,0,51,2026-02-05 12:09:48.217569
RTM1P49,1.31,1.3,1.32,1000000.0,1000000.0,0,0,0,0,0,0,0,0,0,0,51,2026-02-05 12:09:48.217569
RTM1C50,0.28,0.27,0.29,1000000.0,1000000.0,0,0,0,0,0,0,0,0,0,0,51,2026-02-05 12:09:48.217569
RTM1P50,2.02,2.01,2.03,1000000.0,1000000.0,0,0,0,0,0,0,0,0,0,0,51,2026-02-05 12:09:48.217569
RTM1C51,0.11,0.1,0.12,1000000.0,1000000.0,0,0,0,0,0,0,0,0,0,0,51,2026-02-05 12:09:48.217569
RTM1P51,2.85,2.84,2.86,1000000.0,1000000.0,0,0,0,0,0,0,0,0,0,0,51,2026-02-05 12:09:48.217569
RTM1C52,0.04,0.03,0.05,1000000.0,1000000.0,0,0,0,0,0,0,0,0,0,0,51,2026-02-05 12:09:48.217569
RTM1P52,3.78,3.77,3.79,1000000.0,1000000.0,0,0,0,0,0,0,0,0,0,0,51,2026-02-05 12:09:48.217569
