ticker,last_price,bid_price,ask_price,BUY_ANON,SELL_ANON,BUY_DUBL-1,SELL_GIOT-1,BUY_UEBR-3,BUY_GIOT-1,SELL_DUBL-1,BUY_UBCT-2,SELL_UBCT-2,SELL_UEBR-3,tick,timestamp,news_news_id,news_period,news_tick,news_ticker,news_headline,news_body
RTM,50.0,0.0,0.0,100000000.0,100000000.0,0,0,0,0,0,0,0,0,1,2026-02-05 05:08:21.875120,2.0,1.0,1.0,Week 1,Delta limit and penalty,The delta limit for this sub-heat is 12000 and the penalty percentage is 2%
RTM1C45,5.09,0.0,0.0,1000000.0,1000000.0,0,0,0,0,0,0,0,0,1,2026-02-05 05:08:21.875120,1.0,1.0,1.0,Week 1,Risk free rate and current annualized volatility of RTM,The current risk free rate is 0%. RTM is an ETF that mimics one of the major indices in the simulated world and its current annualized realized volatility is 19%. This simulation consists of 20 trading days that are each 15 ticks in length.
RTM1P45,0.09,0.0,0.0,1000000.0,1000000.0,0,0,0,0,0,0,0,0,1,2026-02-05 05:08:21.875120,,,,,,
RTM1C46,4.18,0.0,0.0,1000000.0,1000000.0,0,0,0,0,0,0,0,0,1,2026-02-05 05:08:21.875120,,,,,,
RTM1P46,0.18,0.0,0.0,1000000.0,1000000.0,0,0,0,0,0,0,0,0,1,2026-02-05 05:08:21.875120,,,,,,
RTM1C47,3.33,0.0,0.0,1000000.0,1000000.0,0,0,0,0,0,0,0,0,1,2026-02-05 05:08:21.875120,,,,,,
RTM1P47,0.33,0.0,0.0,1000000.0,1000000.0,0,0,0,0,0,0,0,0,1,2026-02-05 05:08:21.875120,,,,,,
RTM1C48,2.57,0.0,0.0,1000000.0,1000000.0,0,0,0,0,0,0,0,0,1,2026-02-05 05:08:21.875120,,,,,,
RTM1P48,0.57,0.0,0.0,1000000.0,1000000.0,0,0,0,0,0,0,0,0,1,2026-02-05 05:08:21.875120,,,,,,
RTM1C49,1.98,0.0,0.0,1000000.0,1000000.0,0,0,0,0,0,0,0,0,1,2026-02-05 05:08:21.875120,,,,,,
RTM1P49,0.98,0.0,0.0,1000000.0,1000000.0,0,0,0,0,0,0,0,0,1,2026-02-05 05:08:21.875120,,,,,,
RTM1C50,1.33,0.0,0.0,1000000.0,1000000.0,0,0,0,0,0,0,0,0,1,2026-02-05 05:08:21.875120,,,,,,
RTM1P50,1.33,0.0,0.0,1000000.0,1000000.0,0,0,0,0,0,0,0,0,1,2026-02-05 05:08:21.875120,,,,,,
RTM1C51,1.01,0.0,0.0,1000000.0,1000000.0,0,0,0,0,0,0,0,0,1,2026-02-05 05:08:21.875120,,,,,,
RTM1P51,2.01,0.0,0.0,1000000.0,1000000.0,0,0,0,0,0,0,0,0,1,2026-02-05 05:08:21.875120,,,,,,
RTM1C52,0.61,0.0,0.0,1000000.0,1000000.0,0,0,0,0,0,0,0,0,1,2026-02-05 05:08:21.875120,,,,,,
RTM1P52,2.61,0.0,0.0,1000000.0,1000000.0,0,0,0,0,0,0,0,0,1,2026-02-05 05:08:21.875120,,,,,,
RTM1C53,0.38,0.0,0.0,1000000.0,1000000.0,0,0,0,0,0,0,0,0,1,2026-02-05 05:08:21.875120,,,,,,
RTM1P53,3.38,0.0,0.0,1000000.0,1000000.0,0,0,0,0,0,0,0,0,1,2026-02-05 05:08:21.875120,,,,,,
RTM1C54,0.22,0.0,0.0,1000000.0,1000000.0,0,0,0,0,0,0,0,0,1,2026-02-05 05:08:21.875120,,,,,,
RTM1P54,4.22,0.0,0.0,1000000.0,1000000.0,0,0,0,0,0,0,0,0,1,2026-02-05 05:08:21.875120,,,,,,
RTM,49.91,49.9,49.92,100000000.0,100000000.0,0,0,0,0,0,0,0,0,2,2026-02-05 05:08:23.016797
RTM1C45,5.04,5.02,5.04,1000000.0,1000000.0,0,0,0,0,0,0,0,0,2,2026-02-05 05:08:23.016797
RTM1P45,0.12,0.11,0.13,1000000.0,1000000.0,0,0,0,0,0,0,0,0,2,2026-02-05 05:08:23.016797
RTM1C46,4.15,4.14,4.16,1000000.0,1000000.0,0,0,0,0,0,0,0,0,2,2026-02-05 05:08:23.016797
RTM1P46,0.24,0.23,0.25,1000000.0,1000000.0,0,0,0,0,0,0,0,0,2,2026-02-05 05:08:23.016797
RTM1C47,3.23,3.22,3.24,1000000.0,1000000.0,0,0,0,0,0,0,0,0,2,2026-02-05 05:08:23.016797
RTM1P47,0.33,0.32,0.34,1000000.0,1000000.0,0,0,0,0,0,0,0,0,2,2026-02-05 05:08:23.016797
RTM1C48,2.46,2.45,2.47,1000000.0,1000000.0,0,0,0,0,0,0,0,0,2,2026-02-05 05:08:23.016797
RTM1P48,0.55,0.54,0.56,1000000.0,1000000.0,0,0,0,0,0,0,0,0,2,2026-02-05 05:08:23.016797
RTM1C49,1.92,1.91,1.93,1000000.0,1000000.0,0,0,0,0,0,0,0,0,2,2026-02-05 05:08:23.016797
RTM1P49,1.02,1.01,1.03,1000000.0,1000000.0,0,0,0,0,0,0,0,0,2,2026-02-05 05:08:23.016797
RTM1C50,1.32,1.31,1.33,1000000.0,1000000.0,0,0,0,0,0,0,0,0,2,2026-02-05 05:08:23.016797
RTM1P50,1.41,1.4,1.42,1000000.0,1000000.0,0,0,0,0,0,0,0,0,2,2026-02-05 05:08:23.016797
RTM1C51,0.94,0.94,0.96,1000000.0,1000000.0,0,0,0,0,0,0,0,0,2,2026-02-05 05:08:23.016797
RTM1P51,2.04,2.03,2.05,1000000.0,1000000.0,0,0,0,0,0,0,0,0,2,2026-02-05 05:08:23.016797
RTM1C52,0.62,0.61,0.63,1000000.0,1000000.0,0,0,0,0,0,0,0,0,2,2026-02-05 05:08:23.016797
RTM1P52,2.71,2.7,2.72,1000000.0,1000000.0,0,0,0,0,0,0,0,0,2,2026-02-05 05:08:23.016797
RTM1C53,0.38,0.37,0.39,1000000.0,1000000.0,0,0,0,0,0,0,0,0,2,2026-02-05 05:08:23.016797
RTM1P53,3.47,3.46,3.48,1000000.0,1000000.0,0,0,0,0,0,0,0,0,2,2026-02-05 05:08:23.016797
RTM1C54,0.28,0.27,0.29,1000000.0,1000000.0,0,0,0,0,0,0,0,0,2,2026-02-05 05:08:23.016797
RTM1P54,4.37,4.36,4.38,1000000.0,1000000.0,0,0,0,0,0,0,0,0,2,2026-02-05 05:08:23.016797
RTM,49.91,49.9,49.92,100000000.0,100000000.0,0,0,0,0,0,0,0,0,3,2026-02-05 05:08:24.108432
RTM1C45,5.03,5.02,5.04,1000000.0,1000000.0,0,0,0,0,0,0,0,0,3,2026-02-05 05:08:24.108432
RTM1P45,0.13,0.12,0.14,1000000.0,1000000.0,0,0,0,0,0,0,0,0,3,2026-02-05 05:08:24.108432
RTM1C46,4.15,4.14,4.16,1000000.0,1000000.0,0,0,0,0,0,0,0,0,3,2026-02-05 05:08:24.108432
RTM1P46,0.25,0.24,0.26,1000000.0,1000000.0,0,0,0,0,0,0,0,0,3,2026-02-05 05:08:24.108432
RTM1C47,3.33,3.32,3.34,1000000.0,1000000.0,0,0,0,0,0,0,0,0,3,2026-02-05 05:08:24.108432
RTM1P47,0.42,0.41,0.43,1000000.0,1000000.0,0,0,0,0,0,0,0,0,3,2026-02-05 05:08:24.108432
RTM1C48,2.55,2.54,2.56,1000000.0,1000000.0,0,0,0,0,0,0,0,0,3,2026-02-05 05:08:24.108432
RTM1P48,0.64,0.63,0.65,1000000.0,1000000.0,0,0,0,0,0,0,0,0,3,2026-02-05 05:08:24.108432
RTM1C49,1.86,1.85,1.87,1000000.0,1000000.0,0,0,0,0,0,0,0,0,3,2026-02-05 05:08:24.108432
RTM1P49,0.95,0.94,0.96,1000000.0,1000000.0,0,0,0,0,0,0,0,0,3,2026-02-05 05:08:24.108432
RTM1C50,1.3,1.29,1.31,1000000.0,1000000.0,0,0,0,0,0,0,0,0,3,2026-02-05 05:08:24.108432
RTM1P50,1.39,1.38,1.4,1000000.0,1000000.0,0,0,0,0,0,0,0,0,3,2026-02-05 05:08:24.108432
RTM1C51,0.9,0.89,0.91,1000000.0,1000000.0,0,0,0,0,0,0,0,0,3,2026-02-05 05:08:24.108432
RTM1P51,2.0,1.99,2.01,1000000.0,1000000.0,0,0,0,0,0,0,0,0,3,2026-02-05 05:08:24.108432
RTM1C52,0.62,0.61,0.63,1000000.0,1000000.0,0,0,0,0,0,0,0,0,3,2026-02-05 05:08:24.108432
RTM1P52,2.71,2.7,2.72,1000000.0,1000000.0,0,0,0,0,0,0,0,0,3,2026-02-05 05:08:24.108432
RTM1C53,0.45,0.44,0.46,1000000.0,1000000.0,0,0,0,0,0,0,0,0,3,2026-02-05 05:08:24.108432
RTM1P53,3.55,3.54,3.56,1000000.0,1000000.0,0,0,0,0,0,0,0,0,3,2026-02-05 05:08:24.108432
RTM1C54,0.27,0.26,0.28,1000000.0,1000000.0,0,0,0,0,0,0,0,0,3,2026-02-05 05:08:24.108432
RTM1P54,4.36,4.35,4.37,1000000.0,1000000.0,0,0,0,0,0,0,0,0,3,2026-02-05 05:08:24.108432
RTM,50.16,50.15,50.17,100000000.0,100000000.0,0,0,0,0,0,0,0,0,4,2026-02-05 05:08:24.691318
RTM1C45,5.27,5.26,5.28,1000000.0,1000000.0,0,0,0,0,0,0,0,0,4,2026-02-05 05:08:24.691318
RTM1P45,0.12,0.11,0.13,1000000.0,1000000.0,0,0,0,0,0,0,0,0,4,2026-02-05 05:08:24.691318
RTM1C46,4.29,4.28,4.3,1000000.0,1000000.0,0,0,0,0,0,0,0,0,4,2026-02-05 05:08:24.691318
RTM1P46,0.14,0.13,0.15,1000000.0,1000000.0,0,0,0,0,0,0,0,0,4,2026-02-05 05:08:24.691318
RTM1C47,3.42,3.41,3.43,1000000.0,1000000.0,0,0,0,0,0,0,0,0,4,2026-02-05 05:08:24.691318
RTM1P47,0.27,0.26,0.28,1000000.0,1000000.0,0,0,0,0,0,0,0,0,4,2026-02-05 05:08:24.691318
RTM1C48,2.73,2.72,2.74,1000000.0,1000000.0,0,0,0,0,0,0,0,0,4,2026-02-05 05:08:24.691318
RTM1P48,0.58,0.57,0.59,1000000.0,1000000.0,0,0,0,0,0,0,0,0,4,2026-02-05 05:08:24.691318
RTM1C49,1.94,1.93,1.95,1000000.0,1000000.0,0,0,0,0,0,0,0,0,4,2026-02-05 05:08:24.691318
RTM1P49,0.78,0.77,0.79,1000000.0,1000000.0,0,0,0,0,0,0,0,0,4,2026-02-05 05:08:24.691318
RTM1C50,1.43,1.42,1.44,1000000.0,1000000.0,0,0,0,0,0,0,0,0,4,2026-02-05 05:08:24.691318
RTM1P50,1.28,1.27,1.29,1000000.0,1000000.0,0,0,0,0,0,0,0,0,4,2026-02-05 05:08:24.691318
RTM1C51,1.1,1.09,1.11,1000000.0,1000000.0,0,0,0,0,0,0,0,0,4,2026-02-05 05:08:24.691318
RTM1P51,1.94,1.93,1.95,1000000.0,1000000.0,0,0,0,0,0,0,0,0,4,2026-02-05 05:08:24.691318
RTM1C52,0.75,0.74,0.76,1000000.0,1000000.0,0,0,0,0,0,0,0,0,4,2026-02-05 05:08:24.691318
RTM1P52,2.6,2.59,2.61,1000000.0,1000000.0,0,0,0,0,0,0,0,0,4,2026-02-05 05:08:24.691318
RTM1C53,0.43,0.42,0.44,1000000.0,1000000.0,0,0,0,0,0,0,0,0,4,2026-02-05 05:08:24.691318
RTM1P53,3.27,3.26,3.28,1000000.0,1000000.0,0,0,0,0,0,0,0,0,4,2026-02-05 05:08:24.691318
RTM1C54,0.27,0.26,0.28,1000000.0,1000000.0,0,0,0,0,0,0,0,0,4,2026-02-05 05:08:24.691318
RTM1P54,4.12,4.11,4.13,1000000.0,1000000.0,0,0,0,0,0,0,0,0,4,2026-02-05 05:08:24.691318
RTM,50.24,50.23,50.25,100000000.0,100000000.0,0,0,0,0,0,0,0,0,5,2026-02-05 05:08:25.760427
RTM1C45,5.33,5.32,5.34,1000000.0,1000000.0,0,0,0,0,0,0,0,0,5,2026-02-05 05:08:25.760427
RTM1P45,0.09,0.08,0.1,1000000.0,1000000.0,0,0,0,0,0,0,0,0,5,2026-02-05 05:08:25.760427
RTM1C46,4.39,4.38,4.4,1000000.0,1000000.0,0,0,0,0,0,0,0,0,5,2026-02-05 05:08:25.760427
RTM1P46,0.15,0.14,0.16,1000000.0,1000000.0,0,0,0,0,0,0,0,0,5,2026-02-05 05:08:25.760427
RTM1C47,3.49,3.48,3.5,1000000.0,1000000.0,0,0,0,0,0,0,0,0,5,2026-02-05 05:08:25.760427
RTM1P47,0.24,0.23,0.25,1000000.0,1000000.0,0,0,0,0,0,0,0,0,5,2026-02-05 05:08:25.760427
RTM1C48,2.71,2.7,2.72,1000000.0,1000000.0,0,0,0,0,0,0,0,0,5,2026-02-05 05:08:25.760427
RTM1P48,0.47,0.46,0.48,1000000.0,1000000.0,0,0,0,0,0,0,0,0,5,2026-02-05 05:08:25.760427
RTM1C49,2.14,2.13,2.15,1000000.0,1000000.0,0,0,0,0,0,0,0,0,5,2026-02-05 05:08:25.760427
RTM1P49,0.9,0.89,0.91,1000000.0,1000000.0,0,0,0,0,0,0,0,0,5,2026-02-05 05:08:25.760427
RTM1C50,1.43,1.42,1.44,1000000.0,1000000.0,0,0,0,0,0,0,0,0,5,2026-02-05 05:08:25.760427
RTM1P50,1.19,1.18,1.2,1000000.0,1000000.0,0,0,0,0,0,0,0,0,5,2026-02-05 05:08:25.760427
RTM1C51,1.1,1.09,1.11,1000000.0,1000000.0,0,0,0,0,0,0,0,0,5,2026-02-05 05:08:25.760427
RTM1P51,1.85,1.84,1.86,1000000.0,1000000.0,0,0,0,0,0,0,0,0,5,2026-02-05 05:08:25.760427
RTM1C52,0.73,0.72,0.74,1000000.0,1000000.0,0,0,0,0,0,0,0,0,5,2026-02-05 05:08:25.760427
RTM1P52,2.49,2.48,2.5,1000000.0,1000000.0,0,0,0,0,0,0,0,0,5,2026-02-05 05:08:25.760427
RTM1C53,0.46,0.45,0.47,1000000.0,1000000.0,0,0,0,0,0,0,0,0,5,2026-02-05 05:08:25.760427
RTM1P53,3.22,3.21,3.23,1000000.0,1000000.0,0,0,0,0,0,0,0,0,5,2026-02-05 05:08:25.760427
RTM1C54,0.29,0.28,0.3,1000000.0,1000000.0,0,0,0,0,0,0,0,0,5,2026-02-05 05:08:25.760427
RTM1P54,4.05,4.04,4.06,1000000.0,1000000.0,0,0,0,0,0,0,0,0,5,2026-02-05 05:08:25.760427
RTM,50.19,50.18,50.2,100000000.0,100000000.0,0,0,0,0,0,0,0,0,6,2026-02-05 05:08:26.826075
RTM1C45,5.26,5.25,5.27,1000000.0,1000000.0,0,0,0,0,0,0,0,0,6,2026-02-05 05:08:26.826075
RTM1P45,0.07,0.06,0.08,1000000.0,1000000.0,0,0,0,0,0,0,0,0,6,2026-02-05 05:08:26.826075
RTM1C46,4.35,4.34,4.36,1000000.0,1000000.0,0,0,0,0,0,0,0,0,6,2026-02-05 05:08:26.826075
RTM1P46,0.16,0.15,0.17,1000000.0,1000000.0,0,0,0,0,0,0,0,0,6,2026-02-05 05:08:26.826075
RTM1C47,3.5,3.49,3.51,1000000.0,1000000.0,0,0,0,0,0,0,0,0,6,2026-02-05 05:08:26.826075
RTM1P47,0.31,0.3,0.32,1000000.0,1000000.0,0,0,0,0,0,0,0,0,6,2026-02-05 05:08:26.826075
RTM1C48,2.75,2.74,2.76,1000000.0,1000000.0,0,0,0,0,0,0,0,0,6,2026-02-05 05:08:26.826075
RTM1P48,0.55,0.54,0.56,1000000.0,1000000.0,0,0,0,0,0,0,0,0,6,2026-02-05 05:08:26.826075
RTM1C49,1.97,1.96,1.98,1000000.0,1000000.0,0,0,0,0,0,0,0,0,6,2026-02-05 05:08:26.826075
RTM1P49,0.78,0.77,0.79,1000000.0,1000000.0,0,0,0,0,0,0,0,0,6,2026-02-05 05:08:26.826075
RTM1C50,1.5,1.49,1.51,1000000.0,1000000.0,0,0,0,0,0,0,0,0,6,2026-02-05 05:08:26.826075
RTM1P50,1.31,1.3,1.32,1000000.0,1000000.0,0,0,0,0,0,0,0,0,6,2026-02-05 05:08:26.826075
RTM1C51,0.94,0.93,0.95,1000000.0,1000000.0,0,0,0,0,0,0,0,0,6,2026-02-05 05:08:26.826075
RTM1P51,1.75,1.74,1.76,1000000.0,1000000.0,0,0,0,0,0,0,0,0,6,2026-02-05 05:08:26.826075
RTM1C52,0.77,0.76,0.78,1000000.0,1000000.0,0,0,0,0,0,0,0,0,6,2026-02-05 05:08:26.826075
RTM1P52,2.57,2.56,2.58,1000000.0,1000000.0,0,0,0,0,0,0,0,0,6,2026-02-05 05:08:26.826075
RTM1C53,0.42,0.41,0.43,1000000.0,1000000.0,0,0,0,0,0,0,0,0,6,2026-02-05 05:08:26.826075
RTM1P53,3.22,3.21,3.23,1000000.0,1000000.0,0,0,0,0,0,0,0,0,6,2026-02-05 05:08:26.826075
RTM1C54,0.26,0.25,0.27,1000000.0,1000000.0,0,0,0,0,0,0,0,0,6,2026-02-05 05:08:26.826075
RTM1P54,4.06,4.05,4.07,1000000.0,1000000.0,0,0,0,0,0,0,0,0,6,2026-02-05 05:08:26.826075
RTM,50.09,50.08,50.1,100000000.0,100000000.0,0,0,0,0,0,0,0,0,7,2026-02-05 05:08:27.966951
RTM1C45,5.17,5.16,5.18,1000000.0,1000000.0,0,0,0,0,0,0,0,0,7,2026-02-05 05:08:27.966951
RTM1P45,0.08,0.07,0.09,1000000.0,1000000.0,0,0,0,0,0,0,0,0,7,2026-02-05 05:08:27.966951
RTM1C46,4.28,4.27,4.29,1000000.0,1000000.0,0,0,0,0,0,0,0,0,7,2026-02-05 05:08:27.966951
RTM1P46,0.19,0.18,0.2,1000000.0,1000000.0,0,0,0,0,0,0,0,0,7,2026-02-05 05:08:27.966951
RTM1C47,3.4,3.39,3.41,1000000.0,1000000.0,0,0,0,0,0,0,0,0,7,2026-02-05 05:08:27.966951
RTM1P47,0.31,0.3,0.32,1000000.0,1000000.0,0,0,0,0,0,0,0,0,7,2026-02-05 05:08:27.966951
RTM1C48,2.69,2.68,2.7,1000000.0,1000000.0,0,0,0,0,0,0,0,0,7,2026-02-05 05:08:27.966951
RTM1P48,0.6,0.59,0.61,1000000.0,1000000.0,0,0,0,0,0,0,0,0,7,2026-02-05 05:08:27.966951
RTM1C49,1.88,1.87,1.89,1000000.0,1000000.0,0,0,0,0,0,0,0,0,7,2026-02-05 05:08:27.966951
RTM1P49,0.79,0.78,0.8,1000000.0,1000000.0,0,0,0,0,0,0,0,0,7,2026-02-05 05:08:27.966951
RTM1C50,1.34,1.33,1.35,1000000.0,1000000.0,0,0,0,0,0,0,0,0,7,2026-02-05 05:08:27.966951
RTM1P50,1.25,1.24,1.26,1000000.0,1000000.0,0,0,0,0,0,0,0,0,7,2026-02-05 05:08:27.966951
RTM1C51,0.98,0.97,0.99,1000000.0,1000000.0,0,0,0,0,0,0,0,0,7,2026-02-05 05:08:27.966951
RTM1P51,1.89,1.88,1.9,1000000.0,1000000.0,0,0,0,0,0,0,0,0,7,2026-02-05 05:08:27.966951
RTM1C52,0.73,0.72,0.74,1000000.0,1000000.0,0,0,0,0,0,0,0,0,7,2026-02-05 05:08:27.966951
RTM1P52,2.63,2.62,2.64,1000000.0,1000000.0,0,0,0,0,0,0,0,0,7,2026-02-05 05:08:27.966951
RTM1C53,0.4,0.39,0.41,1000000.0,1000000.0,0,0,0,0,0,0,0,0,7,2026-02-05 05:08:27.966951
RTM1P53,3.31,3.3,3.32,1000000.0,1000000.0,0,0,0,0,0,0,0,0,7,2026-02-05 05:08:27.966951
RTM1C54,0.25,0.24,0.26,1000000.0,1000000.0,0,0,0,0,0,0,0,0,7,2026-02-05 05:08:27.966951
RTM1P54,4.16,4.15,4.17,1000000.0,1000000.0,0,0,0,0,0,0,0,0,7,2026-02-05 05:08:27.966951
RTM,49.79,49.78,49.8,100000000.0,100000000.0,0,0,0,0,0,0,0,0,8,2026-02-05 05:08:29.042018
RTM1C45,4.88,4.87,4.89,1000000.0,1000000.0,0,0,0,0,0,0,0,0,8,2026-02-05 05:08:29.042018
RTM1P45,0.09,0.08,0.1,1000000.0,1000000.0,0,0,0,0,0,0,0,0,8,2026-02-05 05:08:29.042018
RTM1C46,4.04,4.03,4.05,1000000.0,1000000.0,0,0,0,0,0,0,0,0,8,2026-02-05 05:08:29.042018
RTM1P46,0.25,0.24,0.26,1000000.0,1000000.0,0,0,0,0,0,0,0,0,8,2026-02-05 05:08:29.042018
RTM1C47,3.15,3.14,3.16,1000000.0,1000000.0,0,0,0,0,0,0,0,0,8,2026-02-05 05:08:29.042018
RTM1P47,0.36,0.35,0.37,1000000.0,1000000.0,0,0,0,0,0,0,0,0,8,2026-02-05 05:08:29.042018
RTM1C48,2.48,2.47,2.49,1000000.0,1000000.0,0,0,0,0,0,0,0,0,8,2026-02-05 05:08:29.042018
RTM1P48,0.69,0.68,0.7,1000000.0,1000000.0,0,0,0,0,0,0,0,0,8,2026-02-05 05:08:29.042018
RTM1C49,1.81,1.8,1.82,1000000.0,1000000.0,0,0,0,0,0,0,0,0,8,2026-02-05 05:08:29.042018
RTM1P49,1.02,1.01,1.03,1000000.0,1000000.0,0,0,0,0,0,0,0,0,8,2026-02-05 05:08:29.042018
RTM1C50,1.19,1.18,1.2,1000000.0,1000000.0,0,0,0,0,0,0,0,0,8,2026-02-05 05:08:29.042018
RTM1P50,1.4,1.39,1.41,1000000.0,1000000.0,0,0,0,0,0,0,0,0,8,2026-02-05 05:08:29.042018
RTM1C51,0.77,0.76,0.78,1000000.0,1000000.0,0,0,0,0,0,0,0,0,8,2026-02-05 05:08:29.042018
RTM1P51,1.98,1.97,1.99,1000000.0,1000000.0,0,0,0,0,0,0,0,0,8,2026-02-05 05:08:29.042018
RTM1C52,0.54,0.53,0.55,1000000.0,1000000.0,0,0,0,0,0,0,0,0,8,2026-02-05 05:08:29.042018
RTM1P52,2.75,2.74,2.76,1000000.0,1000000.0,0,0,0,0,0,0,0,0,8,2026-02-05 05:08:29.042018
RTM1C53,0.39,0.38,0.4,1000000.0,1000000.0,0,0,0,0,0,0,0,0,8,2026-02-05 05:08:29.042018
RTM1P53,3.6,3.59,3.61,1000000.0,1000000.0,0,0,0,0,0,0,0,0,8,2026-02-05 05:08:29.042018
RTM1C54,0.21,0.2,0.22,1000000.0,1000000.0,0,0,0,0,0,0,0,0,8,2026-02-05 05:08:29.042018
RTM1P54,4.42,4.41,4.43,1000000.0,1000000.0,0,0,0,0,0,0,0,0,8,2026-02-05 05:08:29.042018
RTM,49.74,49.73,49.75,100000000.0,100000000.0,0,0,0,0,0,0,0,0,9,2026-02-05 05:08:30.111223
RTM1C45,4.83,4.82,4.84,1000000.0,1000000.0,0,0,0,0,0,0,0,0,9,2026-02-05 05:08:30.111223
RTM1P45,0.09,0.08,0.1,1000000.0,1000000.0,0,0,0,0,0,0,0,0,9,2026-02-05 05:08:30.111223
RTM1C46,3.92,3.91,3.93,1000000.0,1000000.0,0,0,0,0,0,0,0,0,9,2026-02-05 05:08:30.111223
RTM1P46,0.18,0.17,0.19,1000000.0,1000000.0,0,0,0,0,0,0,0,0,9,2026-02-05 05:08:30.111223
RTM1C47,3.18,3.17,3.19,1000000.0,1000000.0,0,0,0,0,0,0,0,0,9,2026-02-05 05:08:30.111223
RTM1P47,0.43,0.42,0.44,1000000.0,1000000.0,0,0,0,0,0,0,0,0,9,2026-02-05 05:08:30.111223
RTM1C48,2.39,2.38,2.4,1000000.0,1000000.0,0,0,0,0,0,0,0,0,9,2026-02-05 05:08:30.111223
RTM1P48,0.64,0.63,0.65,1000000.0,1000000.0,0,0,0,0,0,0,0,0,9,2026-02-05 05:08:30.111223
RTM1C49,1.76,1.75,1.77,1000000.0,1000000.0,0,0,0,0,0,0,0,0,9,2026-02-05 05:08:30.111223
RTM1P49,1.02,1.01,1.03,1000000.0,1000000.0,0,0,0,0,0,0,0,0,9,2026-02-05 05:08:30.111223
RTM1C50,1.32,1.31,1.33,1000000.0,1000000.0,0,0,0,0,0,0,0,0,9,2026-02-05 05:08:30.111223
RTM1P50,1.58,1.57,1.59,1000000.0,1000000.0,0,0,0,0,0,0,0,0,9,2026-02-05 05:08:30.111223
RTM1C51,0.87,0.86,0.88,1000000.0,1000000.0,0,0,0,0,0,0,0,0,9,2026-02-05 05:08:30.111223
RTM1P51,2.12,2.11,2.13,1000000.0,1000000.0,0,0,0,0,0,0,0,0,9,2026-02-05 05:08:30.111223
RTM1C52,0.54,0.53,0.55,1000000.0,1000000.0,0,0,0,0,0,0,0,0,9,2026-02-05 05:08:30.111223
RTM1P52,2.8,2.79,2.81,1000000.0,1000000.0,0,0,0,0,0,0,0,0,9,2026-02-05 05:08:30.111223
RTM1C53,0.32,0.31,0.33,1000000.0,1000000.0,0,0,0,0,0,0,0,0,9,2026-02-05 05:08:30.111223
RTM1P53,3.58,3.57,3.59,1000000.0,1000000.0,0,0,0,0,0,0,0,0,9,2026-02-05 05:08:30.111223
RTM1C54,0.22,0.21,0.23,1000000.0,1000000.0,0,0,0,0,0,0,0,0,9,2026-02-05 05:08:30.111223
RTM1P54,4.47,4.46,4.48,1000000.0,1000000.0,0,0,0,0,0,0,0,0,9,2026-02-05 05:08:30.111223
RTM,49.74,49.73,49.75,100000000.0,100000000.0,0,0,0,0,0,0,0,0,10,2026-02-05 05:08:31.188061
RTM1C45,4.81,4.8,4.82,1000000.0,1000000.0,0,0,0,0,0,0,0,0,10,2026-02-05 05:08:31.188061
RTM1P45,0.07,0.06,0.08,1000000.0,1000000.0,0,0,0,0,0,0,0,0,10,2026-02-05 05:08:31.188061
RTM1C46,3.94,3.93,3.95,1000000.0,1000000.0,0,0,0,0,0,0,0,0,10,2026-02-05 05:08:31.188061
RTM1P46,0.2,0.19,0.21,1000000.0,1000000.0,0,0,0,0,0,0,0,0,10,2026-02-05 05:08:31.188061
RTM1C47,3.07,3.06,3.08,1000000.0,1000000.0,0,0,0,0,0,0,0,0,10,2026-02-05 05:08:31.188061
RTM1P47,0.33,0.32,0.34,1000000.0,1000000.0,0,0,0,0,0,0,0,0,10,2026-02-05 05:08:31.188061
RTM1C48,2.32,2.31,2.33,1000000.0,1000000.0,0,0,0,0,0,0,0,0,10,2026-02-05 05:08:31.188061
RTM1P48,0.58,0.57,0.59,1000000.0,1000000.0,0,0,0,0,0,0,0,0,10,2026-02-05 05:08:31.188061
RTM1C49,1.74,1.73,1.75,1000000.0,1000000.0,0,0,0,0,0,0,0,0,10,2026-02-05 05:08:31.188061
RTM1P49,1.0,0.99,1.01,1000000.0,1000000.0,0,0,0,0,0,0,0,0,10,2026-02-05 05:08:31.188061
RTM1C50,1.15,1.14,1.16,1000000.0,1000000.0,0,0,0,0,0,0,0,0,10,2026-02-05 05:08:31.188061
RTM1P50,1.41,1.4,1.42,1000000.0,1000000.0,0,0,0,0,0,0,0,0,10,2026-02-05 05:08:31.188061
RTM1C51,0.86,0.85,0.87,1000000.0,1000000.0,0,0,0,0,0,0,0,0,10,2026-02-05 05:08:31.188061
RTM1P51,2.12,2.11,2.13,1000000.0,1000000.0,0,0,0,0,0,0,0,0,10,2026-02-05 05:08:31.188061
RTM1C52,0.58,0.57,0.59,1000000.0,1000000.0,0,0,0,0,0,0,0,0,10,2026-02-05 05:08:31.188061
RTM1P52,2.84,2.83,2.85,1000000.0,1000000.0,0,0,0,0,0,0,0,0,10,2026-02-05 05:08:31.188061
RTM1C53,0.31,0.3,0.32,1000000.0,1000000.0,0,0,0,0,0,0,0,0,10,2026-02-05 05:08:31.188061
RTM1P53,3.57,3.56,3.58,1000000.0,1000000.0,0,0,0,0,0,0,0,0,10,2026-02-05 05:08:31.188061
RTM1C54,0.23,0.22,0.24,1000000.0,1000000.0,0,0,0,0,0,0,0,0,10,2026-02-05 05:08:31.188061
RTM1P54,4.49,4.48,4.5,1000000.0,1000000.0,0,0,0,0,0,0,0,0,10,2026-02-05 05:08:31.188061
RTM,49.61,49.6,49.62,100000000.0,100000000.0,0,0,0,0,0,0,0,0,11,2026-02-05 05:08:31.754358
RTM1C45,4.7,4.69,4.71,1000000.0,1000000.0,0,0,0,0,0,0,0,0,11,2026-02-05 05:08:31.754358
RTM1P45,0.09,0.08,0.1,1000000.0,1000000.0,0,0,0,0,0,0,0,0,11,2026-02-05 05:08:31.754358
RTM1C46,3.79,3.78,3.8,1000000.0,1000000.0,0,0,0,0,0,0,0,0,11,2026-02-05 05:08:31.754358
RTM1P46,0.18,0.17,0.19,1000000.0,1000000.0,0,0,0,0,0,0,0,0,11,2026-02-05 05:08:31.754358
RTM1C47,3.05,3.04,3.06,1000000.0,1000000.0,0,0,0,0,0,0,0,0,11,2026-02-05 05:08:31.754358
RTM1P47,0.45,0.44,0.46,1000000.0,1000000.0,0,0,0,0,0,0,0,0,11,2026-02-05 05:08:31.754358
RTM1C48,2.35,2.34,2.36,1000000.0,1000000.0,0,0,0,0,0,0,0,0,11,2026-02-05 05:08:31.754358
RTM1P48,0.74,0.73,0.75,1000000.0,1000000.0,0,0,0,0,0,0,0,0,11,2026-02-05 05:08:31.754358
RTM1C49,1.65,1.64,1.66,1000000.0,1000000.0,0,0,0,0,0,0,0,0,11,2026-02-05 05:08:31.754358
RTM1P49,1.04,1.03,1.05,1000000.0,1000000.0,0,0,0,0,0,0,0,0,11,2026-02-05 05:08:31.754358
RTM1C50,1.16,1.15,1.17,1000000.0,1000000.0,0,0,0,0,0,0,0,0,11,2026-02-05 05:08:31.754358
RTM1P50,1.55,1.54,1.56,1000000.0,1000000.0,0,0,0,0,0,0,0,0,11,2026-02-05 05:08:31.754358
RTM1C51,0.73,0.72,0.74,1000000.0,1000000.0,0,0,0,0,0,0,0,0,11,2026-02-05 05:08:31.754358
RTM1P51,2.12,2.11,2.13,1000000.0,1000000.0,0,0,0,0,0,0,0,0,11,2026-02-05 05:08:31.754358
RTM1C52,0.52,0.51,0.53,1000000.0,1000000.0,0,0,0,0,0,0,0,0,11,2026-02-05 05:08:31.754358
RTM1P52,2.91,2.9,2.92,1000000.0,1000000.0,0,0,0,0,0,0,0,0,11,2026-02-05 05:08:31.754358
RTM1C53,0.24,0.23,0.25,1000000.0,1000000.0,0,0,0,0,0,0,0,0,11,2026-02-05 05:08:31.754358
RTM1P53,3.64,3.63,3.65,1000000.0,1000000.0,0,0,0,0,0,0,0,0,11,2026-02-05 05:08:31.754358
RTM1C54,0.15,0.14,0.16,1000000.0,1000000.0,0,0,0,0,0,0,0,0,11,2026-02-05 05:08:31.754358
RTM1P54,4.54,4.53,4.55,1000000.0,1000000.0,0,0,0,0,0,0,0,0,11,2026-02-05 05:08:31.754358
RTM,49.51,49.5,49.52,100000000.0,100000000.0,0,0,0,0,0,0,0,0,12,2026-02-05 05:08:32.835085
RTM1C45,4.62,4.61,4.63,1000000.0,1000000.0,0,0,0,0,0,0,0,0,12,2026-02-05 05:08:32.835085
RTM1P45,0.12,0.11,0.13,1000000.0,1000000.0,0,0,0,0,0,0,0,0,12,2026-02-05 05:08:32.835085
RTM1C46,3.74,3.73,3.75,1000000.0,1000000.0,0,0,0,0,0,0,0,0,12,2026-02-05 05:08:32.835085
RTM1P46,0.23,0.22,0.24,1000000.0,1000000.0,0,0,0,0,0,0,0,0,12,2026-02-05 05:08:32.835085
RTM1C47,2.87,2.86,2.88,1000000.0,1000000.0,0,0,0,0,0,0,0,0,12,2026-02-05 05:08:32.835085
RTM1P47,0.36,0.35,0.37,1000000.0,1000000.0,0,0,0,0,0,0,0,0,12,2026-02-05 05:08:32.835085
RTM1C48,2.16,2.15,2.17,1000000.0,1000000.0,0,0,0,0,0,0,0,0,12,2026-02-05 05:08:32.835085
RTM1P48,0.65,0.64,0.66,1000000.0,1000000.0,0,0,0,0,0,0,0,0,12,2026-02-05 05:08:32.835085
RTM1C49,1.62,1.61,1.63,1000000.0,1000000.0,0,0,0,0,0,0,0,0,12,2026-02-05 05:08:32.835085
RTM1P49,1.11,1.1,1.12,1000000.0,1000000.0,0,0,0,0,0,0,0,0,12,2026-02-05 05:08:32.835085
RTM1C50,1.11,1.1,1.12,1000000.0,1000000.0,0,0,0,0,0,0,0,0,12,2026-02-05 05:08:32.835085
RTM1P50,1.6,1.59,1.61,1000000.0,1000000.0,0,0,0,0,0,0,0,0,12,2026-02-05 05:08:32.835085
RTM1C51,0.78,0.77,0.79,1000000.0,1000000.0,0,0,0,0,0,0,0,0,12,2026-02-05 05:08:32.835085
RTM1P51,2.27,2.26,2.28,1000000.0,1000000.0,0,0,0,0,0,0,0,0,12,2026-02-05 05:08:32.835085
RTM1C52,0.41,0.4,0.42,1000000.0,1000000.0,0,0,0,0,0,0,0,0,12,2026-02-05 05:08:32.835085
RTM1P52,2.9,2.89,2.91,1000000.0,1000000.0,0,0,0,0,0,0,0,0,12,2026-02-05 05:08:32.835085
RTM1C53,0.25,0.24,0.26,1000000.0,1000000.0,0,0,0,0,0,0,0,0,12,2026-02-05 05:08:32.835085
RTM1P53,3.74,3.73,3.75,1000000.0,1000000.0,0,0,0,0,0,0,0,0,12,2026-02-05 05:08:32.835085
RTM1C54,0.13,0.12,0.14,1000000.0,1000000.0,0,0,0,0,0,0,0,0,12,2026-02-05 05:08:32.835085
RTM1P54,4.62,4.61,4.63,1000000.0,1000000.0,0,0,0,0,0,0,0,0,12,2026-02-05 05:08:32.835085
RTM,49.54,49.53,49.55,100000000.0,100000000.0,0,0,0,0,0,0,0,0,13,2026-02-05 05:08:33.966445
RTM1C45,4.63,4.62,4.64,1000000.0,1000000.0,0,0,0,0,0,0,0,0,13,2026-02-05 05:08:33.966445
RTM1P45,0.09,0.08,0.1,1000000.0,1000000.0,0,0,0,0,0,0,0,0,13,2026-02-05 05:08:33.966445
RTM1C46,3.78,3.77,3.79,1000000.0,1000000.0,0,0,0,0,0,0,0,0,13,2026-02-05 05:08:33.966445
RTM1P46,0.24,0.23,0.25,1000000.0,1000000.0,0,0,0,0,0,0,0,0,13,2026-02-05 05:08:33.966445
RTM1C47,2.99,2.98,3.0,1000000.0,1000000.0,0,0,0,0,0,0,0,0,13,2026-02-05 05:08:33.966445
RTM1P47,0.45,0.44,0.46,1000000.0,1000000.0,0,0,0,0,0,0,0,0,13,2026-02-05 05:08:33.966445
RTM1C48,2.19,2.18,2.2,1000000.0,1000000.0,0,0,0,0,0,0,0,0,13,2026-02-05 05:08:33.966445
RTM1P48,0.65,0.64,0.66,1000000.0,1000000.0,0,0,0,0,0,0,0,0,13,2026-02-05 05:08:33.966445
RTM1C49,1.6,1.59,1.61,1000000.0,1000000.0,0,0,0,0,0,0,0,0,13,2026-02-05 05:08:33.966445
RTM1P49,1.06,1.05,1.07,1000000.0,1000000.0,0,0,0,0,0,0,0,0,13,2026-02-05 05:08:33.966445
RTM1C50,1.02,1.01,1.03,1000000.0,1000000.0,0,0,0,0,0,0,0,0,13,2026-02-05 05:08:33.966445
RTM1P50,1.48,1.47,1.49,1000000.0,1000000.0,0,0,0,0,0,0,0,0,13,2026-02-05 05:08:33.966445
RTM1C51,0.71,0.7,0.72,1000000.0,1000000.0,0,0,0,0,0,0,0,0,13,2026-02-05 05:08:33.966445
RTM1P51,2.17,2.16,2.18,1000000.0,1000000.0,0,0,0,0,0,0,0,0,13,2026-02-05 05:08:33.966445
RTM1C52,0.5,0.49,0.51,1000000.0,1000000.0,0,0,0,0,0,0,0,0,13,2026-02-05 05:08:33.966445
RTM1P52,2.96,2.95,2.97,1000000.0,1000000.0,0,0,0,0,0,0,0,0,13,2026-02-05 05:08:33.966445
RTM1C53,0.3,0.29,0.31,1000000.0,1000000.0,0,0,0,0,0,0,0,0,13,2026-02-05 05:08:33.966445
RTM1P53,3.76,3.75,3.77,1000000.0,1000000.0,0,0,0,0,0,0,0,0,13,2026-02-05 05:08:33.966445
RTM1C54,0.16,0.15,0.17,1000000.0,1000000.0,0,0,0,0,0,0,0,0,13,2026-02-05 05:08:33.966445
RTM1P54,4.62,4.61,4.63,1000000.0,1000000.0,0,0,0,0,0,0,0,0,13,2026-02-05 05:08:33.966445
RTM,49.42,49.41,49.43,100000000.0,100000000.0,0,0,0,0,0,0,0,0,14,2026-02-05 05:08:35.071257
RTM1C45,4.54,4.53,4.55,1000000.0,1000000.0,0,0,0,0,0,0,0,0,14,2026-02-05 05:08:35.071257
RTM1P45,0.11,0.1,0.12,1000000.0,1000000.0,0,0,0,0,0,0,0,0,14,2026-02-05 05:08:35.071257
RTM1C46,3.63,3.62,3.64,1000000.0,1000000.0,0,0,0,0,0,0,0,0,14,2026-02-05 05:08:35.071257
RTM1P46,0.2,0.19,0.21,1000000.0,1000000.0,0,0,0,0,0,0,0,0,14,2026-02-05 05:08:35.071257
RTM1C47,2.9,2.89,2.91,1000000.0,1000000.0,0,0,0,0,0,0,0,0,14,2026-02-05 05:08:35.071257
RTM1P47,0.47,0.46,0.48,1000000.0,1000000.0,0,0,0,0,0,0,0,0,14,2026-02-05 05:08:35.071257
RTM1C48,2.17,2.16,2.18,1000000.0,1000000.0,0,0,0,0,0,0,0,0,14,2026-02-05 05:08:35.071257
RTM1P48,0.75,0.74,0.76,1000000.0,1000000.0,0,0,0,0,0,0,0,0,14,2026-02-05 05:08:35.071257
RTM1C49,1.45,1.44,1.46,1000000.0,1000000.0,0,0,0,0,0,0,0,0,14,2026-02-05 05:08:35.071257
RTM1P49,1.03,1.02,1.04,1000000.0,1000000.0,0,0,0,0,0,0,0,0,14,2026-02-05 05:08:35.071257
RTM1C50,1.05,1.04,1.06,1000000.0,1000000.0,0,0,0,0,0,0,0,0,14,2026-02-05 05:08:35.071257
RTM1P50,1.62,1.61,1.63,1000000.0,1000000.0,0,0,0,0,0,0,0,0,14,2026-02-05 05:08:35.071257
RTM1C51,0.68,0.67,0.69,1000000.0,1000000.0,0,0,0,0,0,0,0,0,14,2026-02-05 05:08:35.071257
RTM1P51,2.25,2.24,2.26,1000000.0,1000000.0,0,0,0,0,0,0,0,0,14,2026-02-05 05:08:35.071257
RTM1C52,0.43,0.42,0.44,1000000.0,1000000.0,0,0,0,0,0,0,0,0,14,2026-02-05 05:08:35.071257
RTM1P52,3.01,3.0,3.02,1000000.0,1000000.0,0,0,0,0,0,0,0,0,14,2026-02-05 05:08:35.071257
RTM1C53,0.27,0.26,0.28,1000000.0,1000000.0,0,0,0,0,0,0,0,0,14,2026-02-05 05:08:35.071257
RTM1P53,3.85,3.84,3.86,1000000.0,1000000.0,0,0,0,0,0,0,0,0,14,2026-02-05 05:08:35.071257
RTM1C54,0.16,0.15,0.17,1000000.0,1000000.0,0,0,0,0,0,0,0,0,14,2026-02-05 05:08:35.071257
RTM1P54,4.74,4.73,4.75,1000000.0,1000000.0,0,0,0,0,0,0,0,0,14,2026-02-05 05:08:35.071257
RTM,49.5,49.49,49.51,100000000.0,100000000.0,0,0,0,0,0,0,0,0,15,2026-02-05 05:08:36.160903
RTM1C45,4.62,4.61,4.63,1000000.0,1000000.0,0,0,0,0,0,0,0,0,15,2026-02-05 05:08:36.160903
RTM1P45,0.12,0.11,0.13,1000000.0,1000000.0,0,0,0,0,0,0,0,0,15,2026-02-05 05:08:36.160903
RTM1C46,3.71,3.7,3.72,1000000.0,1000000.0,0,0,0,0,0,0,0,0,15,2026-02-05 05:08:36.160903
RTM1P46,0.21,0.2,0.22,1000000.0,1000000.0,0,0,0,0,0,0,0,0,15,2026-02-05 05:08:36.160903
RTM1C47,2.89,2.88,2.9,1000000.0,1000000.0,0,0,0,0,0,0,0,0,15,2026-02-05 05:08:36.160903
RTM1P47,0.39,0.38,0.4,1000000.0,1000000.0,0,0,0,0,0,0,0,0,15,2026-02-05 05:08:36.160903
RTM1C48,2.16,2.15,2.17,1000000.0,1000000.0,0,0,0,0,0,0,0,0,15,2026-02-05 05:08:36.160903
RTM1P48,0.65,0.64,0.66,1000000.0,1000000.0,0,0,0,0,0,0,0,0,15,2026-02-05 05:08:36.160903
RTM1C49,1.53,1.52,1.54,1000000.0,1000000.0,0,0,0,0,0,0,0,0,15,2026-02-05 05:08:36.160903
RTM1P49,1.03,1.02,1.04,1000000.0,1000000.0,0,0,0,0,0,0,0,0,15,2026-02-05 05:08:36.160903
RTM1C50,1.02,1.01,1.03,1000000.0,1000000.0,0,0,0,0,0,0,0,0,15,2026-02-05 05:08:36.160903
RTM1P50,1.52,1.51,1.53,1000000.0,1000000.0,0,0,0,0,0,0,0,0,15,2026-02-05 05:08:36.160903
RTM1C51,0.67,0.66,0.68,1000000.0,1000000.0,0,0,0,0,0,0,0,0,15,2026-02-05 05:08:36.160903
RTM1P51,2.17,2.16,2.18,1000000.0,1000000.0,0,0,0,0,0,0,0,0,15,2026-02-05 05:08:36.160903
RTM1C52,0.45,0.44,0.46,1000000.0,1000000.0,0,0,0,0,0,0,0,0,15,2026-02-05 05:08:36.160903
RTM1P52,2.95,2.94,2.96,1000000.0,1000000.0,0,0,0,0,0,0,0,0,15,2026-02-05 05:08:36.160903
RTM1C53,0.23,0.22,0.24,1000000.0,1000000.0,0,0,0,0,0,0,0,0,15,2026-02-05 05:08:36.160903
RTM1P53,3.73,3.72,3.74,1000000.0,1000000.0,0,0,0,0,0,0,0,0,15,2026-02-05 05:08:36.160903
RTM1C54,0.17,0.16,0.18,1000000.0,1000000.0,0,0,0,0,0,0,0,0,15,2026-02-05 05:08:36.160903
RTM1P54,4.67,4.66,4.68,1000000.0,1000000.0,0,0,0,0,0,0,0,0,15,2026-02-05 05:08:36.160903
RTM,49.47,49.46,49.48,100000000.0,100000000.0,0,0,0,0,0,0,0,0,16,2026-02-05 05:08:36.754373
RTM1C45,4.59,4.58,4.6,1000000.0,1000000.0,0,0,0,0,0,0,0,0,16,2026-02-05 05:08:36.754373
RTM1P45,0.11,0.1,0.12,1000000.0,1000000.0,0,0,0,0,0,0,0,0,16,2026-02-05 05:08:36.754373
RTM1C46,3.71,3.7,3.72,1000000.0,1000000.0,0,0,0,0,0,0,0,0,16,2026-02-05 05:08:36.754373
RTM1P46,0.24,0.23,0.25,1000000.0,1000000.0,0,0,0,0,0,0,0,0,16,2026-02-05 05:08:36.754373
RTM1C47,2.9,2.89,2.91,1000000.0,1000000.0,0,0,0,0,0,0,0,0,16,2026-02-05 05:08:36.754373
RTM1P47,0.43,0.42,0.44,1000000.0,1000000.0,0,0,0,0,0,0,0,0,16,2026-02-05 05:08:36.754373
RTM1C48,2.2,2.19,2.21,1000000.0,1000000.0,0,0,0,0,0,0,0,0,16,2026-02-05 05:08:36.754373
RTM1P48,0.72,0.71,0.73,1000000.0,1000000.0,0,0,0,0,0,0,0,0,16,2026-02-05 05:08:36.754373
RTM1C49,1.49,1.48,1.5,1000000.0,1000000.0,0,0,0,0,0,0,0,0,16,2026-02-05 05:08:36.754373
RTM1P49,1.02,1.01,1.03,1000000.0,1000000.0,0,0,0,0,0,0,0,0,16,2026-02-05 05:08:36.754373
RTM1C50,1.04,1.03,1.05,1000000.0,1000000.0,0,0,0,0,0,0,0,0,16,2026-02-05 05:08:36.754373
RTM1P50,1.56,1.55,1.57,1000000.0,1000000.0,0,0,0,0,0,0,0,0,16,2026-02-05 05:08:36.754373
RTM1C51,0.73,0.72,0.74,1000000.0,1000000.0,0,0,0,0,0,0,0,0,16,2026-02-05 05:08:36.754373
RTM1P51,2.26,2.25,2.27,1000000.0,1000000.0,0,0,0,0,0,0,0,0,16,2026-02-05 05:08:36.754373
RTM1C52,0.45,0.44,0.46,1000000.0,1000000.0,0,0,0,0,0,0,0,0,16,2026-02-05 05:08:36.754373
RTM1P52,2.98,2.97,2.99,1000000.0,1000000.0,0,0,0,0,0,0,0,0,16,2026-02-05 05:08:36.754373
RTM1C53,0.28,0.27,0.29,1000000.0,1000000.0,0,0,0,0,0,0,0,0,16,2026-02-05 05:08:36.754373
RTM1P53,3.8,3.79,3.81,1000000.0,1000000.0,0,0,0,0,0,0,0,0,16,2026-02-05 05:08:36.754373
RTM1C54,0.18,0.17,0.19,1000000.0,1000000.0,0,0,0,0,0,0,0,0,16,2026-02-05 05:08:36.754373
RTM1P54,4.7,4.69,4.71,1000000.0,1000000.0,0,0,0,0,0,0,0,0,16,2026-02-05 05:08:36.754373
RTM,49.4,49.39,49.41,100000000.0,100000000.0,0,0,0,0,0,0,0,0,17,2026-02-05 05:08:37.837807
RTM1C45,4.49,4.48,4.5,1000000.0,1000000.0,0,0,0,0,0,0,0,0,17,2026-02-05 05:08:37.837807
RTM1P45,0.09,0.08,0.1,1000000.0,1000000.0,0,0,0,0,0,0,0,0,17,2026-02-05 05:08:37.837807
RTM1C46,3.59,3.58,3.6,1000000.0,1000000.0,0,0,0,0,0,0,0,0,17,2026-02-05 05:08:37.837807
RTM1P46,0.19,0.18,0.2,1000000.0,1000000.0,0,0,0,0,0,0,0,0,17,2026-02-05 05:08:37.837807
RTM1C47,2.8,2.79,2.81,1000000.0,1000000.0,0,0,0,0,0,0,0,0,17,2026-02-05 05:08:37.837807
RTM1P47,0.4,0.39,0.41,1000000.0,1000000.0,0,0,0,0,0,0,0,0,17,2026-02-05 05:08:37.837807
RTM1C48,2.04,2.03,2.05,1000000.0,1000000.0,0,0,0,0,0,0,0,0,17,2026-02-05 05:08:37.837807
RTM1P48,0.64,0.63,0.65,1000000.0,1000000.0,0,0,0,0,0,0,0,0,17,2026-02-05 05:08:37.837807
RTM1C49,1.52,1.51,1.53,1000000.0,1000000.0,0,0,0,0,0,0,0,0,17,2026-02-05 05:08:37.837807
RTM1P49,1.12,1.11,1.13,1000000.0,1000000.0,0,0,0,0,0,0,0,0,17,2026-02-05 05:08:37.837807
RTM1C50,1.07,1.06,1.08,1000000.0,1000000.0,0,0,0,0,0,0,0,0,17,2026-02-05 05:08:37.837807
RTM1P50,1.67,1.66,1.68,1000000.0,1000000.0,0,0,0,0,0,0,0,0,17,2026-02-05 05:08:37.837807
RTM1C51,0.62,0.61,0.63,1000000.0,1000000.0,0,0,0,0,0,0,0,0,17,2026-02-05 05:08:37.837807
RTM1P51,2.22,2.21,2.23,1000000.0,1000000.0,0,0,0,0,0,0,0,0,17,2026-02-05 05:08:37.837807
RTM1C52,0.44,0.43,0.45,1000000.0,1000000.0,0,0,0,0,0,0,0,0,17,2026-02-05 05:08:37.837807
RTM1P52,3.04,3.03,3.05,1000000.0,1000000.0,0,0,0,0,0,0,0,0,17,2026-02-05 05:08:37.837807
RTM1C53,0.28,0.27,0.29,1000000.0,1000000.0,0,0,0,0,0,0,0,0,17,2026-02-05 05:08:37.837807
RTM1P53,3.88,3.87,3.89,1000000.0,1000000.0,0,0,0,0,0,0,0,0,17,2026-02-05 05:08:37.837807
RTM1C54,0.16,0.15,0.17,1000000.0,1000000.0,0,0,0,0,0,0,0,0,17,2026-02-05 05:08:37.837807
RTM1P54,4.76,4.75,4.77,1000000.0,1000000.0,0,0,0,0,0,0,0,0,17,2026-02-05 05:08:37.837807
RTM,49.34,49.33,49.35,100000000.0,100000000.0,0,0,0,0,0,0,0,0,18,2026-02-05 05:08:38.998358
RTM1C45,4.42,4.41,4.43,1000000.0,1000000.0,0,0,0,0,0,0,0,0,18,2026-02-05 05:08:38.998358
RTM1P45,0.08,0.07,0.09,1000000.0,1000000.0,0,0,0,0,0,0,0,0,18,2026-02-05 05:08:38.998358
RTM1C46,3.52,3.51,3.53,1000000.0,1000000.0,0,0,0,0,0,0,0,0,18,2026-02-05 05:08:38.998358
RTM1P46,0.18,0.17,0.19,1000000.0,1000000.0,0,0,0,0,0,0,0,0,18,2026-02-05 05:08:38.998358
RTM1C47,2.77,2.76,2.78,1000000.0,1000000.0,0,0,0,0,0,0,0,0,18,2026-02-05 05:08:38.998358
RTM1P47,0.44,0.43,0.45,1000000.0,1000000.0,0,0,0,0,0,0,0,0,18,2026-02-05 05:08:38.998358
RTM1C48,1.99,1.98,2.0,1000000.0,1000000.0,0,0,0,0,0,0,0,0,18,2026-02-05 05:08:38.998358
RTM1P48,0.65,0.64,0.66,1000000.0,1000000.0,0,0,0,0,0,0,0,0,18,2026-02-05 05:08:38.998358
RTM1C49,1.48,1.47,1.49,1000000.0,1000000.0,0,0,0,0,0,0,0,0,18,2026-02-05 05:08:38.998358
RTM1P49,1.14,1.13,1.15,1000000.0,1000000.0,0,0,0,0,0,0,0,0,18,2026-02-05 05:08:38.998358
RTM1C50,1.01,1.0,1.02,1000000.0,1000000.0,0,0,0,0,0,0,0,0,18,2026-02-05 05:08:38.998358
RTM1P50,1.67,1.66,1.68,1000000.0,1000000.0,0,0,0,0,0,0,0,0,18,2026-02-05 05:08:38.998358
RTM1C51,0.63,0.62,0.64,1000000.0,1000000.0,0,0,0,0,0,0,0,0,18,2026-02-05 05:08:38.998358
RTM1P51,2.3,2.29,2.31,1000000.0,1000000.0,0,0,0,0,0,0,0,0,18,2026-02-05 05:08:38.998358
RTM1C52,0.37,0.36,0.38,1000000.0,1000000.0,0,0,0,0,0,0,0,0,18,2026-02-05 05:08:38.998358
RTM1P52,3.03,3.02,3.04,1000000.0,1000000.0,0,0,0,0,0,0,0,0,18,2026-02-05 05:08:38.998358
RTM1C53,0.22,0.21,0.23,1000000.0,1000000.0,0,0,0,0,0,0,0,0,18,2026-02-05 05:08:38.998358
RTM1P53,3.88,3.87,3.89,1000000.0,1000000.0,0,0,0,0,0,0,0,0,18,2026-02-05 05:08:38.998358
RTM1C54,0.12,0.11,0.13,1000000.0,1000000.0,0,0,0,0,0,0,0,0,18,2026-02-05 05:08:38.998358
RTM1P54,4.78,4.77,4.79,1000000.0,1000000.0,0,0,0,0,0,0,0,0,18,2026-02-05 05:08:38.998358
RTM,49.41,49.4,49.42,100000000.0,100000000.0,0,0,0,0,0,0,0,0,19,2026-02-05 05:08:40.083704
RTM1C45,4.53,4.52,4.54,1000000.0,1000000.0,0,0,0,0,0,0,0,0,19,2026-02-05 05:08:40.083704
RTM1P45,0.12,0.11,0.13,1000000.0,1000000.0,0,0,0,0,0,0,0,0,19,2026-02-05 05:08:40.083704
RTM1C46,3.63,3.62,3.64,1000000.0,1000000.0,0,0,0,0,0,0,0,0,19,2026-02-05 05:08:40.083704
RTM1P46,0.21,0.2,0.22,1000000.0,1000000.0,0,0,0,0,0,0,0,0,19,2026-02-05 05:08:40.083704
RTM1C47,2.82,2.81,2.83,1000000.0,1000000.0,0,0,0,0,0,0,0,0,19,2026-02-05 05:08:40.083704
RTM1P47,0.41,0.4,0.42,1000000.0,1000000.0,0,0,0,0,0,0,0,0,19,2026-02-05 05:08:40.083704
RTM1C48,2.09,2.08,2.1,1000000.0,1000000.0,0,0,0,0,0,0,0,0,19,2026-02-05 05:08:40.083704
RTM1P48,0.68,0.67,0.69,1000000.0,1000000.0,0,0,0,0,0,0,0,0,19,2026-02-05 05:08:40.083704
RTM1C49,1.53,1.52,1.54,1000000.0,1000000.0,0,0,0,0,0,0,0,0,19,2026-02-05 05:08:40.083704
RTM1P49,1.11,1.1,1.12,1000000.0,1000000.0,0,0,0,0,0,0,0,0,19,2026-02-05 05:08:40.083704
RTM1C50,0.93,0.92,0.94,1000000.0,1000000.0,0,0,0,0,0,0,0,0,19,2026-02-05 05:08:40.083704
RTM1P50,1.52,1.51,1.53,1000000.0,1000000.0,0,0,0,0,0,0,0,0,19,2026-02-05 05:08:40.083704
RTM1C51,0.66,0.65,0.67,1000000.0,1000000.0,0,0,0,0,0,0,0,0,19,2026-02-05 05:08:40.083704
RTM1P51,2.24,2.23,2.25,1000000.0,1000000.0,0,0,0,0,0,0,0,0,19,2026-02-05 05:08:40.083704
RTM1C52,0.4,0.39,0.41,1000000.0,1000000.0,0,0,0,0,0,0,0,0,19,2026-02-05 05:08:40.083704
RTM1P52,2.99,2.98,3.0,1000000.0,1000000.0,0,0,0,0,0,0,0,0,19,2026-02-05 05:08:40.083704
RTM1C53,0.27,0.26,0.28,1000000.0,1000000.0,0,0,0,0,0,0,0,0,19,2026-02-05 05:08:40.083704
RTM1P53,3.86,3.85,3.87,1000000.0,1000000.0,0,0,0,0,0,0,0,0,19,2026-02-05 05:08:40.083704
RTM1C54,0.12,0.11,0.13,1000000.0,1000000.0,0,0,0,0,0,0,0,0,19,2026-02-05 05:08:40.083704
RTM1P54,4.71,4.7,4.72,1000000.0,1000000.0,0,0,0,0,0,0,0,0,19,2026-02-05 05:08:40.083704
RTM,49.58,49.57,49.59,100000000.0,100000000.0,0,0,0,0,0,0,0,0,20,2026-02-05 05:08:41.152801
RTM1C45,4.69,4.68,4.7,1000000.0,1000000.0,0,0,0,0,0,0,0,0,20,2026-02-05 05:08:41.152801
RTM1P45,0.11,0.1,0.12,1000000.0,1000000.0,0,0,0,0,0,0,0,0,20,2026-02-05 05:08:41.152801
RTM1C46,3.73,3.72,3.74,1000000.0,1000000.0,0,0,0,0,0,0,0,0,20,2026-02-05 05:08:41.152801
RTM1P46,0.15,0.14,0.16,1000000.0,1000000.0,0,0,0,0,0,0,0,0,20,2026-02-05 05:08:41.152801
RTM1C47,2.89,2.88,2.9,1000000.0,1000000.0,0,0,0,0,0,0,0,0,20,2026-02-05 05:08:41.152801
RTM1P47,0.31,0.3,0.32,1000000.0,1000000.0,0,0,0,0,0,0,0,0,20,2026-02-05 05:08:41.152801
RTM1C48,2.18,2.17,2.19,1000000.0,1000000.0,0,0,0,0,0,0,0,0,20,2026-02-05 05:08:41.152801
RTM1P48,0.59,0.58,0.6,1000000.0,1000000.0,0,0,0,0,0,0,0,0,20,2026-02-05 05:08:41.152801
RTM1C49,1.57,1.56,1.58,1000000.0,1000000.0,0,0,0,0,0,0,0,0,20,2026-02-05 05:08:41.152801
RTM1P49,0.99,0.98,1.0,1000000.0,1000000.0,0,0,0,0,0,0,0,0,20,2026-02-05 05:08:41.152801
RTM1C50,1.02,1.01,1.03,1000000.0,1000000.0,0,0,0,0,0,0,0,0,20,2026-02-05 05:08:41.152801
RTM1P50,1.43,1.42,1.44,1000000.0,1000000.0,0,0,0,0,0,0,0,0,20,2026-02-05 05:08:41.152801
RTM1C51,0.68,0.67,0.69,1000000.0,1000000.0,0,0,0,0,0,0,0,0,20,2026-02-05 05:08:41.152801
RTM1P51,2.1,2.09,2.11,1000000.0,1000000.0,0,0,0,0,0,0,0,0,20,2026-02-05 05:08:41.152801
RTM1C52,0.39,0.38,0.4,1000000.0,1000000.0,0,0,0,0,0,0,0,0,20,2026-02-05 05:08:41.152801
RTM1P52,2.81,2.8,2.82,1000000.0,1000000.0,0,0,0,0,0,0,0,0,20,2026-02-05 05:08:41.152801
RTM1C53,0.29,0.28,0.3,1000000.0,1000000.0,0,0,0,0,0,0,0,0,20,2026-02-05 05:08:41.152801
RTM1P53,3.71,3.7,3.72,1000000.0,1000000.0,0,0,0,0,0,0,0,0,20,2026-02-05 05:08:41.152801
RTM1C54,0.17,0.16,0.18,1000000.0,1000000.0,0,0,0,0,0,0,0,0,20,2026-02-05 05:08:41.152801
RTM1P54,4.59,4.58,4.6,1000000.0,1000000.0,0,0,0,0,0,0,0,0,20,2026-02-05 05:08:41.152801
RTM,49.46,49.45,49.47,100000000.0,100000000.0,0,0,0,0,0,0,0,0,21,2026-02-05 05:08:42.222389
RTM1C45,4.53,4.52,4.54,1000000.0,1000000.0,0,0,0,0,0,0,0,0,21,2026-02-05 05:08:42.222389
RTM1P45,0.07,0.06,0.08,1000000.0,1000000.0,0,0,0,0,0,0,0,0,21,2026-02-05 05:08:42.222389
RTM1C46,3.67,3.66,3.68,1000000.0,1000000.0,0,0,0,0,0,0,0,0,21,2026-02-05 05:08:42.222389
RTM1P46,0.2,0.19,0.21,1000000.0,1000000.0,0,0,0,0,0,0,0,0,21,2026-02-05 05:08:42.222389
RTM1C47,2.82,2.81,2.83,1000000.0,1000000.0,0,0,0,0,0,0,0,0,21,2026-02-05 05:08:42.222389
RTM1P47,0.36,0.35,0.37,1000000.0,1000000.0,0,0,0,0,0,0,0,0,21,2026-02-05 05:08:42.222389
RTM1C48,2.09,2.08,2.1,1000000.0,1000000.0,0,0,0,0,0,0,0,0,21,2026-02-05 05:08:42.222389
RTM1P48,0.62,0.61,0.63,1000000.0,1000000.0,0,0,0,0,0,0,0,0,21,2026-02-05 05:08:42.222389
RTM1C49,1.5,1.49,1.51,1000000.0,1000000.0,0,0,0,0,0,0,0,0,21,2026-02-05 05:08:42.222389
RTM1P49,1.04,1.03,1.05,1000000.0,1000000.0,0,0,0,0,0,0,0,0,21,2026-02-05 05:08:42.222389
RTM1C50,1.08,1.07,1.09,1000000.0,1000000.0,0,0,0,0,0,0,0,0,21,2026-02-05 05:08:42.222389
RTM1P50,1.62,1.61,1.63,1000000.0,1000000.0,0,0,0,0,0,0,0,0,21,2026-02-05 05:08:42.222389
RTM1C51,0.63,0.62,0.64,1000000.0,1000000.0,0,0,0,0,0,0,0,0,21,2026-02-05 05:08:42.222389
RTM1P51,2.17,2.16,2.18,1000000.0,1000000.0,0,0,0,0,0,0,0,0,21,2026-02-05 05:08:42.222389
RTM1C52,0.43,0.42,0.44,1000000.0,1000000.0,0,0,0,0,0,0,0,0,21,2026-02-05 05:08:42.222389
RTM1P52,2.97,2.96,2.98,1000000.0,1000000.0,0,0,0,0,0,0,0,0,21,2026-02-05 05:08:42.222389
RTM1C53,0.25,0.24,0.26,1000000.0,1000000.0,0,0,0,0,0,0,0,0,21,2026-02-05 05:08:42.222389
RTM1P53,3.79,3.78,3.8,1000000.0,1000000.0,0,0,0,0,0,0,0,0,21,2026-02-05 05:08:42.222389
RTM1C54,0.12,0.11,0.13,1000000.0,1000000.0,0,0,0,0,0,0,0,0,21,2026-02-05 05:08:42.222389
RTM1P54,4.66,4.65,4.67,1000000.0,1000000.0,0,0,0,0,0,0,0,0,21,2026-02-05 05:08:42.222389
RTM,49.58,49.57,49.59,100000000.0,100000000.0,0,0,0,0,0,0,0,0,22,2026-02-05 05:08:42.789064
RTM1C45,4.68,4.67,4.69,1000000.0,1000000.0,0,0,0,0,0,0,0,0,22,2026-02-05 05:08:42.789064
RTM1P45,0.1,0.09,0.11,1000000.0,1000000.0,0,0,0,0,0,0,0,0,22,2026-02-05 05:08:42.789064
RTM1C46,3.75,3.74,3.76,1000000.0,1000000.0,0,0,0,0,0,0,0,0,22,2026-02-05 05:08:42.789064
RTM1P46,0.17,0.16,0.18,1000000.0,1000000.0,0,0,0,0,0,0,0,0,22,2026-02-05 05:08:42.789064
RTM1C47,2.91,2.9,2.92,1000000.0,1000000.0,0,0,0,0,0,0,0,0,22,2026-02-05 05:08:42.789064
RTM1P47,0.33,0.32,0.34,1000000.0,1000000.0,0,0,0,0,0,0,0,0,22,2026-02-05 05:08:42.789064
RTM1C48,2.21,2.2,2.22,1000000.0,1000000.0,0,0,0,0,0,0,0,0,22,2026-02-05 05:08:42.789064
RTM1P48,0.63,0.62,0.64,1000000.0,1000000.0,0,0,0,0,0,0,0,0,22,2026-02-05 05:08:42.789064
RTM1C49,1.57,1.56,1.58,1000000.0,1000000.0,0,0,0,0,0,0,0,0,22,2026-02-05 05:08:42.789064
RTM1P49,0.99,0.98,1.0,1000000.0,1000000.0,0,0,0,0,0,0,0,0,22,2026-02-05 05:08:42.789064
RTM1C50,1.02,1.01,1.03,1000000.0,1000000.0,0,0,0,0,0,0,0,0,22,2026-02-05 05:08:42.789064
RTM1P50,1.44,1.43,1.45,1000000.0,1000000.0,0,0,0,0,0,0,0,0,22,2026-02-05 05:08:42.789064
RTM1C51,0.7,0.69,0.71,1000000.0,1000000.0,0,0,0,0,0,0,0,0,22,2026-02-05 05:08:42.789064
RTM1P51,2.12,2.11,2.13,1000000.0,1000000.0,0,0,0,0,0,0,0,0,22,2026-02-05 05:08:42.789064
RTM1C52,0.47,0.46,0.48,1000000.0,1000000.0,0,0,0,0,0,0,0,0,22,2026-02-05 05:08:42.789064
RTM1P52,2.88,2.87,2.89,1000000.0,1000000.0,0,0,0,0,0,0,0,0,22,2026-02-05 05:08:42.789064
RTM1C53,0.28,0.27,0.29,1000000.0,1000000.0,0,0,0,0,0,0,0,0,22,2026-02-05 05:08:42.789064
RTM1P53,3.69,3.68,3.7,1000000.0,1000000.0,0,0,0,0,0,0,0,0,22,2026-02-05 05:08:42.789064
RTM1C54,0.14,0.13,0.15,1000000.0,1000000.0,0,0,0,0,0,0,0,0,22,2026-02-05 05:08:42.789064
RTM1P54,4.56,4.55,4.57,1000000.0,1000000.0,0,0,0,0,0,0,0,0,22,2026-02-05 05:08:42.789064
RTM,49.74,49.73,49.75,100000000.0,100000000.0,0,0,0,0,0,0,0,0,23,2026-02-05 05:08:43.866824
RTM1C45,4.8,4.79,4.81,1000000.0,1000000.0,0,0,0,0,0,0,0,0,23,2026-02-05 05:08:43.866824
RTM1P45,0.06,0.05,0.07,1000000.0,1000000.0,0,0,0,0,0,0,0,0,23,2026-02-05 05:08:43.866824
RTM1C46,3.9,3.89,3.91,1000000.0,1000000.0,0,0,0,0,0,0,0,0,23,2026-02-05 05:08:43.866824
RTM1P46,0.16,0.15,0.17,1000000.0,1000000.0,0,0,0,0,0,0,0,0,23,2026-02-05 05:08:43.866824
RTM1C47,3.03,3.02,3.04,1000000.0,1000000.0,0,0,0,0,0,0,0,0,23,2026-02-05 05:08:43.866824
RTM1P47,0.29,0.28,0.3,1000000.0,1000000.0,0,0,0,0,0,0,0,0,23,2026-02-05 05:08:43.866824
RTM1C48,2.35,2.34,2.36,1000000.0,1000000.0,0,0,0,0,0,0,0,0,23,2026-02-05 05:08:43.866824
RTM1P48,0.61,0.6,0.62,1000000.0,1000000.0,0,0,0,0,0,0,0,0,23,2026-02-05 05:08:43.866824
RTM1C49,1.7,1.69,1.71,1000000.0,1000000.0,0,0,0,0,0,0,0,0,23,2026-02-05 05:08:43.866824
RTM1P49,0.97,0.96,0.98,1000000.0,1000000.0,0,0,0,0,0,0,0,0,23,2026-02-05 05:08:43.866824
RTM1C50,1.1,1.09,1.11,1000000.0,1000000.0,0,0,0,0,0,0,0,0,23,2026-02-05 05:08:43.866824
RTM1P50,1.36,1.35,1.37,1000000.0,1000000.0,0,0,0,0,0,0,0,0,23,2026-02-05 05:08:43.866824
RTM1C51,0.69,0.68,0.7,1000000.0,1000000.0,0,0,0,0,0,0,0,0,23,2026-02-05 05:08:43.866824
RTM1P51,1.95,1.94,1.96,1000000.0,1000000.0,0,0,0,0,0,0,0,0,23,2026-02-05 05:08:43.866824
RTM1C52,0.51,0.5,0.52,1000000.0,1000000.0,0,0,0,0,0,0,0,0,23,2026-02-05 05:08:43.866824
RTM1P52,2.77,2.76,2.78,1000000.0,1000000.0,0,0,0,0,0,0,0,0,23,2026-02-05 05:08:43.866824
RTM1C53,0.33,0.32,0.34,1000000.0,1000000.0,0,0,0,0,0,0,0,0,23,2026-02-05 05:08:43.866824
RTM1P53,3.6,3.59,3.61,1000000.0,1000000.0,0,0,0,0,0,0,0,0,23,2026-02-05 05:08:43.866824
RTM1C54,0.16,0.15,0.17,1000000.0,1000000.0,0,0,0,0,0,0,0,0,23,2026-02-05 05:08:43.866824
RTM1P54,4.43,4.42,4.44,1000000.0,1000000.0,0,0,0,0,0,0,0,0,23,2026-02-05 05:08:43.866824
RTM,49.71,49.7,49.72,100000000.0,100000000.0,0,0,0,0,0,0,0,0,24,2026-02-05 05:08:45.044188
RTM1C45,4.78,4.77,4.79,1000000.0,1000000.0,0,0,0,0,0,0,0,0,24,2026-02-05 05:08:45.044188
RTM1P45,0.06,0.05,0.07,1000000.0,1000000.0,0,0,0,0,0,0,0,0,24,2026-02-05 05:08:45.044188
RTM1C46,3.86,3.85,3.87,1000000.0,1000000.0,0,0,0,0,0,0,0,0,24,2026-02-05 05:08:45.044188
RTM1P46,0.15,0.14,0.16,1000000.0,1000000.0,0,0,0,0,0,0,0,0,24,2026-02-05 05:08:45.044188
RTM1C47,3.01,3.0,3.02,1000000.0,1000000.0,0,0,0,0,0,0,0,0,24,2026-02-05 05:08:45.044188
RTM1P47,0.3,0.29,0.31,1000000.0,1000000.0,0,0,0,0,0,0,0,0,24,2026-02-05 05:08:45.044188
RTM1C48,2.3,2.29,2.31,1000000.0,1000000.0,0,0,0,0,0,0,0,0,24,2026-02-05 05:08:45.044188
RTM1P48,0.59,0.58,0.6,1000000.0,1000000.0,0,0,0,0,0,0,0,0,24,2026-02-05 05:08:45.044188
RTM1C49,1.66,1.65,1.67,1000000.0,1000000.0,0,0,0,0,0,0,0,0,24,2026-02-05 05:08:45.044188
RTM1P49,0.94,0.93,0.95,1000000.0,1000000.0,0,0,0,0,0,0,0,0,24,2026-02-05 05:08:45.044188
RTM1C50,1.05,1.04,1.06,1000000.0,1000000.0,0,0,0,0,0,0,0,0,24,2026-02-05 05:08:45.044188
RTM1P50,1.34,1.33,1.35,1000000.0,1000000.0,0,0,0,0,0,0,0,0,24,2026-02-05 05:08:45.044188
RTM1C51,0.66,0.65,0.67,1000000.0,1000000.0,0,0,0,0,0,0,0,0,24,2026-02-05 05:08:45.044188
RTM1P51,1.95,1.94,1.96,1000000.0,1000000.0,0,0,0,0,0,0,0,0,24,2026-02-05 05:08:45.044188
RTM1C52,0.4,0.39,0.41,1000000.0,1000000.0,0,0,0,0,0,0,0,0,24,2026-02-05 05:08:45.044188
RTM1P52,2.69,2.68,2.7,1000000.0,1000000.0,0,0,0,0,0,0,0,0,24,2026-02-05 05:08:45.044188
RTM1C53,0.32,0.31,0.33,1000000.0,1000000.0,0,0,0,0,0,0,0,0,24,2026-02-05 05:08:45.044188
RTM1P53,3.6,3.59,3.61,1000000.0,1000000.0,0,0,0,0,0,0,0,0,24,2026-02-05 05:08:45.044188
RTM1C54,0.14,0.13,0.15,1000000.0,1000000.0,0,0,0,0,0,0,0,0,24,2026-02-05 05:08:45.044188
RTM1P54,4.43,4.42,4.44,1000000.0,1000000.0,0,0,0,0,0,0,0,0,24,2026-02-05 05:08:45.044188
RTM,49.63,49.62,49.64,100000000.0,100000000.0,0,0,0,0,0,0,0,0,25,2026-02-05 05:08:46.131748
RTM1C45,4.69,4.68,4.7,1000000.0,1000000.0,0,0,0,0,0,0,0,0,25,2026-02-05 05:08:46.131748
RTM1P45,0.06,0.05,0.07,1000000.0,1000000.0,0,0,0,0,0,0,0,0,25,2026-02-05 05:08:46.131748
RTM1C46,3.77,3.76,3.78,1000000.0,1000000.0,0,0,0,0,0,0,0,0,25,2026-02-05 05:08:46.131748
RTM1P46,0.14,0.13,0.15,1000000.0,1000000.0,0,0,0,0,0,0,0,0,25,2026-02-05 05:08:46.131748
RTM1C47,2.93,2.92,2.94,1000000.0,1000000.0,0,0,0,0,0,0,0,0,25,2026-02-05 05:08:46.131748
RTM1P47,0.3,0.29,0.31,1000000.0,1000000.0,0,0,0,0,0,0,0,0,25,2026-02-05 05:08:46.131748
RTM1C48,2.22,2.21,2.23,1000000.0,1000000.0,0,0,0,0,0,0,0,0,25,2026-02-05 05:08:46.131748
RTM1P48,0.59,0.58,0.6,1000000.0,1000000.0,0,0,0,0,0,0,0,0,25,2026-02-05 05:08:46.131748
RTM1C49,1.58,1.57,1.59,1000000.0,1000000.0,0,0,0,0,0,0,0,0,25,2026-02-05 05:08:46.131748
RTM1P49,0.95,0.94,0.96,1000000.0,1000000.0,0,0,0,0,0,0,0,0,25,2026-02-05 05:08:46.131748
RTM1C50,1.11,1.1,1.12,1000000.0,1000000.0,0,0,0,0,0,0,0,0,25,2026-02-05 05:08:46.131748
RTM1P50,1.48,1.47,1.49,1000000.0,1000000.0,0,0,0,0,0,0,0,0,25,2026-02-05 05:08:46.131748
RTM1C51,0.68,0.67,0.69,1000000.0,1000000.0,0,0,0,0,0,0,0,0,25,2026-02-05 05:08:46.131748
RTM1P51,2.06,2.05,2.07,1000000.0,1000000.0,0,0,0,0,0,0,0,0,25,2026-02-05 05:08:46.131748
RTM1C52,0.37,0.36,0.38,1000000.0,1000000.0,0,0,0,0,0,0,0,0,25,2026-02-05 05:08:46.131748
RTM1P52,2.74,2.73,2.75,1000000.0,1000000.0,0,0,0,0,0,0,0,0,25,2026-02-05 05:08:46.131748
RTM1C53,0.3,0.29,0.31,1000000.0,1000000.0,0,0,0,0,0,0,0,0,25,2026-02-05 05:08:46.131748
RTM1P53,3.67,3.66,3.68,1000000.0,1000000.0,0,0,0,0,0,0,0,0,25,2026-02-05 05:08:46.131748
RTM1C54,0.15,0.14,0.16,1000000.0,1000000.0,0,0,0,0,0,0,0,0,25,2026-02-05 05:08:46.131748
RTM1P54,4.52,4.51,4.53,1000000.0,1000000.0,0,0,0,0,0,0,0,0,25,2026-02-05 05:08:46.131748
RTM,49.54,49.54,49.56,100000000.0,100000000.0,0,0,0,0,0,0,0,0,26,2026-02-05 05:08:47.228886
RTM1C45,4.63,4.62,4.64,1000000.0,1000000.0,0,0,0,0,0,0,0,0,26,2026-02-05 05:08:47.228886
RTM1P45,0.08,0.07,0.09,1000000.0,1000000.0,0,0,0,0,0,0,0,0,26,2026-02-05 05:08:47.228886
RTM1C46,3.74,3.73,3.75,1000000.0,1000000.0,0,0,0,0,0,0,0,0,26,2026-02-05 05:08:47.228886
RTM1P46,0.19,0.18,0.2,1000000.0,1000000.0,0,0,0,0,0,0,0,0,26,2026-02-05 05:08:47.228886
RTM1C47,2.86,2.85,2.87,1000000.0,1000000.0,0,0,0,0,0,0,0,0,26,2026-02-05 05:08:47.228886
RTM1P47,0.31,0.3,0.32,1000000.0,1000000.0,0,0,0,0,0,0,0,0,26,2026-02-05 05:08:47.228886
RTM1C48,2.17,2.16,2.18,1000000.0,1000000.0,0,0,0,0,0,0,0,0,26,2026-02-05 05:08:47.228886
RTM1P48,0.62,0.61,0.63,1000000.0,1000000.0,0,0,0,0,0,0,0,0,26,2026-02-05 05:08:47.228886
RTM1C49,1.49,1.48,1.5,1000000.0,1000000.0,0,0,0,0,0,0,0,0,26,2026-02-05 05:08:47.228886
RTM1P49,0.94,0.93,0.95,1000000.0,1000000.0,0,0,0,0,0,0,0,0,26,2026-02-05 05:08:47.228886
RTM1C50,1.03,1.02,1.04,1000000.0,1000000.0,0,0,0,0,0,0,0,0,26,2026-02-05 05:08:47.228886
RTM1P50,1.48,1.47,1.49,1000000.0,1000000.0,0,0,0,0,0,0,0,0,26,2026-02-05 05:08:47.228886
RTM1C51,0.67,0.66,0.68,1000000.0,1000000.0,0,0,0,0,0,0,0,0,26,2026-02-05 05:08:47.228886
RTM1P51,2.12,2.11,2.13,1000000.0,1000000.0,0,0,0,0,0,0,0,0,26,2026-02-05 05:08:47.228886
RTM1C52,0.41,0.4,0.42,1000000.0,1000000.0,0,0,0,0,0,0,0,0,26,2026-02-05 05:08:47.228886
RTM1P52,2.87,2.86,2.88,1000000.0,1000000.0,0,0,0,0,0,0,0,0,26,2026-02-05 05:08:47.228886
RTM1C53,0.22,0.21,0.23,1000000.0,1000000.0,0,0,0,0,0,0,0,0,26,2026-02-05 05:08:47.228886
RTM1P53,3.67,3.66,3.68,1000000.0,1000000.0,0,0,0,0,0,0,0,0,26,2026-02-05 05:08:47.228886
RTM1C54,0.11,0.1,0.12,1000000.0,1000000.0,0,0,0,0,0,0,0,0,26,2026-02-05 05:08:47.228886
RTM1P54,4.56,4.55,4.57,1000000.0,1000000.0,0,0,0,0,0,0,0,0,26,2026-02-05 05:08:47.228886
RTM,49.57,49.56,49.58,100000000.0,100000000.0,0,0,0,0,0,0,0,0,27,2026-02-05 05:08:48.288137
RTM1C45,4.64,4.63,4.65,1000000.0,1000000.0,0,0,0,0,0,0,0,0,27,2026-02-05 05:08:48.288137
RTM1P45,0.07,0.06,0.08,1000000.0,1000000.0,0,0,0,0,0,0,0,0,27,2026-02-05 05:08:48.288137
RTM1C46,3.72,3.71,3.73,1000000.0,1000000.0,0,0,0,0,0,0,0,0,27,2026-02-05 05:08:48.288137
RTM1P46,0.15,0.14,0.16,1000000.0,1000000.0,0,0,0,0,0,0,0,0,27,2026-02-05 05:08:48.288137
RTM1C47,2.9,2.89,2.91,1000000.0,1000000.0,0,0,0,0,0,0,0,0,27,2026-02-05 05:08:48.288137
RTM1P47,0.33,0.32,0.34,1000000.0,1000000.0,0,0,0,0,0,0,0,0,27,2026-02-05 05:08:48.288137
RTM1C48,2.2,2.19,2.21,1000000.0,1000000.0,0,0,0,0,0,0,0,0,27,2026-02-05 05:08:48.288137
RTM1P48,0.63,0.62,0.64,1000000.0,1000000.0,0,0,0,0,0,0,0,0,27,2026-02-05 05:08:48.288137
RTM1C49,1.48,1.47,1.49,1000000.0,1000000.0,0,0,0,0,0,0,0,0,27,2026-02-05 05:08:48.288137
RTM1P49,0.91,0.9,0.92,1000000.0,1000000.0,0,0,0,0,0,0,0,0,27,2026-02-05 05:08:48.288137
RTM1C50,1.07,1.06,1.08,1000000.0,1000000.0,0,0,0,0,0,0,0,0,27,2026-02-05 05:08:48.288137
RTM1P50,1.5,1.49,1.51,1000000.0,1000000.0,0,0,0,0,0,0,0,0,27,2026-02-05 05:08:48.288137
RTM1C51,0.69,0.68,0.7,1000000.0,1000000.0,0,0,0,0,0,0,0,0,27,2026-02-05 05:08:48.288137
RTM1P51,2.12,2.11,2.13,1000000.0,1000000.0,0,0,0,0,0,0,0,0,27,2026-02-05 05:08:48.288137
RTM1C52,0.37,0.36,0.38,1000000.0,1000000.0,0,0,0,0,0,0,0,0,27,2026-02-05 05:08:48.288137
RTM1P52,2.8,2.79,2.81,1000000.0,1000000.0,0,0,0,0,0,0,0,0,27,2026-02-05 05:08:48.288137
RTM1C53,0.23,0.22,0.24,1000000.0,1000000.0,0,0,0,0,0,0,0,0,27,2026-02-05 05:08:48.288137
RTM1P53,3.66,3.65,3.67,1000000.0,1000000.0,0,0,0,0,0,0,0,0,27,2026-02-05 05:08:48.288137
RTM1C54,0.11,0.1,0.12,1000000.0,1000000.0,0,0,0,0,0,0,0,0,27,2026-02-05 05:08:48.288137
RTM1P54,4.54,4.53,4.55,1000000.0,1000000.0,0,0,0,0,0,0,0,0,27,2026-02-05 05:08:48.288137
RTM,49.45,49.44,49.46,100000000.0,100000000.0,0,0,0,0,0,0,0,0,28,2026-02-05 05:08:48.877046
RTM1C45,4.54,4.53,4.55,1000000.0,1000000.0,0,0,0,0,0,0,0,0,28,2026-02-05 05:08:48.877046
RTM1P45,0.09,0.08,0.1,1000000.0,1000000.0,0,0,0,0,0,0,0,0,28,2026-02-05 05:08:48.877046
RTM1C46,3.65,3.64,3.66,1000000.0,1000000.0,0,0,0,0,0,0,0,0,28,2026-02-05 05:08:48.877046
RTM1P46,0.2,0.19,0.21,1000000.0,1000000.0,0,0,0,0,0,0,0,0,28,2026-02-05 05:08:48.877046
RTM1C47,2.75,2.74,2.76,1000000.0,1000000.0,0,0,0,0,0,0,0,0,28,2026-02-05 05:08:48.877046
RTM1P47,0.3,0.29,0.31,1000000.0,1000000.0,0,0,0,0,0,0,0,0,28,2026-02-05 05:08:48.877046
RTM1C48,2.05,2.04,2.06,1000000.0,1000000.0,0,0,0,0,0,0,0,0,28,2026-02-05 05:08:48.877046
RTM1P48,0.6,0.59,0.61,1000000.0,1000000.0,0,0,0,0,0,0,0,0,28,2026-02-05 05:08:48.877046
RTM1C49,1.49,1.48,1.5,1000000.0,1000000.0,0,0,0,0,0,0,0,0,28,2026-02-05 05:08:48.877046
RTM1P49,1.04,1.03,1.05,1000000.0,1000000.0,0,0,0,0,0,0,0,0,28,2026-02-05 05:08:48.877046
RTM1C50,1.06,1.05,1.07,1000000.0,1000000.0,0,0,0,0,0,0,0,0,28,2026-02-05 05:08:48.877046
RTM1P50,1.61,1.6,1.62,1000000.0,1000000.0,0,0,0,0,0,0,0,0,28,2026-02-05 05:08:48.877046
RTM1C51,0.62,0.61,0.63,1000000.0,1000000.0,0,0,0,0,0,0,0,0,28,2026-02-05 05:08:48.877046
RTM1P51,2.17,2.16,2.18,1000000.0,1000000.0,0,0,0,0,0,0,0,0,28,2026-02-05 05:08:48.877046
RTM1C52,0.34,0.33,0.35,1000000.0,1000000.0,0,0,0,0,0,0,0,0,28,2026-02-05 05:08:48.877046
RTM1P52,2.89,2.88,2.9,1000000.0,1000000.0,0,0,0,0,0,0,0,0,28,2026-02-05 05:08:48.877046
RTM1C53,0.23,0.22,0.24,1000000.0,1000000.0,0,0,0,0,0,0,0,0,28,2026-02-05 05:08:48.877046
RTM1P53,3.78,3.77,3.79,1000000.0,1000000.0,0,0,0,0,0,0,0,0,28,2026-02-05 05:08:48.877046
RTM1C54,0.12,0.11,0.13,1000000.0,1000000.0,0,0,0,0,0,0,0,0,28,2026-02-05 05:08:48.877046
RTM1P54,4.67,4.66,4.68,1000000.0,1000000.0,0,0,0,0,0,0,0,0,28,2026-02-05 05:08:48.877046
RTM,49.42,49.41,49.43,100000000.0,100000000.0,0,0,0,0,0,0,0,0,29,2026-02-05 05:08:49.983070
RTM1C45,4.49,4.48,4.5,1000000.0,1000000.0,0,0,0,0,0,0,0,0,29,2026-02-05 05:08:49.983070
RTM1P45,0.07,0.06,0.08,1000000.0,1000000.0,0,0,0,0,0,0,0,0,29,2026-02-05 05:08:49.983070
RTM1C46,3.62,3.61,3.63,1000000.0,1000000.0,0,0,0,0,0,0,0,0,29,2026-02-05 05:08:49.983070
RTM1P46,0.2,0.19,0.21,1000000.0,1000000.0,0,0,0,0,0,0,0,0,29,2026-02-05 05:08:49.983070
RTM1C47,2.76,2.75,2.77,1000000.0,1000000.0,0,0,0,0,0,0,0,0,29,2026-02-05 05:08:49.983070
RTM1P47,0.34,0.33,0.35,1000000.0,1000000.0,0,0,0,0,0,0,0,0,29,2026-02-05 05:08:49.983070
RTM1C48,2.0,1.99,2.01,1000000.0,1000000.0,0,0,0,0,0,0,0,0,29,2026-02-05 05:08:49.983070
RTM1P48,0.58,0.57,0.59,1000000.0,1000000.0,0,0,0,0,0,0,0,0,29,2026-02-05 05:08:49.983070
RTM1C49,1.48,1.47,1.49,1000000.0,1000000.0,0,0,0,0,0,0,0,0,29,2026-02-05 05:08:49.983070
RTM1P49,1.06,1.05,1.07,1000000.0,1000000.0,0,0,0,0,0,0,0,0,29,2026-02-05 05:08:49.983070
RTM1C50,1.01,1.0,1.02,1000000.0,1000000.0,0,0,0,0,0,0,0,0,29,2026-02-05 05:08:49.983070
RTM1P50,1.59,1.58,1.6,1000000.0,1000000.0,0,0,0,0,0,0,0,0,29,2026-02-05 05:08:49.983070
RTM1C51,0.54,0.53,0.55,1000000.0,1000000.0,0,0,0,0,0,0,0,0,29,2026-02-05 05:08:49.983070
RTM1P51,2.12,2.11,2.13,1000000.0,1000000.0,0,0,0,0,0,0,0,0,29,2026-02-05 05:08:49.983070
RTM1C52,0.38,0.37,0.39,1000000.0,1000000.0,0,0,0,0,0,0,0,0,29,2026-02-05 05:08:49.983070
RTM1P52,2.96,2.95,2.97,1000000.0,1000000.0,0,0,0,0,0,0,0,0,29,2026-02-05 05:08:49.983070
RTM1C53,0.22,0.21,0.23,1000000.0,1000000.0,0,0,0,0,0,0,0,0,29,2026-02-05 05:08:49.983070
RTM1P53,3.79,3.78,3.8,1000000.0,1000000.0,0,0,0,0,0,0,0,0,29,2026-02-05 05:08:49.983070
RTM1C54,0.09,0.08,0.1,1000000.0,1000000.0,0,0,0,0,0,0,0,0,29,2026-02-05 05:08:49.983070
RTM1P54,4.67,4.66,4.68,1000000.0,1000000.0,0,0,0,0,0,0,0,0,29,2026-02-05 05:08:49.983070
RTM,49.48,49.47,49.49,100000000.0,100000000.0,0,0,0,0,0,0,0,0,30,2026-02-05 05:08:51.092332
RTM1C45,4.56,4.55,4.57,1000000.0,1000000.0,0,0,0,0,0,0,0,0,30,2026-02-05 05:08:51.092332
RTM1P45,0.08,0.07,0.09,1000000.0,1000000.0,0,0,0,0,0,0,0,0,30,2026-02-05 05:08:51.092332
RTM1C46,3.63,3.62,3.64,1000000.0,1000000.0,0,0,0,0,0,0,0,0,30,2026-02-05 05:08:51.092332
RTM1P46,0.15,0.14,0.16,1000000.0,1000000.0,0,0,0,0,0,0,0,0,30,2026-02-05 05:08:51.092332
RTM1C47,2.79,2.78,2.8,1000000.0,1000000.0,0,0,0,0,0,0,0,0,30,2026-02-05 05:08:51.092332
RTM1P47,0.31,0.3,0.32,1000000.0,1000000.0,0,0,0,0,0,0,0,0,30,2026-02-05 05:08:51.092332
RTM1C48,2.11,2.1,2.12,1000000.0,1000000.0,0,0,0,0,0,0,0,0,30,2026-02-05 05:08:51.092332
RTM1P48,0.63,0.62,0.64,1000000.0,1000000.0,0,0,0,0,0,0,0,0,30,2026-02-05 05:08:51.092332
RTM1C49,1.47,1.46,1.48,1000000.0,1000000.0,0,0,0,0,0,0,0,0,30,2026-02-05 05:08:51.092332
RTM1P49,0.99,0.98,1.0,1000000.0,1000000.0,0,0,0,0,0,0,0,0,30,2026-02-05 05:08:51.092332
RTM1C50,0.97,0.96,0.98,1000000.0,1000000.0,0,0,0,0,0,0,0,0,30,2026-02-05 05:08:51.092332
RTM1P50,1.49,1.48,1.5,1000000.0,1000000.0,0,0,0,0,0,0,0,0,30,2026-02-05 05:08:51.092332
RTM1C51,0.57,0.56,0.58,1000000.0,1000000.0,0,0,0,0,0,0,0,0,30,2026-02-05 05:08:51.092332
RTM1P51,2.09,2.08,2.1,1000000.0,1000000.0,0,0,0,0,0,0,0,0,30,2026-02-05 05:08:51.092332
RTM1C52,0.34,0.33,0.35,1000000.0,1000000.0,0,0,0,0,0,0,0,0,30,2026-02-05 05:08:51.092332
RTM1P52,2.87,2.86,2.88,1000000.0,1000000.0,0,0,0,0,0,0,0,0,30,2026-02-05 05:08:51.092332
RTM1C53,0.18,0.17,0.19,1000000.0,1000000.0,0,0,0,0,0,0,0,0,30,2026-02-05 05:08:51.092332
RTM1P53,3.7,3.69,3.71,1000000.0,1000000.0,0,0,0,0,0,0,0,0,30,2026-02-05 05:08:51.092332
RTM1C54,0.12,0.11,0.13,1000000.0,1000000.0,0,0,0,0,0,0,0,0,30,2026-02-05 05:08:51.092332
RTM1P54,4.65,4.64,4.66,1000000.0,1000000.0,0,0,0,0,0,0,0,0,30,2026-02-05 05:08:51.092332
RTM,49.55,49.54,49.56,100000000.0,100000000.0,0,0,0,0,0,0,0,0,31,2026-02-05 05:08:52.189826
RTM1C45,4.61,4.6,4.62,1000000.0,1000000.0,0,0,0,0,0,0,0,0,31,2026-02-05 05:08:52.189826
RTM1P45,0.05,0.04,0.06,1000000.0,1000000.0,0,0,0,0,0,0,0,0,31,2026-02-05 05:08:52.189826
RTM1C46,3.68,3.67,3.69,1000000.0,1000000.0,0,0,0,0,0,0,0,0,31,2026-02-05 05:08:52.189826
RTM1P46,0.13,0.12,0.14,1000000.0,1000000.0,0,0,0,0,0,0,0,0,31,2026-02-05 05:08:52.189826
RTM1C47,2.88,2.87,2.89,1000000.0,1000000.0,0,0,0,0,0,0,0,0,31,2026-02-05 05:08:52.189826
RTM1P47,0.33,0.32,0.34,1000000.0,1000000.0,0,0,0,0,0,0,0,0,31,2026-02-05 05:08:52.189826
RTM1C48,2.14,2.13,2.15,1000000.0,1000000.0,0,0,0,0,0,0,0,0,31,2026-02-05 05:08:52.189826
RTM1P48,0.59,0.58,0.6,1000000.0,1000000.0,0,0,0,0,0,0,0,0,31,2026-02-05 05:08:52.189826
RTM1C49,1.55,1.54,1.56,1000000.0,1000000.0,0,0,0,0,0,0,0,0,31,2026-02-05 05:08:52.189826
RTM1P49,1.0,0.99,1.01,1000000.0,1000000.0,0,0,0,0,0,0,0,0,31,2026-02-05 05:08:52.189826
RTM1C50,1.02,1.01,1.03,1000000.0,1000000.0,0,0,0,0,0,0,0,0,31,2026-02-05 05:08:52.189826
RTM1P50,1.47,1.46,1.48,1000000.0,1000000.0,0,0,0,0,0,0,0,0,31,2026-02-05 05:08:52.189826
RTM1C51,0.61,0.6,0.62,1000000.0,1000000.0,0,0,0,0,0,0,0,0,31,2026-02-05 05:08:52.189826
RTM1P51,2.05,2.04,2.06,1000000.0,1000000.0,0,0,0,0,0,0,0,0,31,2026-02-05 05:08:52.189826
RTM1C52,0.36,0.35,0.37,1000000.0,1000000.0,0,0,0,0,0,0,0,0,31,2026-02-05 05:08:52.189826
RTM1P52,2.81,2.8,2.82,1000000.0,1000000.0,0,0,0,0,0,0,0,0,31,2026-02-05 05:08:52.189826
RTM1C53,0.2,0.19,0.21,1000000.0,1000000.0,0,0,0,0,0,0,0,0,31,2026-02-05 05:08:52.189826
RTM1P53,3.64,3.63,3.65,1000000.0,1000000.0,0,0,0,0,0,0,0,0,31,2026-02-05 05:08:52.189826
RTM1C54,0.11,0.1,0.12,1000000.0,1000000.0,0,0,0,0,0,0,0,0,31,2026-02-05 05:08:52.189826
RTM1P54,4.56,4.55,4.57,1000000.0,1000000.0,0,0,0,0,0,0,0,0,31,2026-02-05 05:08:52.189826
RTM,49.75,49.73,49.75,100000000.0,100000000.0,0,0,0,0,0,0,0,0,32,2026-02-05 05:08:53.259515
RTM1C45,4.78,4.77,4.79,1000000.0,1000000.0,0,0,0,0,0,0,0,0,32,2026-02-05 05:08:53.259515
RTM1P45,0.05,0.04,0.06,1000000.0,1000000.0,0,0,0,0,0,0,0,0,32,2026-02-05 05:08:53.259515
RTM1C46,3.85,3.84,3.86,1000000.0,1000000.0,0,0,0,0,0,0,0,0,32,2026-02-05 05:08:53.259515
RTM1P46,0.11,0.1,0.12,1000000.0,1000000.0,0,0,0,0,0,0,0,0,32,2026-02-05 05:08:53.259515
RTM1C47,3.03,3.02,3.04,1000000.0,1000000.0,0,0,0,0,0,0,0,0,32,2026-02-05 05:08:53.259515
RTM1P47,0.29,0.28,0.3,1000000.0,1000000.0,0,0,0,0,0,0,0,0,32,2026-02-05 05:08:53.259515
RTM1C48,2.21,2.2,2.22,1000000.0,1000000.0,0,0,0,0,0,0,0,0,32,2026-02-05 05:08:53.259515
RTM1P48,0.48,0.47,0.49,1000000.0,1000000.0,0,0,0,0,0,0,0,0,32,2026-02-05 05:08:53.259515
RTM1C49,1.66,1.65,1.67,1000000.0,1000000.0,0,0,0,0,0,0,0,0,32,2026-02-05 05:08:53.259515
RTM1P49,0.93,0.92,0.94,1000000.0,1000000.0,0,0,0,0,0,0,0,0,32,2026-02-05 05:08:53.259515
RTM1C50,1.04,1.03,1.05,1000000.0,1000000.0,0,0,0,0,0,0,0,0,32,2026-02-05 05:08:53.259515
RTM1P50,1.31,1.3,1.32,1000000.0,1000000.0,0,0,0,0,0,0,0,0,32,2026-02-05 05:08:53.259515
RTM1C51,0.65,0.64,0.66,1000000.0,1000000.0,0,0,0,0,0,0,0,0,32,2026-02-05 05:08:53.259515
RTM1P51,1.92,1.91,1.93,1000000.0,1000000.0,0,0,0,0,0,0,0,0,32,2026-02-05 05:08:53.259515
RTM1C52,0.37,0.36,0.38,1000000.0,1000000.0,0,0,0,0,0,0,0,0,32,2026-02-05 05:08:53.259515
RTM1P52,2.64,2.63,2.65,1000000.0,1000000.0,0,0,0,0,0,0,0,0,32,2026-02-05 05:08:53.259515
RTM1C53,0.22,0.21,0.23,1000000.0,1000000.0,0,0,0,0,0,0,0,0,32,2026-02-05 05:08:53.259515
RTM1P53,3.48,3.47,3.49,1000000.0,1000000.0,0,0,0,0,0,0,0,0,32,2026-02-05 05:08:53.259515
RTM1C54,0.11,0.1,0.12,1000000.0,1000000.0,0,0,0,0,0,0,0,0,32,2026-02-05 05:08:53.259515
RTM1P54,4.38,4.37,4.39,1000000.0,1000000.0,0,0,0,0,0,0,0,0,32,2026-02-05 05:08:53.259515
RTM,49.44,49.44,49.46,100000000.0,100000000.0,0,0,0,0,0,0,0,0,33,2026-02-05 05:08:54.327738
RTM1C45,4.52,4.51,4.53,1000000.0,1000000.0,0,0,0,0,0,0,0,0,33,2026-02-05 05:08:54.327738
RTM1P45,0.07,0.06,0.08,1000000.0,1000000.0,0,0,0,0,0,0,0,0,33,2026-02-05 05:08:54.327738
RTM1C46,3.62,3.61,3.63,1000000.0,1000000.0,0,0,0,0,0,0,0,0,33,2026-02-05 05:08:54.327738
RTM1P46,0.17,0.16,0.18,1000000.0,1000000.0,0,0,0,0,0,0,0,0,33,2026-02-05 05:08:54.327738
RTM1C47,2.84,2.83,2.85,1000000.0,1000000.0,0,0,0,0,0,0,0,0,33,2026-02-05 05:08:54.327738
RTM1P47,0.39,0.38,0.4,1000000.0,1000000.0,0,0,0,0,0,0,0,0,33,2026-02-05 05:08:54.327738
RTM1C48,1.99,1.98,2.0,1000000.0,1000000.0,0,0,0,0,0,0,0,0,33,2026-02-05 05:08:54.327738
RTM1P48,0.53,0.52,0.54,1000000.0,1000000.0,0,0,0,0,0,0,0,0,33,2026-02-05 05:08:54.327738
RTM1C49,1.45,1.44,1.46,1000000.0,1000000.0,0,0,0,0,0,0,0,0,33,2026-02-05 05:08:54.327738
RTM1P49,1.0,0.99,1.01,1000000.0,1000000.0,0,0,0,0,0,0,0,0,33,2026-02-05 05:08:54.327738
RTM1C50,0.98,0.97,0.99,1000000.0,1000000.0,0,0,0,0,0,0,0,0,33,2026-02-05 05:08:54.327738
RTM1P50,1.53,1.52,1.54,1000000.0,1000000.0,0,0,0,0,0,0,0,0,33,2026-02-05 05:08:54.327738
RTM1C51,0.6,0.59,0.61,1000000.0,1000000.0,0,0,0,0,0,0,0,0,33,2026-02-05 05:08:54.327738
RTM1P51,2.15,2.14,2.16,1000000.0,1000000.0,0,0,0,0,0,0,0,0,33,2026-02-05 05:08:54.327738
RTM1C52,0.31,0.3,0.32,1000000.0,1000000.0,0,0,0,0,0,0,0,0,33,2026-02-05 05:08:54.327738
RTM1P52,2.86,2.85,2.87,1000000.0,1000000.0,0,0,0,0,0,0,0,0,33,2026-02-05 05:08:54.327738
RTM1C53,0.17,0.16,0.18,1000000.0,1000000.0,0,0,0,0,0,0,0,0,33,2026-02-05 05:08:54.327738
RTM1P53,3.72,3.71,3.73,1000000.0,1000000.0,0,0,0,0,0,0,0,0,33,2026-02-05 05:08:54.327738
RTM1C54,0.09,0.08,0.1,1000000.0,1000000.0,0,0,0,0,0,0,0,0,33,2026-02-05 05:08:54.327738
RTM1P54,4.64,4.63,4.65,1000000.0,1000000.0,0,0,0,0,0,0,0,0,33,2026-02-05 05:08:54.327738
RTM,49.51,49.5,49.52,100000000.0,100000000.0,0,0,0,0,0,0,0,0,34,2026-02-05 05:08:54.894306
RTM1C45,4.58,4.57,4.59,1000000.0,1000000.0,0,0,0,0,0,0,0,0,34,2026-02-05 05:08:54.894306
RTM1P45,0.07,0.06,0.08,1000000.0,1000000.0,0,0,0,0,0,0,0,0,34,2026-02-05 05:08:54.894306
RTM1C46,3.67,3.66,3.68,1000000.0,1000000.0,0,0,0,0,0,0,0,0,34,2026-02-05 05:08:54.894306
RTM1P46,0.16,0.15,0.17,1000000.0,1000000.0,0,0,0,0,0,0,0,0,34,2026-02-05 05:08:54.894306
RTM1C47,2.83,2.82,2.84,1000000.0,1000000.0,0,0,0,0,0,0,0,0,34,2026-02-05 05:08:54.894306
RTM1P47,0.31,0.3,0.32,1000000.0,1000000.0,0,0,0,0,0,0,0,0,34,2026-02-05 05:08:54.894306
RTM1C48,2.06,2.05,2.07,1000000.0,1000000.0,0,0,0,0,0,0,0,0,34,2026-02-05 05:08:54.894306
RTM1P48,0.54,0.53,0.55,1000000.0,1000000.0,0,0,0,0,0,0,0,0,34,2026-02-05 05:08:54.894306
RTM1C49,1.5,1.49,1.51,1000000.0,1000000.0,0,0,0,0,0,0,0,0,34,2026-02-05 05:08:54.894306
RTM1P49,0.99,0.98,1.0,1000000.0,1000000.0,0,0,0,0,0,0,0,0,34,2026-02-05 05:08:54.894306
RTM1C50,1.01,1.0,1.02,1000000.0,1000000.0,0,0,0,0,0,0,0,0,34,2026-02-05 05:08:54.894306
RTM1P50,1.49,1.48,1.5,1000000.0,1000000.0,0,0,0,0,0,0,0,0,34,2026-02-05 05:08:54.894306
RTM1C51,0.62,0.61,0.63,1000000.0,1000000.0,0,0,0,0,0,0,0,0,34,2026-02-05 05:08:54.894306
RTM1P51,2.1,2.09,2.11,1000000.0,1000000.0,0,0,0,0,0,0,0,0,34,2026-02-05 05:08:54.894306
RTM1C52,0.34,0.33,0.35,1000000.0,1000000.0,0,0,0,0,0,0,0,0,34,2026-02-05 05:08:54.894306
RTM1P52,2.82,2.81,2.83,1000000.0,1000000.0,0,0,0,0,0,0,0,0,34,2026-02-05 05:08:54.894306
RTM1C53,0.2,0.19,0.21,1000000.0,1000000.0,0,0,0,0,0,0,0,0,34,2026-02-05 05:08:54.894306
RTM1P53,3.68,3.67,3.69,1000000.0,1000000.0,0,0,0,0,0,0,0,0,34,2026-02-05 05:08:54.894306
RTM1C54,0.09,0.08,0.1,1000000.0,1000000.0,0,0,0,0,0,0,0,0,34,2026-02-05 05:08:54.894306
RTM1P54,4.58,4.57,4.59,1000000.0,1000000.0,0,0,0,0,0,0,0,0,34,2026-02-05 05:08:54.894306
RTM,49.57,49.56,49.58,100000000.0,100000000.0,0,0,0,0,0,0,0,0,35,2026-02-05 05:08:55.981649
RTM1C45,4.63,4.62,4.64,1000000.0,1000000.0,0,0,0,0,0,0,0,0,35,2026-02-05 05:08:55.981649
RTM1P45,0.05,0.04,0.06,1000000.0,1000000.0,0,0,0,0,0,0,0,0,35,2026-02-05 05:08:55.981649
RTM1C46,3.73,3.72,3.74,1000000.0,1000000.0,0,0,0,0,0,0,0,0,35,2026-02-05 05:08:55.981649
RTM1P46,0.16,0.15,0.17,1000000.0,1000000.0,0,0,0,0,0,0,0,0,35,2026-02-05 05:08:55.981649
RTM1C47,2.91,2.9,2.92,1000000.0,1000000.0,0,0,0,0,0,0,0,0,35,2026-02-05 05:08:55.981649
RTM1P47,0.34,0.33,0.35,1000000.0,1000000.0,0,0,0,0,0,0,0,0,35,2026-02-05 05:08:55.981649
RTM1C48,2.08,2.07,2.09,1000000.0,1000000.0,0,0,0,0,0,0,0,0,35,2026-02-05 05:08:55.981649
RTM1P48,0.51,0.5,0.52,1000000.0,1000000.0,0,0,0,0,0,0,0,0,35,2026-02-05 05:08:55.981649
RTM1C49,1.45,1.44,1.46,1000000.0,1000000.0,0,0,0,0,0,0,0,0,35,2026-02-05 05:08:55.981649
RTM1P49,0.88,0.87,0.89,1000000.0,1000000.0,0,0,0,0,0,0,0,0,35,2026-02-05 05:08:55.981649
RTM1C50,0.94,0.93,0.95,1000000.0,1000000.0,0,0,0,0,0,0,0,0,35,2026-02-05 05:08:55.981649
RTM1P50,1.36,1.35,1.37,1000000.0,1000000.0,0,0,0,0,0,0,0,0,35,2026-02-05 05:08:55.981649
RTM1C51,0.63,0.62,0.64,1000000.0,1000000.0,0,0,0,0,0,0,0,0,35,2026-02-05 05:08:55.981649
RTM1P51,2.06,2.05,2.07,1000000.0,1000000.0,0,0,0,0,0,0,0,0,35,2026-02-05 05:08:55.981649
RTM1C52,0.36,0.35,0.37,1000000.0,1000000.0,0,0,0,0,0,0,0,0,35,2026-02-05 05:08:55.981649
RTM1P52,2.79,2.78,2.8,1000000.0,1000000.0,0,0,0,0,0,0,0,0,35,2026-02-05 05:08:55.981649
RTM1C53,0.2,0.19,0.21,1000000.0,1000000.0,0,0,0,0,0,0,0,0,35,2026-02-05 05:08:55.981649
RTM1P53,3.63,3.62,3.64,1000000.0,1000000.0,0,0,0,0,0,0,0,0,35,2026-02-05 05:08:55.981649
RTM1C54,0.08,0.07,0.09,1000000.0,1000000.0,0,0,0,0,0,0,0,0,35,2026-02-05 05:08:55.981649
RTM1P54,4.51,4.5,4.52,1000000.0,1000000.0,0,0,0,0,0,0,0,0,35,2026-02-05 05:08:55.981649
RTM,49.46,49.45,49.47,100000000.0,100000000.0,0,0,0,0,0,0,0,0,36,2026-02-05 05:08:57.102360,3.0,1.0,35.0,,News 1,The analysts have informed you that the realized volatility of RTM next week will be between 37% and 42%
RTM1C45,4.53,4.52,4.54,1000000.0,1000000.0,0,0,0,0,0,0,0,0,36,2026-02-05 05:08:57.102360,,,,,,
RTM1P45,0.06,0.05,0.07,1000000.0,1000000.0,0,0,0,0,0,0,0,0,36,2026-02-05 05:08:57.102360,,,,,,
RTM1C46,3.59,3.58,3.6,1000000.0,1000000.0,0,0,0,0,0,0,0,0,36,2026-02-05 05:08:57.102360,,,,,,
RTM1P46,0.13,0.12,0.14,1000000.0,1000000.0,0,0,0,0,0,0,0,0,36,2026-02-05 05:08:57.102360,,,,,,
RTM1C47,2.78,2.77,2.79,1000000.0,1000000.0,0,0,0,0,0,0,0,0,36,2026-02-05 05:08:57.102360,,,,,,
RTM1P47,0.31,0.3,0.32,1000000.0,1000000.0,0,0,0,0,0,0,0,0,36,2026-02-05 05:08:57.102360,,,,,,
RTM1C48,2.05,2.04,2.06,1000000.0,1000000.0,0,0,0,0,0,0,0,0,36,2026-02-05 05:08:57.102360,,,,,,
RTM1P48,0.59,0.58,0.6,1000000.0,1000000.0,0,0,0,0,0,0,0,0,36,2026-02-05 05:08:57.102360,,,,,,
RTM1C49,1.44,1.43,1.45,1000000.0,1000000.0,0,0,0,0,0,0,0,0,36,2026-02-05 05:08:57.102360,,,,,,
RTM1P49,0.97,0.96,0.98,1000000.0,1000000.0,0,0,0,0,0,0,0,0,36,2026-02-05 05:08:57.102360,,,,,,
RTM1C50,0.96,0.95,0.97,1000000.0,1000000.0,0,0,0,0,0,0,0,0,36,2026-02-05 05:08:57.102360,,,,,,
RTM1P50,1.5,1.49,1.51,1000000.0,1000000.0,0,0,0,0,0,0,0,0,36,2026-02-05 05:08:57.102360,,,,,,
RTM1C51,0.53,0.52,0.54,1000000.0,1000000.0,0,0,0,0,0,0,0,0,36,2026-02-05 05:08:57.102360,,,,,,
RTM1P51,2.07,2.06,2.08,1000000.0,1000000.0,0,0,0,0,0,0,0,0,36,2026-02-05 05:08:57.102360,,,,,,
RTM1C52,0.34,0.33,0.35,1000000.0,1000000.0,0,0,0,0,0,0,0,0,36,2026-02-05 05:08:57.102360,,,,,,
RTM1P52,2.87,2.86,2.88,1000000.0,1000000.0,0,0,0,0,0,0,0,0,36,2026-02-05 05:08:57.102360,,,,,,
RTM1C53,0.17,0.16,0.18,1000000.0,1000000.0,0,0,0,0,0,0,0,0,36,2026-02-05 05:08:57.102360,,,,,,
RTM1P53,3.7,3.69,3.71,1000000.0,1000000.0,0,0,0,0,0,0,0,0,36,2026-02-05 05:08:57.102360,,,,,,
RTM1C54,0.08,0.07,0.09,1000000.0,1000000.0,0,0,0,0,0,0,0,0,36,2026-02-05 05:08:57.102360,,,,,,
RTM1P54,4.62,4.61,4.63,1000000.0,1000000.0,0,0,0,0,0,0,0,0,36,2026-02-05 05:08:57.102360,,,,,,
RTM,49.31,49.31,49.33,100000000.0,100000000.0,0,0,0,0,0,0,0,0,37,2026-02-05 05:08:58.226263
RTM1C45,4.38,4.37,4.39,1000000.0,1000000.0,0,0,0,0,0,0,0,0,37,2026-02-05 05:08:58.226263
RTM1P45,0.07,0.06,0.08,1000000.0,1000000.0,0,0,0,0,0,0,0,0,37,2026-02-05 05:08:58.226263
RTM1C46,3.49,3.48,3.5,1000000.0,1000000.0,0,0,0,0,0,0,0,0,37,2026-02-05 05:08:58.226263
RTM1P46,0.17,0.16,0.18,1000000.0,1000000.0,0,0,0,0,0,0,0,0,37,2026-02-05 05:08:58.226263
RTM1C47,2.64,2.63,2.65,1000000.0,1000000.0,0,0,0,0,0,0,0,0,37,2026-02-05 05:08:58.226263
RTM1P47,0.33,0.32,0.34,1000000.0,1000000.0,0,0,0,0,0,0,0,0,37,2026-02-05 05:08:58.226263
RTM1C48,1.88,1.87,1.89,1000000.0,1000000.0,0,0,0,0,0,0,0,0,37,2026-02-05 05:08:58.226263
RTM1P48,0.56,0.55,0.57,1000000.0,1000000.0,0,0,0,0,0,0,0,0,37,2026-02-05 05:08:58.226263
RTM1C49,1.3,1.29,1.31,1000000.0,1000000.0,0,0,0,0,0,0,0,0,37,2026-02-05 05:08:58.226263
RTM1P49,0.99,0.98,1.0,1000000.0,1000000.0,0,0,0,0,0,0,0,0,37,2026-02-05 05:08:58.226263
RTM1C50,0.81,0.8,0.82,1000000.0,1000000.0,0,0,0,0,0,0,0,0,37,2026-02-05 05:08:58.226263
RTM1P50,1.5,1.49,1.51,1000000.0,1000000.0,0,0,0,0,0,0,0,0,37,2026-02-05 05:08:58.226263
RTM1C51,0.5,0.49,0.51,1000000.0,1000000.0,0,0,0,0,0,0,0,0,37,2026-02-05 05:08:58.226263
RTM1P51,2.18,2.17,2.19,1000000.0,1000000.0,0,0,0,0,0,0,0,0,37,2026-02-05 05:08:58.226263
RTM1C52,0.27,0.26,0.28,1000000.0,1000000.0,0,0,0,0,0,0,0,0,37,2026-02-05 05:08:58.226263
RTM1P52,2.95,2.94,2.96,1000000.0,1000000.0,0,0,0,0,0,0,0,0,37,2026-02-05 05:08:58.226263
RTM1C53,0.18,0.17,0.19,1000000.0,1000000.0,0,0,0,0,0,0,0,0,37,2026-02-05 05:08:58.226263
RTM1P53,3.86,3.85,3.87,1000000.0,1000000.0,0,0,0,0,0,0,0,0,37,2026-02-05 05:08:58.226263
RTM1C54,0.07,0.06,0.08,1000000.0,1000000.0,0,0,0,0,0,0,0,0,37,2026-02-05 05:08:58.226263
RTM1P54,4.75,4.74,4.76,1000000.0,1000000.0,0,0,0,0,0,0,0,0,37,2026-02-05 05:08:58.226263
RTM,49.74,49.72,49.74,100000000.0,100000000.0,0,0,0,0,0,0,0,0,38,2026-02-05 05:08:59.301258
RTM1C45,4.78,4.77,4.79,1000000.0,1000000.0,0,0,0,0,0,0,0,0,38,2026-02-05 05:08:59.301258
RTM1P45,0.06,0.05,0.07,1000000.0,1000000.0,0,0,0,0,0,0,0,0,38,2026-02-05 05:08:59.301258
RTM1C46,3.83,3.82,3.84,1000000.0,1000000.0,0,0,0,0,0,0,0,0,38,2026-02-05 05:08:59.301258
RTM1P46,0.1,0.09,0.11,1000000.0,1000000.0,0,0,0,0,0,0,0,0,38,2026-02-05 05:08:59.301258
RTM1C47,3.02,3.01,3.03,1000000.0,1000000.0,0,0,0,0,0,0,0,0,38,2026-02-05 05:08:59.301258
RTM1P47,0.29,0.28,0.3,1000000.0,1000000.0,0,0,0,0,0,0,0,0,38,2026-02-05 05:08:59.301258
RTM1C48,2.21,2.2,2.22,1000000.0,1000000.0,0,0,0,0,0,0,0,0,38,2026-02-05 05:08:59.301258
RTM1P48,0.48,0.47,0.49,1000000.0,1000000.0,0,0,0,0,0,0,0,0,38,2026-02-05 05:08:59.301258
RTM1C49,1.55,1.54,1.56,1000000.0,1000000.0,0,0,0,0,0,0,0,0,38,2026-02-05 05:08:59.301258
RTM1P49,0.82,0.81,0.83,1000000.0,1000000.0,0,0,0,0,0,0,0,0,38,2026-02-05 05:08:59.301258
RTM1C50,0.99,0.98,1.0,1000000.0,1000000.0,0,0,0,0,0,0,0,0,38,2026-02-05 05:08:59.301258
RTM1P50,1.26,1.25,1.27,1000000.0,1000000.0,0,0,0,0,0,0,0,0,38,2026-02-05 05:08:59.301258
RTM1C51,0.64,0.63,0.65,1000000.0,1000000.0,0,0,0,0,0,0,0,0,38,2026-02-05 05:08:59.301258
RTM1P51,1.91,1.9,1.92,1000000.0,1000000.0,0,0,0,0,0,0,0,0,38,2026-02-05 05:08:59.301258
RTM1C52,0.38,0.37,0.39,1000000.0,1000000.0,0,0,0,0,0,0,0,0,38,2026-02-05 05:08:59.301258
RTM1P52,2.65,2.64,2.66,1000000.0,1000000.0,0,0,0,0,0,0,0,0,38,2026-02-05 05:08:59.301258
RTM1C53,0.18,0.17,0.19,1000000.0,1000000.0,0,0,0,0,0,0,0,0,38,2026-02-05 05:08:59.301258
RTM1P53,3.46,3.45,3.47,1000000.0,1000000.0,0,0,0,0,0,0,0,0,38,2026-02-05 05:08:59.301258
RTM1C54,0.12,0.11,0.13,1000000.0,1000000.0,0,0,0,0,0,0,0,0,38,2026-02-05 05:08:59.301258
RTM1P54,4.39,4.38,4.4,1000000.0,1000000.0,0,0,0,0,0,0,0,0,38,2026-02-05 05:08:59.301258
RTM,49.85,49.84,49.86,100000000.0,100000000.0,0,0,0,0,0,0,0,0,39,2026-02-05 05:08:59.876110
RTM1C45,4.9,4.89,4.91,1000000.0,1000000.0,0,0,0,0,0,0,0,0,39,2026-02-05 05:08:59.876110
RTM1P45,0.05,0.04,0.06,1000000.0,1000000.0,0,0,0,0,0,0,0,0,39,2026-02-05 05:08:59.876110
RTM1C46,3.95,3.94,3.96,1000000.0,1000000.0,0,0,0,0,0,0,0,0,39,2026-02-05 05:08:59.876110
RTM1P46,0.1,0.09,0.11,1000000.0,1000000.0,0,0,0,0,0,0,0,0,39,2026-02-05 05:08:59.876110
RTM1C47,3.09,3.08,3.1,1000000.0,1000000.0,0,0,0,0,0,0,0,0,39,2026-02-05 05:08:59.876110
RTM1P47,0.24,0.23,0.25,1000000.0,1000000.0,0,0,0,0,0,0,0,0,39,2026-02-05 05:08:59.876110
RTM1C48,2.27,2.26,2.28,1000000.0,1000000.0,0,0,0,0,0,0,0,0,39,2026-02-05 05:08:59.876110
RTM1P48,0.42,0.41,0.43,1000000.0,1000000.0,0,0,0,0,0,0,0,0,39,2026-02-05 05:08:59.876110
RTM1C49,1.62,1.61,1.63,1000000.0,1000000.0,0,0,0,0,0,0,0,0,39,2026-02-05 05:08:59.876110
RTM1P49,0.76,0.75,0.77,1000000.0,1000000.0,0,0,0,0,0,0,0,0,39,2026-02-05 05:08:59.876110
RTM1C50,1.05,1.04,1.06,1000000.0,1000000.0,0,0,0,0,0,0,0,0,39,2026-02-05 05:08:59.876110
RTM1P50,1.2,1.19,1.21,1000000.0,1000000.0,0,0,0,0,0,0,0,0,39,2026-02-05 05:08:59.876110
RTM1C51,0.7,0.69,0.71,1000000.0,1000000.0,0,0,0,0,0,0,0,0,39,2026-02-05 05:08:59.876110
RTM1P51,1.85,1.84,1.86,1000000.0,1000000.0,0,0,0,0,0,0,0,0,39,2026-02-05 05:08:59.876110
RTM1C52,0.42,0.41,0.43,1000000.0,1000000.0,0,0,0,0,0,0,0,0,39,2026-02-05 05:08:59.876110
RTM1P52,2.57,2.56,2.58,1000000.0,1000000.0,0,0,0,0,0,0,0,0,39,2026-02-05 05:08:59.876110
RTM1C53,0.2,0.19,0.21,1000000.0,1000000.0,0,0,0,0,0,0,0,0,39,2026-02-05 05:08:59.876110
RTM1P53,3.35,3.34,3.36,1000000.0,1000000.0,0,0,0,0,0,0,0,0,39,2026-02-05 05:08:59.876110
RTM1C54,0.11,0.1,0.12,1000000.0,1000000.0,0,0,0,0,0,0,0,0,39,2026-02-05 05:08:59.876110
RTM1P54,4.25,4.24,4.26,1000000.0,1000000.0,0,0,0,0,0,0,0,0,39,2026-02-05 05:08:59.876110
RTM,49.72,49.71,49.73,100000000.0,100000000.0,0,0,0,0,0,0,0,0,40,2026-02-05 05:09:00.945969
RTM1C45,4.77,4.76,4.78,1000000.0,1000000.0,0,0,0,0,0,0,0,0,40,2026-02-05 05:09:00.945969
RTM1P45,0.05,0.04,0.06,1000000.0,1000000.0,0,0,0,0,0,0,0,0,40,2026-02-05 05:09:00.945969
RTM1C46,3.83,3.82,3.84,1000000.0,1000000.0,0,0,0,0,0,0,0,0,40,2026-02-05 05:09:00.945969
RTM1P46,0.11,0.1,0.12,1000000.0,1000000.0,0,0,0,0,0,0,0,0,40,2026-02-05 05:09:00.945969
RTM1C47,2.98,2.97,2.99,1000000.0,1000000.0,0,0,0,0,0,0,0,0,40,2026-02-05 05:09:00.945969
RTM1P47,0.26,0.25,0.27,1000000.0,1000000.0,0,0,0,0,0,0,0,0,40,2026-02-05 05:09:00.945969
RTM1C48,2.18,2.17,2.19,1000000.0,1000000.0,0,0,0,0,0,0,0,0,40,2026-02-05 05:09:00.945969
RTM1P48,0.46,0.45,0.47,1000000.0,1000000.0,0,0,0,0,0,0,0,0,40,2026-02-05 05:09:00.945969
RTM1C49,1.49,1.48,1.5,1000000.0,1000000.0,0,0,0,0,0,0,0,0,40,2026-02-05 05:09:00.945969
RTM1P49,0.77,0.76,0.78,1000000.0,1000000.0,0,0,0,0,0,0,0,0,40,2026-02-05 05:09:00.945969
RTM1C50,1.03,1.02,1.04,1000000.0,1000000.0,0,0,0,0,0,0,0,0,40,2026-02-05 05:09:00.945969
RTM1P50,1.31,1.3,1.32,1000000.0,1000000.0,0,0,0,0,0,0,0,0,40,2026-02-05 05:09:00.945969
RTM1C51,0.62,0.61,0.63,1000000.0,1000000.0,0,0,0,0,0,0,0,0,40,2026-02-05 05:09:00.945969
RTM1P51,1.89,1.88,1.9,1000000.0,1000000.0,0,0,0,0,0,0,0,0,40,2026-02-05 05:09:00.945969
RTM1C52,0.34,0.33,0.35,1000000.0,1000000.0,0,0,0,0,0,0,0,0,40,2026-02-05 05:09:00.945969
RTM1P52,2.62,2.61,2.63,1000000.0,1000000.0,0,0,0,0,0,0,0,0,40,2026-02-05 05:09:00.945969
RTM1C53,0.22,0.21,0.23,1000000.0,1000000.0,0,0,0,0,0,0,0,0,40,2026-02-05 05:09:00.945969
RTM1P53,3.49,3.48,3.5,1000000.0,1000000.0,0,0,0,0,0,0,0,0,40,2026-02-05 05:09:00.945969
RTM1C54,0.1,0.09,0.11,1000000.0,1000000.0,0,0,0,0,0,0,0,0,40,2026-02-05 05:09:00.945969
RTM1P54,4.38,4.37,4.39,1000000.0,1000000.0,0,0,0,0,0,0,0,0,40,2026-02-05 05:09:00.945969
RTM,49.8,49.79,49.81,100000000.0,100000000.0,0,0,0,0,0,0,0,0,41,2026-02-05 05:09:02.058227
RTM1C45,4.84,4.83,4.85,1000000.0,1000000.0,0,0,0,0,0,0,0,0,41,2026-02-05 05:09:02.058227
RTM1P45,0.04,0.03,0.05,1000000.0,1000000.0,0,0,0,0,0,0,0,0,41,2026-02-05 05:09:02.058227
RTM1C46,3.89,3.88,3.9,1000000.0,1000000.0,0,0,0,0,0,0,0,0,41,2026-02-05 05:09:02.058227
RTM1P46,0.09,0.08,0.1,1000000.0,1000000.0,0,0,0,0,0,0,0,0,41,2026-02-05 05:09:02.058227
RTM1C47,3.0,2.99,3.01,1000000.0,1000000.0,0,0,0,0,0,0,0,0,41,2026-02-05 05:09:02.058227
RTM1P47,0.21,0.2,0.22,1000000.0,1000000.0,0,0,0,0,0,0,0,0,41,2026-02-05 05:09:02.058227
RTM1C48,2.24,2.23,2.25,1000000.0,1000000.0,0,0,0,0,0,0,0,0,41,2026-02-05 05:09:02.058227
RTM1P48,0.45,0.44,0.46,1000000.0,1000000.0,0,0,0,0,0,0,0,0,41,2026-02-05 05:09:02.058227
RTM1C49,1.6,1.59,1.61,1000000.0,1000000.0,0,0,0,0,0,0,0,0,41,2026-02-05 05:09:02.058227
RTM1P49,0.81,0.8,0.82,1000000.0,1000000.0,0,0,0,0,0,0,0,0,41,2026-02-05 05:09:02.058227
RTM1C50,1.03,1.02,1.04,1000000.0,1000000.0,0,0,0,0,0,0,0,0,41,2026-02-05 05:09:02.058227
RTM1P50,1.23,1.22,1.24,1000000.0,1000000.0,0,0,0,0,0,0,0,0,41,2026-02-05 05:09:02.058227
RTM1C51,0.64,0.63,0.65,1000000.0,1000000.0,0,0,0,0,0,0,0,0,41,2026-02-05 05:09:02.058227
RTM1P51,1.84,1.83,1.85,1000000.0,1000000.0,0,0,0,0,0,0,0,0,41,2026-02-05 05:09:02.058227
RTM1C52,0.39,0.38,0.4,1000000.0,1000000.0,0,0,0,0,0,0,0,0,41,2026-02-05 05:09:02.058227
RTM1P52,2.59,2.58,2.6,1000000.0,1000000.0,0,0,0,0,0,0,0,0,41,2026-02-05 05:09:02.058227
RTM1C53,0.19,0.18,0.2,1000000.0,1000000.0,0,0,0,0,0,0,0,0,41,2026-02-05 05:09:02.058227
RTM1P53,3.4,3.39,3.41,1000000.0,1000000.0,0,0,0,0,0,0,0,0,41,2026-02-05 05:09:02.058227
RTM1C54,0.12,0.11,0.13,1000000.0,1000000.0,0,0,0,0,0,0,0,0,41,2026-02-05 05:09:02.058227
RTM1P54,4.32,4.31,4.33,1000000.0,1000000.0,0,0,0,0,0,0,0,0,41,2026-02-05 05:09:02.058227
RTM,49.77,49.76,49.78,100000000.0,100000000.0,0,0,0,0,0,0,0,0,42,2026-02-05 05:09:03.204423
RTM1C45,4.81,4.8,4.82,1000000.0,1000000.0,0,0,0,0,0,0,0,0,42,2026-02-05 05:09:03.204423
RTM1P45,0.04,0.03,0.05,1000000.0,1000000.0,0,0,0,0,0,0,0,0,42,2026-02-05 05:09:03.204423
RTM1C46,3.87,3.86,3.88,1000000.0,1000000.0,0,0,0,0,0,0,0,0,42,2026-02-05 05:09:03.204423
RTM1P46,0.1,0.09,0.11,1000000.0,1000000.0,0,0,0,0,0,0,0,0,42,2026-02-05 05:09:03.204423
RTM1C47,3.0,2.99,3.01,1000000.0,1000000.0,0,0,0,0,0,0,0,0,42,2026-02-05 05:09:03.204423
RTM1P47,0.23,0.22,0.24,1000000.0,1000000.0,0,0,0,0,0,0,0,0,42,2026-02-05 05:09:03.204423
RTM1C48,2.19,2.18,2.2,1000000.0,1000000.0,0,0,0,0,0,0,0,0,42,2026-02-05 05:09:03.204423
RTM1P48,0.42,0.41,0.43,1000000.0,1000000.0,0,0,0,0,0,0,0,0,42,2026-02-05 05:09:03.204423
RTM1C49,1.51,1.5,1.52,1000000.0,1000000.0,0,0,0,0,0,0,0,0,42,2026-02-05 05:09:03.204423
RTM1P49,0.74,0.73,0.75,1000000.0,1000000.0,0,0,0,0,0,0,0,0,42,2026-02-05 05:09:03.204423
RTM1C50,1.0,0.99,1.01,1000000.0,1000000.0,0,0,0,0,0,0,0,0,42,2026-02-05 05:09:03.204423
RTM1P50,1.23,1.22,1.24,1000000.0,1000000.0,0,0,0,0,0,0,0,0,42,2026-02-05 05:09:03.204423
RTM1C51,0.61,0.6,0.62,1000000.0,1000000.0,0,0,0,0,0,0,0,0,42,2026-02-05 05:09:03.204423
RTM1P51,1.84,1.83,1.85,1000000.0,1000000.0,0,0,0,0,0,0,0,0,42,2026-02-05 05:09:03.204423
RTM1C52,0.36,0.35,0.37,1000000.0,1000000.0,0,0,0,0,0,0,0,0,42,2026-02-05 05:09:03.204423
RTM1P52,2.59,2.58,2.6,1000000.0,1000000.0,0,0,0,0,0,0,0,0,42,2026-02-05 05:09:03.204423
RTM1C53,0.2,0.19,0.21,1000000.0,1000000.0,0,0,0,0,0,0,0,0,42,2026-02-05 05:09:03.204423
RTM1P53,3.43,3.42,3.44,1000000.0,1000000.0,0,0,0,0,0,0,0,0,42,2026-02-05 05:09:03.204423
RTM1C54,0.11,0.1,0.12,1000000.0,1000000.0,0,0,0,0,0,0,0,0,42,2026-02-05 05:09:03.204423
RTM1P54,4.34,4.33,4.35,1000000.0,1000000.0,0,0,0,0,0,0,0,0,42,2026-02-05 05:09:03.204423
RTM,49.76,49.75,49.77,100000000.0,100000000.0,0,0,0,0,0,0,0,0,43,2026-02-05 05:09:04.285882
RTM1C45,4.81,4.8,4.82,1000000.0,1000000.0,0,0,0,0,0,0,0,0,43,2026-02-05 05:09:04.285882
RTM1P45,0.05,0.04,0.06,1000000.0,1000000.0,0,0,0,0,0,0,0,0,43,2026-02-05 05:09:04.285882
RTM1C46,3.85,3.84,3.86,1000000.0,1000000.0,0,0,0,0,0,0,0,0,43,2026-02-05 05:09:04.285882
RTM1P46,0.09,0.08,0.1,1000000.0,1000000.0,0,0,0,0,0,0,0,0,43,2026-02-05 05:09:04.285882
RTM1C47,2.97,2.96,2.98,1000000.0,1000000.0,0,0,0,0,0,0,0,0,43,2026-02-05 05:09:04.285882
RTM1P47,0.21,0.2,0.22,1000000.0,1000000.0,0,0,0,0,0,0,0,0,43,2026-02-05 05:09:04.285882
RTM1C48,2.18,2.17,2.19,1000000.0,1000000.0,0,0,0,0,0,0,0,0,43,2026-02-05 05:09:04.285882
RTM1P48,0.42,0.41,0.43,1000000.0,1000000.0,0,0,0,0,0,0,0,0,43,2026-02-05 05:09:04.285882
RTM1C49,1.53,1.52,1.54,1000000.0,1000000.0,0,0,0,0,0,0,0,0,43,2026-02-05 05:09:04.285882
RTM1P49,0.76,0.75,0.77,1000000.0,1000000.0,0,0,0,0,0,0,0,0,43,2026-02-05 05:09:04.285882
RTM1C50,1.04,1.03,1.05,1000000.0,1000000.0,0,0,0,0,0,0,0,0,43,2026-02-05 05:09:04.285882
RTM1P50,1.28,1.27,1.29,1000000.0,1000000.0,0,0,0,0,0,0,0,0,43,2026-02-05 05:09:04.285882
RTM1C51,0.61,0.6,0.62,1000000.0,1000000.0,0,0,0,0,0,0,0,0,43,2026-02-05 05:09:04.285882
RTM1P51,1.85,1.84,1.86,1000000.0,1000000.0,0,0,0,0,0,0,0,0,43,2026-02-05 05:09:04.285882
RTM1C52,0.37,0.36,0.38,1000000.0,1000000.0,0,0,0,0,0,0,0,0,43,2026-02-05 05:09:04.285882
RTM1P52,2.61,2.6,2.62,1000000.0,1000000.0,0,0,0,0,0,0,0,0,43,2026-02-05 05:09:04.285882
RTM1C53,0.18,0.17,0.19,1000000.0,1000000.0,0,0,0,0,0,0,0,0,43,2026-02-05 05:09:04.285882
RTM1P53,3.41,3.4,3.42,1000000.0,1000000.0,0,0,0,0,0,0,0,0,43,2026-02-05 05:09:04.285882
RTM1C54,0.1,0.09,0.11,1000000.0,1000000.0,0,0,0,0,0,0,0,0,43,2026-02-05 05:09:04.285882
RTM1P54,4.34,4.33,4.35,1000000.0,1000000.0,0,0,0,0,0,0,0,0,43,2026-02-05 05:09:04.285882
RTM,49.65,49.64,49.66,100000000.0,100000000.0,0,0,0,0,0,0,0,0,44,2026-02-05 05:09:05.346118
RTM1C45,4.71,4.7,4.72,1000000.0,1000000.0,0,0,0,0,0,0,0,0,44,2026-02-05 05:09:05.346118
RTM1P45,0.05,0.04,0.06,1000000.0,1000000.0,0,0,0,0,0,0,0,0,44,2026-02-05 05:09:05.346118
RTM1C46,3.76,3.75,3.77,1000000.0,1000000.0,0,0,0,0,0,0,0,0,44,2026-02-05 05:09:05.346118
RTM1P46,0.11,0.1,0.12,1000000.0,1000000.0,0,0,0,0,0,0,0,0,44,2026-02-05 05:09:05.346118
RTM1C47,2.9,2.89,2.91,1000000.0,1000000.0,0,0,0,0,0,0,0,0,44,2026-02-05 05:09:05.346118
RTM1P47,0.25,0.24,0.26,1000000.0,1000000.0,0,0,0,0,0,0,0,0,44,2026-02-05 05:09:05.346118
RTM1C48,2.1,2.09,2.11,1000000.0,1000000.0,0,0,0,0,0,0,0,0,44,2026-02-05 05:09:05.346118
RTM1P48,0.45,0.44,0.46,1000000.0,1000000.0,0,0,0,0,0,0,0,0,44,2026-02-05 05:09:05.346118
RTM1C49,1.42,1.41,1.43,1000000.0,1000000.0,0,0,0,0,0,0,0,0,44,2026-02-05 05:09:05.346118
RTM1P49,0.77,0.76,0.78,1000000.0,1000000.0,0,0,0,0,0,0,0,0,44,2026-02-05 05:09:05.346118
RTM1C50,0.92,0.91,0.93,1000000.0,1000000.0,0,0,0,0,0,0,0,0,44,2026-02-05 05:09:05.346118
RTM1P50,1.27,1.26,1.28,1000000.0,1000000.0,0,0,0,0,0,0,0,0,44,2026-02-05 05:09:05.346118
RTM1C51,0.56,0.55,0.57,1000000.0,1000000.0,0,0,0,0,0,0,0,0,44,2026-02-05 05:09:05.346118
RTM1P51,1.91,1.9,1.92,1000000.0,1000000.0,0,0,0,0,0,0,0,0,44,2026-02-05 05:09:05.346118
RTM1C52,0.34,0.33,0.35,1000000.0,1000000.0,0,0,0,0,0,0,0,0,44,2026-02-05 05:09:05.346118
RTM1P52,2.69,2.68,2.7,1000000.0,1000000.0,0,0,0,0,0,0,0,0,44,2026-02-05 05:09:05.346118
RTM1C53,0.18,0.17,0.19,1000000.0,1000000.0,0,0,0,0,0,0,0,0,44,2026-02-05 05:09:05.346118
RTM1P53,3.53,3.52,3.54,1000000.0,1000000.0,0,0,0,0,0,0,0,0,44,2026-02-05 05:09:05.346118
RTM1C54,0.08,0.07,0.09,1000000.0,1000000.0,0,0,0,0,0,0,0,0,44,2026-02-05 05:09:05.346118
RTM1P54,4.42,4.41,4.43,1000000.0,1000000.0,0,0,0,0,0,0,0,0,44,2026-02-05 05:09:05.346118
RTM,49.75,49.74,49.76,100000000.0,100000000.0,0,0,0,0,0,0,0,0,45,2026-02-05 05:09:05.920398
RTM1C45,4.8,4.79,4.81,1000000.0,1000000.0,0,0,0,0,0,0,0,0,45,2026-02-05 05:09:05.920398
RTM1P45,0.04,0.03,0.05,1000000.0,1000000.0,0,0,0,0,0,0,0,0,45,2026-02-05 05:09:05.920398
RTM1C46,3.84,3.83,3.85,1000000.0,1000000.0,0,0,0,0,0,0,0,0,45,2026-02-05 05:09:05.920398
RTM1P46,0.09,0.08,0.1,1000000.0,1000000.0,0,0,0,0,0,0,0,0,45,2026-02-05 05:09:05.920398
RTM1C47,2.97,2.96,2.98,1000000.0,1000000.0,0,0,0,0,0,0,0,0,45,2026-02-05 05:09:05.920398
RTM1P47,0.22,0.21,0.23,1000000.0,1000000.0,0,0,0,0,0,0,0,0,45,2026-02-05 05:09:05.920398
RTM1C48,2.19,2.18,2.2,1000000.0,1000000.0,0,0,0,0,0,0,0,0,45,2026-02-05 05:09:05.920398
RTM1P48,0.44,0.43,0.45,1000000.0,1000000.0,0,0,0,0,0,0,0,0,45,2026-02-05 05:09:05.920398
RTM1C49,1.5,1.49,1.51,1000000.0,1000000.0,0,0,0,0,0,0,0,0,45,2026-02-05 05:09:05.920398
RTM1P49,0.74,0.73,0.75,1000000.0,1000000.0,0,0,0,0,0,0,0,0,45,2026-02-05 05:09:05.920398
RTM1C50,0.97,0.96,0.98,1000000.0,1000000.0,0,0,0,0,0,0,0,0,45,2026-02-05 05:09:05.920398
RTM1P50,1.22,1.21,1.23,1000000.0,1000000.0,0,0,0,0,0,0,0,0,45,2026-02-05 05:09:05.920398
RTM1C51,0.59,0.58,0.6,1000000.0,1000000.0,0,0,0,0,0,0,0,0,45,2026-02-05 05:09:05.920398
RTM1P51,1.84,1.83,1.85,1000000.0,1000000.0,0,0,0,0,0,0,0,0,45,2026-02-05 05:09:05.920398
RTM1C52,0.34,0.33,0.35,1000000.0,1000000.0,0,0,0,0,0,0,0,0,45,2026-02-05 05:09:05.920398
RTM1P52,2.58,2.57,2.59,1000000.0,1000000.0,0,0,0,0,0,0,0,0,45,2026-02-05 05:09:05.920398
RTM1C53,0.19,0.18,0.2,1000000.0,1000000.0,0,0,0,0,0,0,0,0,45,2026-02-05 05:09:05.920398
RTM1P53,3.43,3.42,3.44,1000000.0,1000000.0,0,0,0,0,0,0,0,0,45,2026-02-05 05:09:05.920398
RTM1C54,0.09,0.08,0.1,1000000.0,1000000.0,0,0,0,0,0,0,0,0,45,2026-02-05 05:09:05.920398
RTM1P54,4.33,4.32,4.34,1000000.0,1000000.0,0,0,0,0,0,0,0,0,45,2026-02-05 05:09:05.920398
RTM,50.0,49.99,50.01,100000000.0,100000000.0,0,0,0,0,0,0,0,0,46,2026-02-05 05:09:07.013285
RTM1C45,5.03,5.02,5.04,1000000.0,1000000.0,0,0,0,0,0,0,0,0,46,2026-02-05 05:09:07.013285
RTM1P45,0.04,0.03,0.05,1000000.0,1000000.0,0,0,0,0,0,0,0,0,46,2026-02-05 05:09:07.013285
RTM1C46,4.08,4.07,4.09,1000000.0,1000000.0,0,0,0,0,0,0,0,0,46,2026-02-05 05:09:07.013285
RTM1P46,0.08,0.07,0.09,1000000.0,1000000.0,0,0,0,0,0,0,0,0,46,2026-02-05 05:09:07.013285
RTM1C47,3.17,3.16,3.18,1000000.0,1000000.0,0,0,0,0,0,0,0,0,46,2026-02-05 05:09:07.013285
RTM1P47,0.17,0.16,0.18,1000000.0,1000000.0,0,0,0,0,0,0,0,0,46,2026-02-05 05:09:07.013285
RTM1C48,2.4,2.39,2.41,1000000.0,1000000.0,0,0,0,0,0,0,0,0,46,2026-02-05 05:09:07.013285
RTM1P48,0.41,0.4,0.42,1000000.0,1000000.0,0,0,0,0,0,0,0,0,46,2026-02-05 05:09:07.013285
RTM1C49,1.66,1.65,1.67,1000000.0,1000000.0,0,0,0,0,0,0,0,0,46,2026-02-05 05:09:07.013285
RTM1P49,0.67,0.66,0.68,1000000.0,1000000.0,0,0,0,0,0,0,0,0,46,2026-02-05 05:09:07.013285
RTM1C50,1.1,1.09,1.11,1000000.0,1000000.0,0,0,0,0,0,0,0,0,46,2026-02-05 05:09:07.013285
RTM1P50,1.1,1.09,1.11,1000000.0,1000000.0,0,0,0,0,0,0,0,0,46,2026-02-05 05:09:07.013285
RTM1C51,0.68,0.67,0.69,1000000.0,1000000.0,0,0,0,0,0,0,0,0,46,2026-02-05 05:09:07.013285
RTM1P51,1.68,1.67,1.69,1000000.0,1000000.0,0,0,0,0,0,0,0,0,46,2026-02-05 05:09:07.013285
RTM1C52,0.4,0.39,0.41,1000000.0,1000000.0,0,0,0,0,0,0,0,0,46,2026-02-05 05:09:07.013285
RTM1P52,2.41,2.4,2.42,1000000.0,1000000.0,0,0,0,0,0,0,0,0,46,2026-02-05 05:09:07.013285
RTM1C53,0.23,0.22,0.24,1000000.0,1000000.0,0,0,0,0,0,0,0,0,46,2026-02-05 05:09:07.013285
RTM1P53,3.23,3.22,3.24,1000000.0,1000000.0,0,0,0,0,0,0,0,0,46,2026-02-05 05:09:07.013285
RTM1C54,0.1,0.09,0.11,1000000.0,1000000.0,0,0,0,0,0,0,0,0,46,2026-02-05 05:09:07.013285
RTM1P54,4.1,4.09,4.11,1000000.0,1000000.0,0,0,0,0,0,0,0,0,46,2026-02-05 05:09:07.013285
RTM,49.68,49.67,49.69,100000000.0,100000000.0,0,0,0,0,0,0,0,0,47,2026-02-05 05:09:08.163303
RTM1C45,4.72,4.71,4.73,1000000.0,1000000.0,0,0,0,0,0,0,0,0,47,2026-02-05 05:09:08.163303
RTM1P45,0.04,0.03,0.05,1000000.0,1000000.0,0,0,0,0,0,0,0,0,47,2026-02-05 05:09:08.163303
RTM1C46,3.78,3.77,3.79,1000000.0,1000000.0,0,0,0,0,0,0,0,0,47,2026-02-05 05:09:08.163303
RTM1P46,0.11,0.1,0.12,1000000.0,1000000.0,0,0,0,0,0,0,0,0,47,2026-02-05 05:09:08.163303
RTM1C47,2.88,2.87,2.89,1000000.0,1000000.0,0,0,0,0,0,0,0,0,47,2026-02-05 05:09:08.163303
RTM1P47,0.21,0.2,0.22,1000000.0,1000000.0,0,0,0,0,0,0,0,0,47,2026-02-05 05:09:08.163303
RTM1C48,2.13,2.12,2.14,1000000.0,1000000.0,0,0,0,0,0,0,0,0,47,2026-02-05 05:09:08.163303
RTM1P48,0.45,0.44,0.46,1000000.0,1000000.0,0,0,0,0,0,0,0,0,47,2026-02-05 05:09:08.163303
RTM1C49,1.43,1.42,1.44,1000000.0,1000000.0,0,0,0,0,0,0,0,0,47,2026-02-05 05:09:08.163303
RTM1P49,0.76,0.75,0.77,1000000.0,1000000.0,0,0,0,0,0,0,0,0,47,2026-02-05 05:09:08.163303
RTM1C50,0.96,0.95,0.97,1000000.0,1000000.0,0,0,0,0,0,0,0,0,47,2026-02-05 05:09:08.163303
RTM1P50,1.28,1.27,1.29,1000000.0,1000000.0,0,0,0,0,0,0,0,0,47,2026-02-05 05:09:08.163303
RTM1C51,0.57,0.56,0.58,1000000.0,1000000.0,0,0,0,0,0,0,0,0,47,2026-02-05 05:09:08.163303
RTM1P51,1.9,1.89,1.91,1000000.0,1000000.0,0,0,0,0,0,0,0,0,47,2026-02-05 05:09:08.163303
RTM1C52,0.31,0.3,0.32,1000000.0,1000000.0,0,0,0,0,0,0,0,0,47,2026-02-05 05:09:08.163303
RTM1P52,2.63,2.62,2.64,1000000.0,1000000.0,0,0,0,0,0,0,0,0,47,2026-02-05 05:09:08.163303
RTM1C53,0.15,0.14,0.16,1000000.0,1000000.0,0,0,0,0,0,0,0,0,47,2026-02-05 05:09:08.163303
RTM1P53,3.48,3.47,3.49,1000000.0,1000000.0,0,0,0,0,0,0,0,0,47,2026-02-05 05:09:08.163303
RTM1C54,0.08,0.07,0.09,1000000.0,1000000.0,0,0,0,0,0,0,0,0,47,2026-02-05 05:09:08.163303
RTM1P54,4.4,4.39,4.41,1000000.0,1000000.0,0,0,0,0,0,0,0,0,47,2026-02-05 05:09:08.163303
RTM,49.68,49.67,49.69,100000000.0,100000000.0,0,0,0,0,0,0,0,0,48,2026-02-05 05:09:09.284332
RTM1C45,4.72,4.71,4.73,1000000.0,1000000.0,0,0,0,0,0,0,0,0,48,2026-02-05 05:09:09.284332
RTM1P45,0.04,0.03,0.05,1000000.0,1000000.0,0,0,0,0,0,0,0,0,48,2026-02-05 05:09:09.284332
RTM1C46,3.77,3.76,3.78,1000000.0,1000000.0,0,0,0,0,0,0,0,0,48,2026-02-05 05:09:09.284332
RTM1P46,0.1,0.09,0.11,1000000.0,1000000.0,0,0,0,0,0,0,0,0,48,2026-02-05 05:09:09.284332
RTM1C47,2.87,2.86,2.88,1000000.0,1000000.0,0,0,0,0,0,0,0,0,48,2026-02-05 05:09:09.284332
RTM1P47,0.2,0.19,0.21,1000000.0,1000000.0,0,0,0,0,0,0,0,0,48,2026-02-05 05:09:09.284332
RTM1C48,2.11,2.1,2.12,1000000.0,1000000.0,0,0,0,0,0,0,0,0,48,2026-02-05 05:09:09.284332
RTM1P48,0.43,0.42,0.44,1000000.0,1000000.0,0,0,0,0,0,0,0,0,48,2026-02-05 05:09:09.284332
RTM1C49,1.45,1.44,1.46,1000000.0,1000000.0,0,0,0,0,0,0,0,0,48,2026-02-05 05:09:09.284332
RTM1P49,0.77,0.76,0.78,1000000.0,1000000.0,0,0,0,0,0,0,0,0,48,2026-02-05 05:09:09.284332
RTM1C50,0.92,0.91,0.93,1000000.0,1000000.0,0,0,0,0,0,0,0,0,48,2026-02-05 05:09:09.284332
RTM1P50,1.25,1.24,1.26,1000000.0,1000000.0,0,0,0,0,0,0,0,0,48,2026-02-05 05:09:09.284332
RTM1C51,0.57,0.56,0.58,1000000.0,1000000.0,0,0,0,0,0,0,0,0,48,2026-02-05 05:09:09.284332
RTM1P51,1.9,1.89,1.91,1000000.0,1000000.0,0,0,0,0,0,0,0,0,48,2026-02-05 05:09:09.284332
RTM1C52,0.32,0.31,0.33,1000000.0,1000000.0,0,0,0,0,0,0,0,0,48,2026-02-05 05:09:09.284332
RTM1P52,2.65,2.64,2.66,1000000.0,1000000.0,0,0,0,0,0,0,0,0,48,2026-02-05 05:09:09.284332
RTM1C53,0.17,0.16,0.18,1000000.0,1000000.0,0,0,0,0,0,0,0,0,48,2026-02-05 05:09:09.284332
RTM1P53,3.5,3.49,3.51,1000000.0,1000000.0,0,0,0,0,0,0,0,0,48,2026-02-05 05:09:09.284332
RTM1C54,0.07,0.06,0.08,1000000.0,1000000.0,0,0,0,0,0,0,0,0,48,2026-02-05 05:09:09.284332
RTM1P54,4.39,4.38,4.4,1000000.0,1000000.0,0,0,0,0,0,0,0,0,48,2026-02-05 05:09:09.284332
RTM,49.64,49.63,49.65,100000000.0,100000000.0,0,0,0,0,0,0,0,0,49,2026-02-05 05:09:10.393909
RTM1C45,4.68,4.67,4.69,1000000.0,1000000.0,0,0,0,0,0,0,0,0,49,2026-02-05 05:09:10.393909
RTM1P45,0.03,0.02,0.04,1000000.0,1000000.0,0,0,0,0,0,0,0,0,49,2026-02-05 05:09:10.393909
RTM1C46,3.73,3.72,3.74,1000000.0,1000000.0,0,0,0,0,0,0,0,0,49,2026-02-05 05:09:10.393909
RTM1P46,0.09,0.08,0.1,1000000.0,1000000.0,0,0,0,0,0,0,0,0,49,2026-02-05 05:09:10.393909
RTM1C47,2.86,2.85,2.87,1000000.0,1000000.0,0,0,0,0,0,0,0,0,49,2026-02-05 05:09:10.393909
RTM1P47,0.22,0.21,0.23,1000000.0,1000000.0,0,0,0,0,0,0,0,0,49,2026-02-05 05:09:10.393909
RTM1C48,2.07,2.06,2.08,1000000.0,1000000.0,0,0,0,0,0,0,0,0,49,2026-02-05 05:09:10.393909
RTM1P48,0.43,0.42,0.44,1000000.0,1000000.0,0,0,0,0,0,0,0,0,49,2026-02-05 05:09:10.393909
RTM1C49,1.43,1.42,1.44,1000000.0,1000000.0,0,0,0,0,0,0,0,0,49,2026-02-05 05:09:10.393909
RTM1P49,0.79,0.78,0.8,1000000.0,1000000.0,0,0,0,0,0,0,0,0,49,2026-02-05 05:09:10.393909
RTM1C50,0.9,0.89,0.91,1000000.0,1000000.0,0,0,0,0,0,0,0,0,49,2026-02-05 05:09:10.393909
RTM1P50,1.25,1.24,1.26,1000000.0,1000000.0,0,0,0,0,0,0,0,0,49,2026-02-05 05:09:10.393909
RTM1C51,0.52,0.51,0.53,1000000.0,1000000.0,0,0,0,0,0,0,0,0,49,2026-02-05 05:09:10.393909
RTM1P51,1.88,1.87,1.89,1000000.0,1000000.0,0,0,0,0,0,0,0,0,49,2026-02-05 05:09:10.393909
RTM1C52,0.29,0.28,0.3,1000000.0,1000000.0,0,0,0,0,0,0,0,0,49,2026-02-05 05:09:10.393909
RTM1P52,2.65,2.64,2.66,1000000.0,1000000.0,0,0,0,0,0,0,0,0,49,2026-02-05 05:09:10.393909
RTM1C53,0.16,0.15,0.17,1000000.0,1000000.0,0,0,0,0,0,0,0,0,49,2026-02-05 05:09:10.393909
RTM1P53,3.52,3.51,3.53,1000000.0,1000000.0,0,0,0,0,0,0,0,0,49,2026-02-05 05:09:10.393909
RTM1C54,0.08,0.07,0.09,1000000.0,1000000.0,0,0,0,0,0,0,0,0,49,2026-02-05 05:09:10.393909
RTM1P54,4.43,4.42,4.44,1000000.0,1000000.0,0,0,0,0,0,0,0,0,49,2026-02-05 05:09:10.393909
RTM,49.68,49.67,49.69,100000000.0,100000000.0,0,0,0,0,0,0,0,0,50,2026-02-05 05:09:10.974881
RTM1C45,4.71,4.7,4.72,1000000.0,1000000.0,0,0,0,0,0,0,0,0,50,2026-02-05 05:09:10.974881
RTM1P45,0.03,0.02,0.04,1000000.0,1000000.0,0,0,0,0,0,0,0,0,50,2026-02-05 05:09:10.974881
RTM1C46,3.77,3.76,3.78,1000000.0,1000000.0,0,0,0,0,0,0,0,0,50,2026-02-05 05:09:10.974881
RTM1P46,0.09,0.08,0.1,1000000.0,1000000.0,0,0,0,0,0,0,0,0,50,2026-02-05 05:09:10.974881
RTM1C47,2.87,2.86,2.88,1000000.0,1000000.0,0,0,0,0,0,0,0,0,50,2026-02-05 05:09:10.974881
RTM1P47,0.19,0.18,0.2,1000000.0,1000000.0,0,0,0,0,0,0,0,0,50,2026-02-05 05:09:10.974881
RTM1C48,2.11,2.1,2.12,1000000.0,1000000.0,0,0,0,0,0,0,0,0,50,2026-02-05 05:09:10.974881
RTM1P48,0.43,0.42,0.44,1000000.0,1000000.0,0,0,0,0,0,0,0,0,50,2026-02-05 05:09:10.974881
RTM1C49,1.45,1.44,1.46,1000000.0,1000000.0,0,0,0,0,0,0,0,0,50,2026-02-05 05:09:10.974881
RTM1P49,0.77,0.76,0.78,1000000.0,1000000.0,0,0,0,0,0,0,0,0,50,2026-02-05 05:09:10.974881
RTM1C50,0.9,0.89,0.91,1000000.0,1000000.0,0,0,0,0,0,0,0,0,50,2026-02-05 05:09:10.974881
RTM1P50,1.22,1.21,1.23,1000000.0,1000000.0,0,0,0,0,0,0,0,0,50,2026-02-05 05:09:10.974881
RTM1C51,0.56,0.55,0.57,1000000.0,1000000.0,0,0,0,0,0,0,0,0,50,2026-02-05 05:09:10.974881
RTM1P51,1.88,1.87,1.89,1000000.0,1000000.0,0,0,0,0,0,0,0,0,50,2026-02-05 05:09:10.974881
RTM1C52,0.29,0.28,0.3,1000000.0,1000000.0,0,0,0,0,0,0,0,0,50,2026-02-05 05:09:10.974881
RTM1P52,2.61,2.6,2.62,1000000.0,1000000.0,0,0,0,0,0,0,0,0,50,2026-02-05 05:09:10.974881
RTM1C53,0.15,0.14,0.16,1000000.0,1000000.0,0,0,0,0,0,0,0,0,50,2026-02-05 05:09:10.974881
RTM1P53,3.47,3.46,3.48,1000000.0,1000000.0,0,0,0,0,0,0,0,0,50,2026-02-05 05:09:10.974881
RTM1C54,0.07,0.06,0.08,1000000.0,1000000.0,0,0,0,0,0,0,0,0,50,2026-02-05 05:09:10.974881
RTM1P54,4.39,4.38,4.4,1000000.0,1000000.0,0,0,0,0,0,0,0,0,50,2026-02-05 05:09:10.974881
RTM,49.7,49.69,49.71,100000000.0,100000000.0,0,0,0,0,0,0,0,0,51,2026-02-05 05:09:12.080795
RTM1C45,4.73,4.72,4.74,1000000.0,1000000.0,0,0,0,0,0,0,0,0,51,2026-02-05 05:09:12.080795
RTM1P45,0.04,0.03,0.05,1000000.0,1000000.0,0,0,0,0,0,0,0,0,51,2026-02-05 05:09:12.080795
RTM1C46,3.78,3.77,3.79,1000000.0,1000000.0,0,0,0,0,0,0,0,0,51,2026-02-05 05:09:12.080795
RTM1P46,0.08,0.07,0.09,1000000.0,1000000.0,0,0,0,0,0,0,0,0,51,2026-02-05 05:09:12.080795
RTM1C47,2.89,2.88,2.9,1000000.0,1000000.0,0,0,0,0,0,0,0,0,51,2026-02-05 05:09:12.080795
RTM1P47,0.19,0.18,0.2,1000000.0,1000000.0,0,0,0,0,0,0,0,0,51,2026-02-05 05:09:12.080795
RTM1C48,2.12,2.11,2.13,1000000.0,1000000.0,0,0,0,0,0,0,0,0,51,2026-02-05 05:09:12.080795
RTM1P48,0.42,0.41,0.43,1000000.0,1000000.0,0,0,0,0,0,0,0,0,51,2026-02-05 05:09:12.080795
RTM1C49,1.44,1.43,1.45,1000000.0,1000000.0,0,0,0,0,0,0,0,0,51,2026-02-05 05:09:12.080795
RTM1P49,0.75,0.74,0.76,1000000.0,1000000.0,0,0,0,0,0,0,0,0,51,2026-02-05 05:09:12.080795
RTM1C50,0.92,0.91,0.93,1000000.0,1000000.0,0,0,0,0,0,0,0,0,51,2026-02-05 05:09:12.080795
RTM1P50,1.23,1.22,1.24,1000000.0,1000000.0,0,0,0,0,0,0,0,0,51,2026-02-05 05:09:12.080795
RTM1C51,0.56,0.55,0.57,1000000.0,1000000.0,0,0,0,0,0,0,0,0,51,2026-02-05 05:09:12.080795
RTM1P51,1.86,1.85,1.87,1000000.0,1000000.0,0,0,0,0,0,0,0,0,51,2026-02-05 05:09:12.080795
RTM1C52,0.31,0.3,0.32,1000000.0,1000000.0,0,0,0,0,0,0,0,0,51,2026-02-05 05:09:12.080795
RTM1P52,2.61,2.6,2.62,1000000.0,1000000.0,0,0,0,0,0,0,0,0,51,2026-02-05 05:09:12.080795
RTM1C53,0.16,0.15,0.17,1000000.0,1000000.0,0,0,0,0,0,0,0,0,51,2026-02-05 05:09:12.080795
RTM1P53,3.46,3.45,3.47,1000000.0,1000000.0,0,0,0,0,0,0,0,0,51,2026-02-05 05:09:12.080795
RTM1C54,0.07,0.06,0.08,1000000.0,1000000.0,0,0,0,0,0,0,0,0,51,2026-02-05 05:09:12.080795
RTM1P54,4.38,4.37,4.39,1000000.0,1000000.0,0,0,0,0,0,0,0,0,51,2026-02-05 05:09:12.080795
RTM,49.46,49.46,49.48,100000000.0,100000000.0,0,0,0,0,0,0,0,0,52,2026-02-05 05:09:13.194808
RTM1C45,4.5,4.49,4.51,1000000.0,1000000.0,0,0,0,0,0,0,0,0,52,2026-02-05 05:09:13.194808
RTM1P45,0.04,0.03,0.05,1000000.0,1000000.0,0,0,0,0,0,0,0,0,52,2026-02-05 05:09:13.194808
RTM1C46,3.57,3.56,3.58,1000000.0,1000000.0,0,0,0,0,0,0,0,0,52,2026-02-05 05:09:13.194808
RTM1P46,0.1,0.09,0.11,1000000.0,1000000.0,0,0,0,0,0,0,0,0,52,2026-02-05 05:09:13.194808
RTM1C47,2.69,2.68,2.7,1000000.0,1000000.0,0,0,0,0,0,0,0,0,52,2026-02-05 05:09:13.194808
RTM1P47,0.23,0.22,0.24,1000000.0,1000000.0,0,0,0,0,0,0,0,0,52,2026-02-05 05:09:13.194808
RTM1C48,1.94,1.93,1.95,1000000.0,1000000.0,0,0,0,0,0,0,0,0,52,2026-02-05 05:09:13.194808
RTM1P48,0.47,0.46,0.48,1000000.0,1000000.0,0,0,0,0,0,0,0,0,52,2026-02-05 05:09:13.194808
RTM1C49,1.28,1.27,1.29,1000000.0,1000000.0,0,0,0,0,0,0,0,0,52,2026-02-05 05:09:13.194808
RTM1P49,0.82,0.81,0.83,1000000.0,1000000.0,0,0,0,0,0,0,0,0,52,2026-02-05 05:09:13.194808
RTM1C50,0.82,0.81,0.83,1000000.0,1000000.0,0,0,0,0,0,0,0,0,52,2026-02-05 05:09:13.194808
RTM1P50,1.36,1.35,1.37,1000000.0,1000000.0,0,0,0,0,0,0,0,0,52,2026-02-05 05:09:13.194808
RTM1C51,0.46,0.45,0.47,1000000.0,1000000.0,0,0,0,0,0,0,0,0,52,2026-02-05 05:09:13.194808
RTM1P51,1.99,1.98,2.0,1000000.0,1000000.0,0,0,0,0,0,0,0,0,52,2026-02-05 05:09:13.194808
RTM1C52,0.26,0.25,0.27,1000000.0,1000000.0,0,0,0,0,0,0,0,0,52,2026-02-05 05:09:13.194808
RTM1P52,2.79,2.78,2.8,1000000.0,1000000.0,0,0,0,0,0,0,0,0,52,2026-02-05 05:09:13.194808
RTM1C53,0.13,0.12,0.14,1000000.0,1000000.0,0,0,0,0,0,0,0,0,52,2026-02-05 05:09:13.194808
RTM1P53,3.66,3.65,3.67,1000000.0,1000000.0,0,0,0,0,0,0,0,0,52,2026-02-05 05:09:13.194808
RTM1C54,0.06,0.05,0.07,1000000.0,1000000.0,0,0,0,0,0,0,0,0,52,2026-02-05 05:09:13.194808
RTM1P54,4.59,4.58,4.6,1000000.0,1000000.0,0,0,0,0,0,0,0,0,52,2026-02-05 05:09:13.194808
RTM,49.42,49.41,49.43,100000000.0,100000000.0,0,0,0,0,0,0,0,0,53,2026-02-05 05:09:14.301892
RTM1C45,4.47,4.46,4.48,1000000.0,1000000.0,0,0,0,0,0,0,0,0,53,2026-02-05 05:09:14.301892
RTM1P45,0.04,0.03,0.05,1000000.0,1000000.0,0,0,0,0,0,0,0,0,53,2026-02-05 05:09:14.301892
RTM1C46,3.53,3.52,3.54,1000000.0,1000000.0,0,0,0,0,0,0,0,0,53,2026-02-05 05:09:14.301892
RTM1P46,0.11,0.1,0.12,1000000.0,1000000.0,0,0,0,0,0,0,0,0,53,2026-02-05 05:09:14.301892
RTM1C47,2.65,2.64,2.66,1000000.0,1000000.0,0,0,0,0,0,0,0,0,53,2026-02-05 05:09:14.301892
RTM1P47,0.23,0.22,0.24,1000000.0,1000000.0,0,0,0,0,0,0,0,0,53,2026-02-05 05:09:14.301892
RTM1C48,1.88,1.87,1.89,1000000.0,1000000.0,0,0,0,0,0,0,0,0,53,2026-02-05 05:09:14.301892
RTM1P48,0.46,0.45,0.47,1000000.0,1000000.0,0,0,0,0,0,0,0,0,53,2026-02-05 05:09:14.301892
RTM1C49,1.27,1.26,1.28,1000000.0,1000000.0,0,0,0,0,0,0,0,0,53,2026-02-05 05:09:14.301892
RTM1P49,0.84,0.83,0.85,1000000.0,1000000.0,0,0,0,0,0,0,0,0,53,2026-02-05 05:09:14.301892
RTM1C50,0.8,0.79,0.81,1000000.0,1000000.0,0,0,0,0,0,0,0,0,53,2026-02-05 05:09:14.301892
RTM1P50,1.38,1.37,1.39,1000000.0,1000000.0,0,0,0,0,0,0,0,0,53,2026-02-05 05:09:14.301892
RTM1C51,0.44,0.43,0.45,1000000.0,1000000.0,0,0,0,0,0,0,0,0,53,2026-02-05 05:09:14.301892
RTM1P51,2.01,2.0,2.02,1000000.0,1000000.0,0,0,0,0,0,0,0,0,53,2026-02-05 05:09:14.301892
RTM1C52,0.25,0.24,0.26,1000000.0,1000000.0,0,0,0,0,0,0,0,0,53,2026-02-05 05:09:14.301892
RTM1P52,2.83,2.82,2.84,1000000.0,1000000.0,0,0,0,0,0,0,0,0,53,2026-02-05 05:09:14.301892
RTM1C53,0.14,0.13,0.15,1000000.0,1000000.0,0,0,0,0,0,0,0,0,53,2026-02-05 05:09:14.301892
RTM1P53,3.72,3.71,3.73,1000000.0,1000000.0,0,0,0,0,0,0,0,0,53,2026-02-05 05:09:14.301892
RTM1C54,0.06,0.05,0.07,1000000.0,1000000.0,0,0,0,0,0,0,0,0,53,2026-02-05 05:09:14.301892
RTM1P54,4.63,4.62,4.64,1000000.0,1000000.0,0,0,0,0,0,0,0,0,53,2026-02-05 05:09:14.301892
RTM,49.4,49.39,49.41,100000000.0,100000000.0,0,0,0,0,0,0,0,0,54,2026-02-05 05:09:14.945829
RTM1C45,4.44,4.43,4.45,1000000.0,1000000.0,0,0,0,0,0,0,0,0,54,2026-02-05 05:09:14.945829
RTM1P45,0.04,0.03,0.05,1000000.0,1000000.0,0,0,0,0,0,0,0,0,54,2026-02-05 05:09:14.945829
