news_id,period,tick,ticker,headline,body,tick,timestamp,ticker,last_price,bid_price,ask_price,BUY_ANON,SELL_ANON,SELL_GIOT-P,BUY_LUIS-T1,BUY_GIOT-P,SELL_LUIS-T1
3.0,1.0,1.0,,You are logged in as a TRADER,,1,2026-02-01 03:47:53.581306,NG,2.2,2.18,2.22,800000.0,800000.0,0,0,0,0
2.0,1.0,1.0,,FINES,"The fine for open positions of ELEC-dayX at the end of the day is $20,000/contract.",1,2026-02-01 03:47:53.581306,ELEC-day2,0.0,0.0,0.0,,,0,0,0,0
1.0,1.0,1.0,,Welcome to the RITC2026 GBE Energy Electricity Trading Case - practice server,,1,2026-02-01 03:47:53.581306,ELEC-day3,0.0,0.0,0.0,,,0,0,0,0
,,,,,,1,2026-02-01 03:47:53.581306,ELEC-day4,0.0,0.0,0.0,,,0,0,0,0
,,,,,,1,2026-02-01 03:47:53.581306,ELEC-day5,0.0,0.0,0.0,,,0,0,0,0
,,,,,,1,2026-02-01 03:47:53.581306,ELEC-day6,0.0,0.0,0.0,,,0,0,0,0
,,,,,,1,2026-02-01 03:47:53.581306,ELEC-F,0.0,0.0,0.0,,,0,0,0,0
3.0,1.0,1.0,,You are logged in as a TRADER,,2,2026-02-01 03:47:54.620817,NG,2.21,2.19,2.23,800000.0,800000.0,0,0,0,0
2.0,1.0,1.0,,FINES,"The fine for open positions of ELEC-dayX at the end of the day is $20,000/contract.",2,2026-02-01 03:47:54.620817,ELEC-day2,0.0,0.0,0.0,,,0,0,0,0
1.0,1.0,1.0,,Welcome to the RITC2026 GBE Energy Electricity Trading Case - practice server,,2,2026-02-01 03:47:54.620817,ELEC-day3,0.0,0.0,0.0,,,0,0,0,0
,,,,,,2,2026-02-01 03:47:54.620817,ELEC-day4,0.0,0.0,0.0,,,0,0,0,0
,,,,,,2,2026-02-01 03:47:54.620817,ELEC-day5,0.0,0.0,0.0,,,0,0,0,0
,,,,,,2,2026-02-01 03:47:54.620817,ELEC-day6,0.0,0.0,0.0,,,0,0,0,0
,,,,,,2,2026-02-01 03:47:54.620817,ELEC-F,0.0,0.0,0.0,,,0,0,0,0
3.0,1.0,1.0,,You are logged in as a TRADER,,3,2026-02-01 03:47:55.658612,NG,2.2,2.18,2.22,800000.0,800000.0,0,0,0,0
2.0,1.0,1.0,,FINES,"The fine for open positions of ELEC-dayX at the end of the day is $20,000/contract.",3,2026-02-01 03:47:55.658612,ELEC-day2,0.0,0.0,0.0,,,0,0,0,0
1.0,1.0,1.0,,Welcome to the RITC2026 GBE Energy Electricity Trading Case - practice server,,3,2026-02-01 03:47:55.658612,ELEC-day3,0.0,0.0,0.0,,,0,0,0,0
,,,,,,3,2026-02-01 03:47:55.658612,ELEC-day4,0.0,0.0,0.0,,,0,0,0,0
,,,,,,3,2026-02-01 03:47:55.658612,ELEC-day5,0.0,0.0,0.0,,,0,0,0,0
,,,,,,3,2026-02-01 03:47:55.658612,ELEC-day6,0.0,0.0,0.0,,,0,0,0,0
,,,,,,3,2026-02-01 03:47:55.658612,ELEC-F,0.0,0.0,0.0,,,0,0,0,0
3.0,1.0,1.0,,You are logged in as a TRADER,,5,2026-02-01 03:47:56.720888,NG,2.19,2.17,2.21,800000.0,800000.0,0,0,0,0
2.0,1.0,1.0,,FINES,"The fine for open positions of ELEC-dayX at the end of the day is $20,000/contract.",5,2026-02-01 03:47:56.720888,ELEC-day2,0.0,0.0,0.0,,,0,0,0,0
1.0,1.0,1.0,,Welcome to the RITC2026 GBE Energy Electricity Trading Case - practice server,,5,2026-02-01 03:47:56.720888,ELEC-day3,0.0,0.0,0.0,,,0,0,0,0
,,,,,,5,2026-02-01 03:47:56.720888,ELEC-day4,0.0,0.0,0.0,,,0,0,0,0
,,,,,,5,2026-02-01 03:47:56.720888,ELEC-day5,0.0,0.0,0.0,,,0,0,0,0
,,,,,,5,2026-02-01 03:47:56.720888,ELEC-day6,0.0,0.0,0.0,,,0,0,0,0
,,,,,,5,2026-02-01 03:47:56.720888,ELEC-F,0.0,0.0,0.0,,,0,0,0,0
3.0,1.0,1.0,,You are logged in as a TRADER,,6,2026-02-01 03:47:57.775241,NG,2.2,2.18,2.22,800000.0,800000.0,0,0,0,0
2.0,1.0,1.0,,FINES,"The fine for open positions of ELEC-dayX at the end of the day is $20,000/contract.",6,2026-02-01 03:47:57.775241,ELEC-day2,0.0,0.0,0.0,,,0,0,0,0
1.0,1.0,1.0,,Welcome to the RITC2026 GBE Energy Electricity Trading Case - practice server,,6,2026-02-01 03:47:57.775241,ELEC-day3,0.0,0.0,0.0,,,0,0,0,0
,,,,,,6,2026-02-01 03:47:57.775241,ELEC-day4,0.0,0.0,0.0,,,0,0,0,0
,,,,,,6,2026-02-01 03:47:57.775241,ELEC-day5,0.0,0.0,0.0,,,0,0,0,0
,,,,,,6,2026-02-01 03:47:57.775241,ELEC-day6,0.0,0.0,0.0,,,0,0,0,0
,,,,,,6,2026-02-01 03:47:57.775241,ELEC-F,0.0,0.0,0.0,,,0,0,0,0
3.0,1.0,1.0,,You are logged in as a TRADER,,7,2026-02-01 03:47:58.895887,NG,2.19,2.17,2.21,800000.0,800000.0,0,0,0,0
2.0,1.0,1.0,,FINES,"The fine for open positions of ELEC-dayX at the end of the day is $20,000/contract.",7,2026-02-01 03:47:58.895887,ELEC-day2,0.0,0.0,0.0,,,0,0,0,0
1.0,1.0,1.0,,Welcome to the RITC2026 GBE Energy Electricity Trading Case - practice server,,7,2026-02-01 03:47:58.895887,ELEC-day3,0.0,0.0,0.0,,,0,0,0,0
,,,,,,7,2026-02-01 03:47:58.895887,ELEC-day4,0.0,0.0,0.0,,,0,0,0,0
,,,,,,7,2026-02-01 03:47:58.895887,ELEC-day5,0.0,0.0,0.0,,,0,0,0,0
,,,,,,7,2026-02-01 03:47:58.895887,ELEC-day6,0.0,0.0,0.0,,,0,0,0,0
,,,,,,7,2026-02-01 03:47:58.895887,ELEC-F,0.0,0.0,0.0,,,0,0,0,0
3.0,1.0,1.0,,You are logged in as a TRADER,,8,2026-02-01 03:47:59.926883,NG,2.19,2.17,2.21,800000.0,800000.0,0,0,0,0
2.0,1.0,1.0,,FINES,"The fine for open positions of ELEC-dayX at the end of the day is $20,000/contract.",8,2026-02-01 03:47:59.926883,ELEC-day2,0.0,0.0,0.0,,,0,0,0,0
1.0,1.0,1.0,,Welcome to the RITC2026 GBE Energy Electricity Trading Case - practice server,,8,2026-02-01 03:47:59.926883,ELEC-day3,0.0,0.0,0.0,,,0,0,0,0
,,,,,,8,2026-02-01 03:47:59.926883,ELEC-day4,0.0,0.0,0.0,,,0,0,0,0
,,,,,,8,2026-02-01 03:47:59.926883,ELEC-day5,0.0,0.0,0.0,,,0,0,0,0
,,,,,,8,2026-02-01 03:47:59.926883,ELEC-day6,0.0,0.0,0.0,,,0,0,0,0
,,,,,,8,2026-02-01 03:47:59.926883,ELEC-F,0.0,0.0,0.0,,,0,0,0,0
3.0,1.0,1.0,,You are logged in as a TRADER,,9,2026-02-01 03:48:00.955327,NG,2.19,2.17,2.21,800000.0,800000.0,0,0,0,0
2.0,1.0,1.0,,FINES,"The fine for open positions of ELEC-dayX at the end of the day is $20,000/contract.",9,2026-02-01 03:48:00.955327,ELEC-day2,0.0,0.0,0.0,,,0,0,0,0
1.0,1.0,1.0,,Welcome to the RITC2026 GBE Energy Electricity Trading Case - practice server,,9,2026-02-01 03:48:00.955327,ELEC-day3,0.0,0.0,0.0,,,0,0,0,0
,,,,,,9,2026-02-01 03:48:00.955327,ELEC-day4,0.0,0.0,0.0,,,0,0,0,0
,,,,,,9,2026-02-01 03:48:00.955327,ELEC-day5,0.0,0.0,0.0,,,0,0,0,0
,,,,,,9,2026-02-01 03:48:00.955327,ELEC-day6,0.0,0.0,0.0,,,0,0,0,0
,,,,,,9,2026-02-01 03:48:00.955327,ELEC-F,0.0,0.0,0.0,,,0,0,0,0
3.0,1.0,1.0,,You are logged in as a TRADER,,10,2026-02-01 03:48:01.995121,NG,2.18,2.16,2.2,800000.0,800000.0,0,0,0,0
2.0,1.0,1.0,,FINES,"The fine for open positions of ELEC-dayX at the end of the day is $20,000/contract.",10,2026-02-01 03:48:01.995121,ELEC-day2,0.0,0.0,0.0,,,0,0,0,0
1.0,1.0,1.0,,Welcome to the RITC2026 GBE Energy Electricity Trading Case - practice server,,10,2026-02-01 03:48:01.995121,ELEC-day3,0.0,0.0,0.0,,,0,0,0,0
,,,,,,10,2026-02-01 03:48:01.995121,ELEC-day4,0.0,0.0,0.0,,,0,0,0,0
,,,,,,10,2026-02-01 03:48:01.995121,ELEC-day5,0.0,0.0,0.0,,,0,0,0,0
,,,,,,10,2026-02-01 03:48:01.995121,ELEC-day6,0.0,0.0,0.0,,,0,0,0,0
,,,,,,10,2026-02-01 03:48:01.995121,ELEC-F,0.0,0.0,0.0,,,0,0,0,0
3.0,1.0,1.0,,You are logged in as a TRADER,,11,2026-02-01 03:48:03.018222,NG,2.18,2.16,2.2,800000.0,800000.0,0,0,0,0
2.0,1.0,1.0,,FINES,"The fine for open positions of ELEC-dayX at the end of the day is $20,000/contract.",11,2026-02-01 03:48:03.018222,ELEC-day2,0.0,0.0,0.0,,,0,0,0,0
1.0,1.0,1.0,,Welcome to the RITC2026 GBE Energy Electricity Trading Case - practice server,,11,2026-02-01 03:48:03.018222,ELEC-day3,0.0,0.0,0.0,,,0,0,0,0
,,,,,,11,2026-02-01 03:48:03.018222,ELEC-day4,0.0,0.0,0.0,,,0,0,0,0
,,,,,,11,2026-02-01 03:48:03.018222,ELEC-day5,0.0,0.0,0.0,,,0,0,0,0
,,,,,,11,2026-02-01 03:48:03.018222,ELEC-day6,0.0,0.0,0.0,,,0,0,0,0
,,,,,,11,2026-02-01 03:48:03.018222,ELEC-F,0.0,0.0,0.0,,,0,0,0,0
3.0,1.0,1.0,,You are logged in as a TRADER,,12,2026-02-01 03:48:04.048837,NG,2.17,2.15,2.19,800000.0,800000.0,0,0,0,0
2.0,1.0,1.0,,FINES,"The fine for open positions of ELEC-dayX at the end of the day is $20,000/contract.",12,2026-02-01 03:48:04.048837,ELEC-day2,0.0,0.0,0.0,,,0,0,0,0
1.0,1.0,1.0,,Welcome to the RITC2026 GBE Energy Electricity Trading Case - practice server,,12,2026-02-01 03:48:04.048837,ELEC-day3,0.0,0.0,0.0,,,0,0,0,0
,,,,,,12,2026-02-01 03:48:04.048837,ELEC-day4,0.0,0.0,0.0,,,0,0,0,0
,,,,,,12,2026-02-01 03:48:04.048837,ELEC-day5,0.0,0.0,0.0,,,0,0,0,0
,,,,,,12,2026-02-01 03:48:04.048837,ELEC-day6,0.0,0.0,0.0,,,0,0,0,0
,,,,,,12,2026-02-01 03:48:04.048837,ELEC-F,0.0,0.0,0.0,,,0,0,0,0
3.0,1.0,1.0,,You are logged in as a TRADER,,13,2026-02-01 03:48:05.083236,NG,2.17,2.15,2.19,800000.0,800000.0,0,0,0,0
2.0,1.0,1.0,,FINES,"The fine for open positions of ELEC-dayX at the end of the day is $20,000/contract.",13,2026-02-01 03:48:05.083236,ELEC-day2,0.0,0.0,0.0,,,0,0,0,0
1.0,1.0,1.0,,Welcome to the RITC2026 GBE Energy Electricity Trading Case - practice server,,13,2026-02-01 03:48:05.083236,ELEC-day3,0.0,0.0,0.0,,,0,0,0,0
,,,,,,13,2026-02-01 03:48:05.083236,ELEC-day4,0.0,0.0,0.0,,,0,0,0,0
,,,,,,13,2026-02-01 03:48:05.083236,ELEC-day5,0.0,0.0,0.0,,,0,0,0,0
,,,,,,13,2026-02-01 03:48:05.083236,ELEC-day6,0.0,0.0,0.0,,,0,0,0,0
,,,,,,13,2026-02-01 03:48:05.083236,ELEC-F,0.0,0.0,0.0,,,0,0,0,0
3.0,1.0,1.0,,You are logged in as a TRADER,,14,2026-02-01 03:48:06.112629,NG,2.17,2.15,2.19,800000.0,800000.0,0,0,0,0
2.0,1.0,1.0,,FINES,"The fine for open positions of ELEC-dayX at the end of the day is $20,000/contract.",14,2026-02-01 03:48:06.112629,ELEC-day2,0.0,0.0,0.0,,,0,0,0,0
1.0,1.0,1.0,,Welcome to the RITC2026 GBE Energy Electricity Trading Case - practice server,,14,2026-02-01 03:48:06.112629,ELEC-day3,0.0,0.0,0.0,,,0,0,0,0
,,,,,,14,2026-02-01 03:48:06.112629,ELEC-day4,0.0,0.0,0.0,,,0,0,0,0
,,,,,,14,2026-02-01 03:48:06.112629,ELEC-day5,0.0,0.0,0.0,,,0,0,0,0
,,,,,,14,2026-02-01 03:48:06.112629,ELEC-day6,0.0,0.0,0.0,,,0,0,0,0
,,,,,,14,2026-02-01 03:48:06.112629,ELEC-F,0.0,0.0,0.0,,,0,0,0,0
3.0,1.0,1.0,,You are logged in as a TRADER,,15,2026-02-01 03:48:07.137224,NG,2.17,2.15,2.19,800000.0,800000.0,0,0,0,0
2.0,1.0,1.0,,FINES,"The fine for open positions of ELEC-dayX at the end of the day is $20,000/contract.",15,2026-02-01 03:48:07.137224,ELEC-day2,0.0,0.0,0.0,,,0,0,0,0
1.0,1.0,1.0,,Welcome to the RITC2026 GBE Energy Electricity Trading Case - practice server,,15,2026-02-01 03:48:07.137224,ELEC-day3,0.0,0.0,0.0,,,0,0,0,0
,,,,,,15,2026-02-01 03:48:07.137224,ELEC-day4,0.0,0.0,0.0,,,0,0,0,0
,,,,,,15,2026-02-01 03:48:07.137224,ELEC-day5,0.0,0.0,0.0,,,0,0,0,0
,,,,,,15,2026-02-01 03:48:07.137224,ELEC-day6,0.0,0.0,0.0,,,0,0,0,0
,,,,,,15,2026-02-01 03:48:07.137224,ELEC-F,0.0,0.0,0.0,,,0,0,0,0
3.0,1.0,1.0,,You are logged in as a TRADER,,16,2026-02-01 03:48:08.174682,NG,2.18,2.16,2.2,800000.0,800000.0,0,0,0,0
2.0,1.0,1.0,,FINES,"The fine for open positions of ELEC-dayX at the end of the day is $20,000/contract.",16,2026-02-01 03:48:08.174682,ELEC-day2,0.0,0.0,0.0,,,0,0,0,0
1.0,1.0,1.0,,Welcome to the RITC2026 GBE Energy Electricity Trading Case - practice server,,16,2026-02-01 03:48:08.174682,ELEC-day3,0.0,0.0,0.0,,,0,0,0,0
,,,,,,16,2026-02-01 03:48:08.174682,ELEC-day4,0.0,0.0,0.0,,,0,0,0,0
,,,,,,16,2026-02-01 03:48:08.174682,ELEC-day5,0.0,0.0,0.0,,,0,0,0,0
,,,,,,16,2026-02-01 03:48:08.174682,ELEC-day6,0.0,0.0,0.0,,,0,0,0,0
,,,,,,16,2026-02-01 03:48:08.174682,ELEC-F,0.0,0.0,0.0,,,0,0,0,0
3.0,1.0,1.0,,You are logged in as a TRADER,,17,2026-02-01 03:48:09.204842,NG,2.17,2.15,2.19,800000.0,800000.0,0,0,0,0
2.0,1.0,1.0,,FINES,"The fine for open positions of ELEC-dayX at the end of the day is $20,000/contract.",17,2026-02-01 03:48:09.204842,ELEC-day2,0.0,0.0,0.0,,,0,0,0,0
1.0,1.0,1.0,,Welcome to the RITC2026 GBE Energy Electricity Trading Case - practice server,,17,2026-02-01 03:48:09.204842,ELEC-day3,0.0,0.0,0.0,,,0,0,0,0
,,,,,,17,2026-02-01 03:48:09.204842,ELEC-day4,0.0,0.0,0.0,,,0,0,0,0
,,,,,,17,2026-02-01 03:48:09.204842,ELEC-day5,0.0,0.0,0.0,,,0,0,0,0
,,,,,,17,2026-02-01 03:48:09.204842,ELEC-day6,0.0,0.0,0.0,,,0,0,0,0
,,,,,,17,2026-02-01 03:48:09.204842,ELEC-F,0.0,0.0,0.0,,,0,0,0,0
3.0,1.0,1.0,,You are logged in as a TRADER,,18,2026-02-01 03:48:10.237229,NG,2.18,2.16,2.2,800000.0,800000.0,0,0,0,0
2.0,1.0,1.0,,FINES,"The fine for open positions of ELEC-dayX at the end of the day is $20,000/contract.",18,2026-02-01 03:48:10.237229,ELEC-day2,0.0,0.0,0.0,,,0,0,0,0
1.0,1.0,1.0,,Welcome to the RITC2026 GBE Energy Electricity Trading Case - practice server,,18,2026-02-01 03:48:10.237229,ELEC-day3,0.0,0.0,0.0,,,0,0,0,0
,,,,,,18,2026-02-01 03:48:10.237229,ELEC-day4,0.0,0.0,0.0,,,0,0,0,0
,,,,,,18,2026-02-01 03:48:10.237229,ELEC-day5,0.0,0.0,0.0,,,0,0,0,0
,,,,,,18,2026-02-01 03:48:10.237229,ELEC-day6,0.0,0.0,0.0,,,0,0,0,0
,,,,,,18,2026-02-01 03:48:10.237229,ELEC-F,0.0,0.0,0.0,,,0,0,0,0
3.0,1.0,1.0,,You are logged in as a TRADER,,19,2026-02-01 03:48:11.258129,NG,2.18,2.16,2.2,800000.0,800000.0,0,0,0,0
2.0,1.0,1.0,,FINES,"The fine for open positions of ELEC-dayX at the end of the day is $20,000/contract.",19,2026-02-01 03:48:11.258129,ELEC-day2,0.0,0.0,0.0,,,0,0,0,0
1.0,1.0,1.0,,Welcome to the RITC2026 GBE Energy Electricity Trading Case - practice server,,19,2026-02-01 03:48:11.258129,ELEC-day3,0.0,0.0,0.0,,,0,0,0,0
,,,,,,19,2026-02-01 03:48:11.258129,ELEC-day4,0.0,0.0,0.0,,,0,0,0,0
,,,,,,19,2026-02-01 03:48:11.258129,ELEC-day5,0.0,0.0,0.0,,,0,0,0,0
,,,,,,19,2026-02-01 03:48:11.258129,ELEC-day6,0.0,0.0,0.0,,,0,0,0,0
,,,,,,19,2026-02-01 03:48:11.258129,ELEC-F,0.0,0.0,0.0,,,0,0,0,0
3.0,1.0,1.0,,You are logged in as a TRADER,,20,2026-02-01 03:48:12.287115,NG,2.18,2.16,2.2,800000.0,800000.0,0,0,0,0
2.0,1.0,1.0,,FINES,"The fine for open positions of ELEC-dayX at the end of the day is $20,000/contract.",20,2026-02-01 03:48:12.287115,ELEC-day2,0.0,0.0,0.0,,,0,0,0,0
1.0,1.0,1.0,,Welcome to the RITC2026 GBE Energy Electricity Trading Case - practice server,,20,2026-02-01 03:48:12.287115,ELEC-day3,0.0,0.0,0.0,,,0,0,0,0
,,,,,,20,2026-02-01 03:48:12.287115,ELEC-day4,0.0,0.0,0.0,,,0,0,0,0
,,,,,,20,2026-02-01 03:48:12.287115,ELEC-day5,0.0,0.0,0.0,,,0,0,0,0
,,,,,,20,2026-02-01 03:48:12.287115,ELEC-day6,0.0,0.0,0.0,,,0,0,0,0
,,,,,,20,2026-02-01 03:48:12.287115,ELEC-F,0.0,0.0,0.0,,,0,0,0,0
3.0,1.0,1.0,,You are logged in as a TRADER,,21,2026-02-01 03:48:13.315303,NG,2.18,2.16,2.2,800000.0,800000.0,0,0,0,0
2.0,1.0,1.0,,FINES,"The fine for open positions of ELEC-dayX at the end of the day is $20,000/contract.",21,2026-02-01 03:48:13.315303,ELEC-day2,0.0,0.0,0.0,,,0,0,0,0
1.0,1.0,1.0,,Welcome to the RITC2026 GBE Energy Electricity Trading Case - practice server,,21,2026-02-01 03:48:13.315303,ELEC-day3,0.0,0.0,0.0,,,0,0,0,0
,,,,,,21,2026-02-01 03:48:13.315303,ELEC-day4,0.0,0.0,0.0,,,0,0,0,0
,,,,,,21,2026-02-01 03:48:13.315303,ELEC-day5,0.0,0.0,0.0,,,0,0,0,0
,,,,,,21,2026-02-01 03:48:13.315303,ELEC-day6,0.0,0.0,0.0,,,0,0,0,0
,,,,,,21,2026-02-01 03:48:13.315303,ELEC-F,0.0,0.0,0.0,,,0,0,0,0
3.0,1.0,1.0,,You are logged in as a TRADER,,22,2026-02-01 03:48:14.349821,NG,2.19,2.17,2.21,800000.0,800000.0,0,0,0,0
2.0,1.0,1.0,,FINES,"The fine for open positions of ELEC-dayX at the end of the day is $20,000/contract.",22,2026-02-01 03:48:14.349821,ELEC-day2,0.0,0.0,0.0,,,0,0,0,0
1.0,1.0,1.0,,Welcome to the RITC2026 GBE Energy Electricity Trading Case - practice server,,22,2026-02-01 03:48:14.349821,ELEC-day3,0.0,0.0,0.0,,,0,0,0,0
,,,,,,22,2026-02-01 03:48:14.349821,ELEC-day4,0.0,0.0,0.0,,,0,0,0,0
,,,,,,22,2026-02-01 03:48:14.349821,ELEC-day5,0.0,0.0,0.0,,,0,0,0,0
,,,,,,22,2026-02-01 03:48:14.349821,ELEC-day6,0.0,0.0,0.0,,,0,0,0,0
,,,,,,22,2026-02-01 03:48:14.349821,ELEC-F,0.0,0.0,0.0,,,0,0,0,0
3.0,1.0,1.0,,You are logged in as a TRADER,,23,2026-02-01 03:48:15.375814,NG,2.19,2.17,2.21,800000.0,800000.0,0,0,0,0
2.0,1.0,1.0,,FINES,"The fine for open positions of ELEC-dayX at the end of the day is $20,000/contract.",23,2026-02-01 03:48:15.375814,ELEC-day2,0.0,0.0,0.0,,,0,0,0,0
1.0,1.0,1.0,,Welcome to the RITC2026 GBE Energy Electricity Trading Case - practice server,,23,2026-02-01 03:48:15.375814,ELEC-day3,0.0,0.0,0.0,,,0,0,0,0
,,,,,,23,2026-02-01 03:48:15.375814,ELEC-day4,0.0,0.0,0.0,,,0,0,0,0
,,,,,,23,2026-02-01 03:48:15.375814,ELEC-day5,0.0,0.0,0.0,,,0,0,0,0
,,,,,,23,2026-02-01 03:48:15.375814,ELEC-day6,0.0,0.0,0.0,,,0,0,0,0
,,,,,,23,2026-02-01 03:48:15.375814,ELEC-F,0.0,0.0,0.0,,,0,0,0,0
3.0,1.0,1.0,,You are logged in as a TRADER,,24,2026-02-01 03:48:16.407596,NG,2.18,2.16,2.2,800000.0,800000.0,0,0,0,0
2.0,1.0,1.0,,FINES,"The fine for open positions of ELEC-dayX at the end of the day is $20,000/contract.",24,2026-02-01 03:48:16.407596,ELEC-day2,0.0,0.0,0.0,,,0,0,0,0
1.0,1.0,1.0,,Welcome to the RITC2026 GBE Energy Electricity Trading Case - practice server,,24,2026-02-01 03:48:16.407596,ELEC-day3,0.0,0.0,0.0,,,0,0,0,0
,,,,,,24,2026-02-01 03:48:16.407596,ELEC-day4,0.0,0.0,0.0,,,0,0,0,0
,,,,,,24,2026-02-01 03:48:16.407596,ELEC-day5,0.0,0.0,0.0,,,0,0,0,0
,,,,,,24,2026-02-01 03:48:16.407596,ELEC-day6,0.0,0.0,0.0,,,0,0,0,0
,,,,,,24,2026-02-01 03:48:16.407596,ELEC-F,0.0,0.0,0.0,,,0,0,0,0
3.0,1.0,1.0,,You are logged in as a TRADER,,25,2026-02-01 03:48:17.444383,NG,2.19,2.17,2.21,800000.0,800000.0,0,0,0,0
2.0,1.0,1.0,,FINES,"The fine for open positions of ELEC-dayX at the end of the day is $20,000/contract.",25,2026-02-01 03:48:17.444383,ELEC-day2,0.0,0.0,0.0,,,0,0,0,0
1.0,1.0,1.0,,Welcome to the RITC2026 GBE Energy Electricity Trading Case - practice server,,25,2026-02-01 03:48:17.444383,ELEC-day3,0.0,0.0,0.0,,,0,0,0,0
,,,,,,25,2026-02-01 03:48:17.444383,ELEC-day4,0.0,0.0,0.0,,,0,0,0,0
,,,,,,25,2026-02-01 03:48:17.444383,ELEC-day5,0.0,0.0,0.0,,,0,0,0,0
,,,,,,25,2026-02-01 03:48:17.444383,ELEC-day6,0.0,0.0,0.0,,,0,0,0,0
,,,,,,25,2026-02-01 03:48:17.444383,ELEC-F,0.0,0.0,0.0,,,0,0,0,0
3.0,1.0,1.0,,You are logged in as a TRADER,,26,2026-02-01 03:48:18.469531,NG,2.19,2.17,2.21,800000.0,800000.0,0,0,0,0
2.0,1.0,1.0,,FINES,"The fine for open positions of ELEC-dayX at the end of the day is $20,000/contract.",26,2026-02-01 03:48:18.469531,ELEC-day2,0.0,0.0,0.0,,,0,0,0,0
1.0,1.0,1.0,,Welcome to the RITC2026 GBE Energy Electricity Trading Case - practice server,,26,2026-02-01 03:48:18.469531,ELEC-day3,0.0,0.0,0.0,,,0,0,0,0
,,,,,,26,2026-02-01 03:48:18.469531,ELEC-day4,0.0,0.0,0.0,,,0,0,0,0
,,,,,,26,2026-02-01 03:48:18.469531,ELEC-day5,0.0,0.0,0.0,,,0,0,0,0
,,,,,,26,2026-02-01 03:48:18.469531,ELEC-day6,0.0,0.0,0.0,,,0,0,0,0
,,,,,,26,2026-02-01 03:48:18.469531,ELEC-F,0.0,0.0,0.0,,,0,0,0,0
3.0,1.0,1.0,,You are logged in as a TRADER,,27,2026-02-01 03:48:19.494698,NG,2.18,2.16,2.2,800000.0,800000.0,0,0,0,0
2.0,1.0,1.0,,FINES,"The fine for open positions of ELEC-dayX at the end of the day is $20,000/contract.",27,2026-02-01 03:48:19.494698,ELEC-day2,0.0,0.0,0.0,,,0,0,0,0
1.0,1.0,1.0,,Welcome to the RITC2026 GBE Energy Electricity Trading Case - practice server,,27,2026-02-01 03:48:19.494698,ELEC-day3,0.0,0.0,0.0,,,0,0,0,0
,,,,,,27,2026-02-01 03:48:19.494698,ELEC-day4,0.0,0.0,0.0,,,0,0,0,0
,,,,,,27,2026-02-01 03:48:19.494698,ELEC-day5,0.0,0.0,0.0,,,0,0,0,0
,,,,,,27,2026-02-01 03:48:19.494698,ELEC-day6,0.0,0.0,0.0,,,0,0,0,0
,,,,,,27,2026-02-01 03:48:19.494698,ELEC-F,0.0,0.0,0.0,,,0,0,0,0
3.0,1.0,1.0,,You are logged in as a TRADER,,28,2026-02-01 03:48:20.568691,NG,2.18,2.16,2.2,800000.0,800000.0,0,0,0,0
2.0,1.0,1.0,,FINES,"The fine for open positions of ELEC-dayX at the end of the day is $20,000/contract.",28,2026-02-01 03:48:20.568691,ELEC-day2,0.0,0.0,0.0,,,0,0,0,0
1.0,1.0,1.0,,Welcome to the RITC2026 GBE Energy Electricity Trading Case - practice server,,28,2026-02-01 03:48:20.568691,ELEC-day3,0.0,0.0,0.0,,,0,0,0,0
,,,,,,28,2026-02-01 03:48:20.568691,ELEC-day4,0.0,0.0,0.0,,,0,0,0,0
,,,,,,28,2026-02-01 03:48:20.568691,ELEC-day5,0.0,0.0,0.0,,,0,0,0,0
,,,,,,28,2026-02-01 03:48:20.568691,ELEC-day6,0.0,0.0,0.0,,,0,0,0,0
,,,,,,28,2026-02-01 03:48:20.568691,ELEC-F,0.0,0.0,0.0,,,0,0,0,0
3.0,1.0,1.0,,You are logged in as a TRADER,,29,2026-02-01 03:48:21.759473,NG,2.18,2.16,2.2,800000.0,800000.0,0,0,0,0
2.0,1.0,1.0,,FINES,"The fine for open positions of ELEC-dayX at the end of the day is $20,000/contract.",29,2026-02-01 03:48:21.759473,ELEC-day2,0.0,0.0,0.0,,,0,0,0,0
1.0,1.0,1.0,,Welcome to the RITC2026 GBE Energy Electricity Trading Case - practice server,,29,2026-02-01 03:48:21.759473,ELEC-day3,0.0,0.0,0.0,,,0,0,0,0
,,,,,,29,2026-02-01 03:48:21.759473,ELEC-day4,0.0,0.0,0.0,,,0,0,0,0
,,,,,,29,2026-02-01 03:48:21.759473,ELEC-day5,0.0,0.0,0.0,,,0,0,0,0
,,,,,,29,2026-02-01 03:48:21.759473,ELEC-day6,0.0,0.0,0.0,,,0,0,0,0
,,,,,,29,2026-02-01 03:48:21.759473,ELEC-F,0.0,0.0,0.0,,,0,0,0,0
3.0,1.0,1.0,,You are logged in as a TRADER,,30,2026-02-01 03:48:22.786579,NG,2.18,2.16,2.2,800000.0,800000.0,0,0,0,0
2.0,1.0,1.0,,FINES,"The fine for open positions of ELEC-dayX at the end of the day is $20,000/contract.",30,2026-02-01 03:48:22.786579,ELEC-day2,0.0,0.0,0.0,,,0,0,0,0
1.0,1.0,1.0,,Welcome to the RITC2026 GBE Energy Electricity Trading Case - practice server,,30,2026-02-01 03:48:22.786579,ELEC-day3,0.0,0.0,0.0,,,0,0,0,0
,,,,,,30,2026-02-01 03:48:22.786579,ELEC-day4,0.0,0.0,0.0,,,0,0,0,0
,,,,,,30,2026-02-01 03:48:22.786579,ELEC-day5,0.0,0.0,0.0,,,0,0,0,0
,,,,,,30,2026-02-01 03:48:22.786579,ELEC-day6,0.0,0.0,0.0,,,0,0,0,0
,,,,,,30,2026-02-01 03:48:22.786579,ELEC-F,0.0,0.0,0.0,,,0,0,0,0
3.0,1.0,1.0,,You are logged in as a TRADER,,32,2026-02-01 03:48:23.869289,NG,2.19,2.17,2.21,800000.0,800000.0,0,0,0,0
2.0,1.0,1.0,,FINES,"The fine for open positions of ELEC-dayX at the end of the day is $20,000/contract.",32,2026-02-01 03:48:23.869289,ELEC-day2,0.0,0.0,0.0,,,0,0,0,0
1.0,1.0,1.0,,Welcome to the RITC2026 GBE Energy Electricity Trading Case - practice server,,32,2026-02-01 03:48:23.869289,ELEC-day3,0.0,0.0,0.0,,,0,0,0,0
,,,,,,32,2026-02-01 03:48:23.869289,ELEC-day4,0.0,0.0,0.0,,,0,0,0,0
,,,,,,32,2026-02-01 03:48:23.869289,ELEC-day5,0.0,0.0,0.0,,,0,0,0,0
,,,,,,32,2026-02-01 03:48:23.869289,ELEC-day6,0.0,0.0,0.0,,,0,0,0,0
,,,,,,32,2026-02-01 03:48:23.869289,ELEC-F,0.0,0.0,0.0,,,0,0,0,0
3.0,1.0,1.0,,You are logged in as a TRADER,,33,2026-02-01 03:48:25.005318,NG,2.19,2.17,2.21,800000.0,800000.0,0,0,0,0
2.0,1.0,1.0,,FINES,"The fine for open positions of ELEC-dayX at the end of the day is $20,000/contract.",33,2026-02-01 03:48:25.005318,ELEC-day2,0.0,0.0,0.0,,,0,0,0,0
1.0,1.0,1.0,,Welcome to the RITC2026 GBE Energy Electricity Trading Case - practice server,,33,2026-02-01 03:48:25.005318,ELEC-day3,0.0,0.0,0.0,,,0,0,0,0
,,,,,,33,2026-02-01 03:48:25.005318,ELEC-day4,0.0,0.0,0.0,,,0,0,0,0
,,,,,,33,2026-02-01 03:48:25.005318,ELEC-day5,0.0,0.0,0.0,,,0,0,0,0
,,,,,,33,2026-02-01 03:48:25.005318,ELEC-day6,0.0,0.0,0.0,,,0,0,0,0
,,,,,,33,2026-02-01 03:48:25.005318,ELEC-F,0.0,0.0,0.0,,,0,0,0,0
3.0,1.0,1.0,,You are logged in as a TRADER,,34,2026-02-01 03:48:26.039787,NG,2.18,2.16,2.2,800000.0,800000.0,0,0,0,0
2.0,1.0,1.0,,FINES,"The fine for open positions of ELEC-dayX at the end of the day is $20,000/contract.",34,2026-02-01 03:48:26.039787,ELEC-day2,0.0,0.0,0.0,,,0,0,0,0
1.0,1.0,1.0,,Welcome to the RITC2026 GBE Energy Electricity Trading Case - practice server,,34,2026-02-01 03:48:26.039787,ELEC-day3,0.0,0.0,0.0,,,0,0,0,0
,,,,,,34,2026-02-01 03:48:26.039787,ELEC-day4,0.0,0.0,0.0,,,0,0,0,0
,,,,,,34,2026-02-01 03:48:26.039787,ELEC-day5,0.0,0.0,0.0,,,0,0,0,0
,,,,,,34,2026-02-01 03:48:26.039787,ELEC-day6,0.0,0.0,0.0,,,0,0,0,0
,,,,,,34,2026-02-01 03:48:26.039787,ELEC-F,0.0,0.0,0.0,,,0,0,0,0
3.0,1.0,1.0,,You are logged in as a TRADER,,35,2026-02-01 03:48:27.085806,NG,2.17,2.15,2.19,800000.0,800000.0,0,0,0,0
2.0,1.0,1.0,,FINES,"The fine for open positions of ELEC-dayX at the end of the day is $20,000/contract.",35,2026-02-01 03:48:27.085806,ELEC-day2,0.0,0.0,0.0,,,0,0,0,0
1.0,1.0,1.0,,Welcome to the RITC2026 GBE Energy Electricity Trading Case - practice server,,35,2026-02-01 03:48:27.085806,ELEC-day3,0.0,0.0,0.0,,,0,0,0,0
,,,,,,35,2026-02-01 03:48:27.085806,ELEC-day4,0.0,0.0,0.0,,,0,0,0,0
,,,,,,35,2026-02-01 03:48:27.085806,ELEC-day5,0.0,0.0,0.0,,,0,0,0,0
,,,,,,35,2026-02-01 03:48:27.085806,ELEC-day6,0.0,0.0,0.0,,,0,0,0,0
,,,,,,35,2026-02-01 03:48:27.085806,ELEC-F,0.0,0.0,0.0,,,0,0,0,0
3.0,1.0,1.0,,You are logged in as a TRADER,,36,2026-02-01 03:48:28.121174,NG,2.16,2.14,2.18,800000.0,800000.0,0,0,0,0
2.0,1.0,1.0,,FINES,"The fine for open positions of ELEC-dayX at the end of the day is $20,000/contract.",36,2026-02-01 03:48:28.121174,ELEC-day2,0.0,0.0,0.0,,,0,0,0,0
1.0,1.0,1.0,,Welcome to the RITC2026 GBE Energy Electricity Trading Case - practice server,,36,2026-02-01 03:48:28.121174,ELEC-day3,0.0,0.0,0.0,,,0,0,0,0
,,,,,,36,2026-02-01 03:48:28.121174,ELEC-day4,0.0,0.0,0.0,,,0,0,0,0
,,,,,,36,2026-02-01 03:48:28.121174,ELEC-day5,0.0,0.0,0.0,,,0,0,0,0
,,,,,,36,2026-02-01 03:48:28.121174,ELEC-day6,0.0,0.0,0.0,,,0,0,0,0
,,,,,,36,2026-02-01 03:48:28.121174,ELEC-F,0.0,0.0,0.0,,,0,0,0,0
3.0,1.0,1.0,,You are logged in as a TRADER,,37,2026-02-01 03:48:29.158863,NG,2.16,2.14,2.18,800000.0,800000.0,0,0,0,0
2.0,1.0,1.0,,FINES,"The fine for open positions of ELEC-dayX at the end of the day is $20,000/contract.",37,2026-02-01 03:48:29.158863,ELEC-day2,0.0,0.0,0.0,,,0,0,0,0
1.0,1.0,1.0,,Welcome to the RITC2026 GBE Energy Electricity Trading Case - practice server,,37,2026-02-01 03:48:29.158863,ELEC-day3,0.0,0.0,0.0,,,0,0,0,0
,,,,,,37,2026-02-01 03:48:29.158863,ELEC-day4,0.0,0.0,0.0,,,0,0,0,0
,,,,,,37,2026-02-01 03:48:29.158863,ELEC-day5,0.0,0.0,0.0,,,0,0,0,0
,,,,,,37,2026-02-01 03:48:29.158863,ELEC-day6,0.0,0.0,0.0,,,0,0,0,0
,,,,,,37,2026-02-01 03:48:29.158863,ELEC-F,0.0,0.0,0.0,,,0,0,0,0
3.0,1.0,1.0,,You are logged in as a TRADER,,38,2026-02-01 03:48:30.187592,NG,2.15,2.13,2.17,800000.0,800000.0,0,0,0,0
2.0,1.0,1.0,,FINES,"The fine for open positions of ELEC-dayX at the end of the day is $20,000/contract.",38,2026-02-01 03:48:30.187592,ELEC-day2,0.0,0.0,0.0,,,0,0,0,0
1.0,1.0,1.0,,Welcome to the RITC2026 GBE Energy Electricity Trading Case - practice server,,38,2026-02-01 03:48:30.187592,ELEC-day3,0.0,0.0,0.0,,,0,0,0,0
,,,,,,38,2026-02-01 03:48:30.187592,ELEC-day4,0.0,0.0,0.0,,,0,0,0,0
,,,,,,38,2026-02-01 03:48:30.187592,ELEC-day5,0.0,0.0,0.0,,,0,0,0,0
,,,,,,38,2026-02-01 03:48:30.187592,ELEC-day6,0.0,0.0,0.0,,,0,0,0,0
,,,,,,38,2026-02-01 03:48:30.187592,ELEC-F,0.0,0.0,0.0,,,0,0,0,0
3.0,1.0,1.0,,You are logged in as a TRADER,,39,2026-02-01 03:48:31.210817,NG,2.16,2.14,2.18,800000.0,800000.0,0,0,0,0
2.0,1.0,1.0,,FINES,"The fine for open positions of ELEC-dayX at the end of the day is $20,000/contract.",39,2026-02-01 03:48:31.210817,ELEC-day2,0.0,0.0,0.0,,,0,0,0,0
1.0,1.0,1.0,,Welcome to the RITC2026 GBE Energy Electricity Trading Case - practice server,,39,2026-02-01 03:48:31.210817,ELEC-day3,0.0,0.0,0.0,,,0,0,0,0
,,,,,,39,2026-02-01 03:48:31.210817,ELEC-day4,0.0,0.0,0.0,,,0,0,0,0
,,,,,,39,2026-02-01 03:48:31.210817,ELEC-day5,0.0,0.0,0.0,,,0,0,0,0
,,,,,,39,2026-02-01 03:48:31.210817,ELEC-day6,0.0,0.0,0.0,,,0,0,0,0
,,,,,,39,2026-02-01 03:48:31.210817,ELEC-F,0.0,0.0,0.0,,,0,0,0,0
4.0,1.0,39.0,,FACTORY TENDER REPORT,There is increased speculation of small sized factory tenders to BUY electricity from the local market.,40,2026-02-01 03:48:32.238167,NG,2.17,2.15,2.19,800000.0,800000.0,0,0,0,0
3.0,1.0,1.0,,You are logged in as a TRADER,,40,2026-02-01 03:48:32.238167,ELEC-day2,0.0,0.0,0.0,,,0,0,0,0
2.0,1.0,1.0,,FINES,"The fine for open positions of ELEC-dayX at the end of the day is $20,000/contract.",40,2026-02-01 03:48:32.238167,ELEC-day3,0.0,0.0,0.0,,,0,0,0,0
1.0,1.0,1.0,,Welcome to the RITC2026 GBE Energy Electricity Trading Case - practice server,,40,2026-02-01 03:48:32.238167,ELEC-day4,0.0,0.0,0.0,,,0,0,0,0
,,,,,,40,2026-02-01 03:48:32.238167,ELEC-day5,0.0,0.0,0.0,,,0,0,0,0
,,,,,,40,2026-02-01 03:48:32.238167,ELEC-day6,0.0,0.0,0.0,,,0,0,0,0
,,,,,,40,2026-02-01 03:48:32.238167,ELEC-F,0.0,0.0,0.0,,,0,0,0,0
4.0,1.0,39.0,,FACTORY TENDER REPORT,There is increased speculation of small sized factory tenders to BUY electricity from the local market.,41,2026-02-01 03:48:33.263141,NG,2.16,2.14,2.18,800000.0,800000.0,0,0,0,0
3.0,1.0,1.0,,You are logged in as a TRADER,,41,2026-02-01 03:48:33.263141,ELEC-day2,0.0,0.0,0.0,,,0,0,0,0
2.0,1.0,1.0,,FINES,"The fine for open positions of ELEC-dayX at the end of the day is $20,000/contract.",41,2026-02-01 03:48:33.263141,ELEC-day3,0.0,0.0,0.0,,,0,0,0,0
1.0,1.0,1.0,,Welcome to the RITC2026 GBE Energy Electricity Trading Case - practice server,,41,2026-02-01 03:48:33.263141,ELEC-day4,0.0,0.0,0.0,,,0,0,0,0
,,,,,,41,2026-02-01 03:48:33.263141,ELEC-day5,0.0,0.0,0.0,,,0,0,0,0
,,,,,,41,2026-02-01 03:48:33.263141,ELEC-day6,0.0,0.0,0.0,,,0,0,0,0
,,,,,,41,2026-02-01 03:48:33.263141,ELEC-F,0.0,0.0,0.0,,,0,0,0,0
4.0,1.0,39.0,,FACTORY TENDER REPORT,There is increased speculation of small sized factory tenders to BUY electricity from the local market.,42,2026-02-01 03:48:34.295914,NG,2.17,2.15,2.19,800000.0,800000.0,0,0,0,0
3.0,1.0,1.0,,You are logged in as a TRADER,,42,2026-02-01 03:48:34.295914,ELEC-day2,0.0,0.0,0.0,,,0,0,0,0
2.0,1.0,1.0,,FINES,"The fine for open positions of ELEC-dayX at the end of the day is $20,000/contract.",42,2026-02-01 03:48:34.295914,ELEC-day3,0.0,0.0,0.0,,,0,0,0,0
1.0,1.0,1.0,,Welcome to the RITC2026 GBE Energy Electricity Trading Case - practice server,,42,2026-02-01 03:48:34.295914,ELEC-day4,0.0,0.0,0.0,,,0,0,0,0
,,,,,,42,2026-02-01 03:48:34.295914,ELEC-day5,0.0,0.0,0.0,,,0,0,0,0
,,,,,,42,2026-02-01 03:48:34.295914,ELEC-day6,0.0,0.0,0.0,,,0,0,0,0
,,,,,,42,2026-02-01 03:48:34.295914,ELEC-F,0.0,0.0,0.0,,,0,0,0,0
4.0,1.0,39.0,,FACTORY TENDER REPORT,There is increased speculation of small sized factory tenders to BUY electricity from the local market.,43,2026-02-01 03:48:35.331018,NG,2.16,2.14,2.18,800000.0,800000.0,0,0,0,0
3.0,1.0,1.0,,You are logged in as a TRADER,,43,2026-02-01 03:48:35.331018,ELEC-day2,0.0,0.0,0.0,,,0,0,0,0
2.0,1.0,1.0,,FINES,"The fine for open positions of ELEC-dayX at the end of the day is $20,000/contract.",43,2026-02-01 03:48:35.331018,ELEC-day3,0.0,0.0,0.0,,,0,0,0,0
1.0,1.0,1.0,,Welcome to the RITC2026 GBE Energy Electricity Trading Case - practice server,,43,2026-02-01 03:48:35.331018,ELEC-day4,0.0,0.0,0.0,,,0,0,0,0
,,,,,,43,2026-02-01 03:48:35.331018,ELEC-day5,0.0,0.0,0.0,,,0,0,0,0
,,,,,,43,2026-02-01 03:48:35.331018,ELEC-day6,0.0,0.0,0.0,,,0,0,0,0
,,,,,,43,2026-02-01 03:48:35.331018,ELEC-F,0.0,0.0,0.0,,,0,0,0,0
4.0,1.0,39.0,,FACTORY TENDER REPORT,There is increased speculation of small sized factory tenders to BUY electricity from the local market.,44,2026-02-01 03:48:36.363665,NG,2.17,2.15,2.19,800000.0,800000.0,0,0,0,0
3.0,1.0,1.0,,You are logged in as a TRADER,,44,2026-02-01 03:48:36.363665,ELEC-day2,0.0,0.0,0.0,,,0,0,0,0
2.0,1.0,1.0,,FINES,"The fine for open positions of ELEC-dayX at the end of the day is $20,000/contract.",44,2026-02-01 03:48:36.363665,ELEC-day3,0.0,0.0,0.0,,,0,0,0,0
1.0,1.0,1.0,,Welcome to the RITC2026 GBE Energy Electricity Trading Case - practice server,,44,2026-02-01 03:48:36.363665,ELEC-day4,0.0,0.0,0.0,,,0,0,0,0
,,,,,,44,2026-02-01 03:48:36.363665,ELEC-day5,0.0,0.0,0.0,,,0,0,0,0
,,,,,,44,2026-02-01 03:48:36.363665,ELEC-day6,0.0,0.0,0.0,,,0,0,0,0
,,,,,,44,2026-02-01 03:48:36.363665,ELEC-F,0.0,0.0,0.0,,,0,0,0,0
4.0,1.0,39.0,,FACTORY TENDER REPORT,There is increased speculation of small sized factory tenders to BUY electricity from the local market.,45,2026-02-01 03:48:37.392119,NG,2.19,2.17,2.21,800000.0,800000.0,0,0,0,0
3.0,1.0,1.0,,You are logged in as a TRADER,,45,2026-02-01 03:48:37.392119,ELEC-day2,0.0,0.0,0.0,,,0,0,0,0
2.0,1.0,1.0,,FINES,"The fine for open positions of ELEC-dayX at the end of the day is $20,000/contract.",45,2026-02-01 03:48:37.392119,ELEC-day3,0.0,0.0,0.0,,,0,0,0,0
1.0,1.0,1.0,,Welcome to the RITC2026 GBE Energy Electricity Trading Case - practice server,,45,2026-02-01 03:48:37.392119,ELEC-day4,0.0,0.0,0.0,,,0,0,0,0
,,,,,,45,2026-02-01 03:48:37.392119,ELEC-day5,0.0,0.0,0.0,,,0,0,0,0
,,,,,,45,2026-02-01 03:48:37.392119,ELEC-day6,0.0,0.0,0.0,,,0,0,0,0
,,,,,,45,2026-02-01 03:48:37.392119,ELEC-F,0.0,0.0,0.0,,,0,0,0,0
4.0,1.0,39.0,,FACTORY TENDER REPORT,There is increased speculation of small sized factory tenders to BUY electricity from the local market.,46,2026-02-01 03:48:38.414248,NG,2.18,2.16,2.2,800000.0,800000.0,0,0,0,0
3.0,1.0,1.0,,You are logged in as a TRADER,,46,2026-02-01 03:48:38.414248,ELEC-day2,0.0,0.0,0.0,,,0,0,0,0
2.0,1.0,1.0,,FINES,"The fine for open positions of ELEC-dayX at the end of the day is $20,000/contract.",46,2026-02-01 03:48:38.414248,ELEC-day3,0.0,0.0,0.0,,,0,0,0,0
1.0,1.0,1.0,,Welcome to the RITC2026 GBE Energy Electricity Trading Case - practice server,,46,2026-02-01 03:48:38.414248,ELEC-day4,0.0,0.0,0.0,,,0,0,0,0
,,,,,,46,2026-02-01 03:48:38.414248,ELEC-day5,0.0,0.0,0.0,,,0,0,0,0
,,,,,,46,2026-02-01 03:48:38.414248,ELEC-day6,0.0,0.0,0.0,,,0,0,0,0
,,,,,,46,2026-02-01 03:48:38.414248,ELEC-F,0.0,0.0,0.0,,,0,0,0,0
4.0,1.0,39.0,,FACTORY TENDER REPORT,There is increased speculation of small sized factory tenders to BUY electricity from the local market.,47,2026-02-01 03:48:39.453018,NG,2.19,2.17,2.21,800000.0,800000.0,0,0,0,0
3.0,1.0,1.0,,You are logged in as a TRADER,,47,2026-02-01 03:48:39.453018,ELEC-day2,0.0,0.0,0.0,,,0,0,0,0
2.0,1.0,1.0,,FINES,"The fine for open positions of ELEC-dayX at the end of the day is $20,000/contract.",47,2026-02-01 03:48:39.453018,ELEC-day3,0.0,0.0,0.0,,,0,0,0,0
1.0,1.0,1.0,,Welcome to the RITC2026 GBE Energy Electricity Trading Case - practice server,,47,2026-02-01 03:48:39.453018,ELEC-day4,0.0,0.0,0.0,,,0,0,0,0
,,,,,,47,2026-02-01 03:48:39.453018,ELEC-day5,0.0,0.0,0.0,,,0,0,0,0
,,,,,,47,2026-02-01 03:48:39.453018,ELEC-day6,0.0,0.0,0.0,,,0,0,0,0
,,,,,,47,2026-02-01 03:48:39.453018,ELEC-F,0.0,0.0,0.0,,,0,0,0,0
4.0,1.0,39.0,,FACTORY TENDER REPORT,There is increased speculation of small sized factory tenders to BUY electricity from the local market.,48,2026-02-01 03:48:40.482345,NG,2.19,2.17,2.21,800000.0,800000.0,0,0,0,0
3.0,1.0,1.0,,You are logged in as a TRADER,,48,2026-02-01 03:48:40.482345,ELEC-day2,0.0,0.0,0.0,,,0,0,0,0
2.0,1.0,1.0,,FINES,"The fine for open positions of ELEC-dayX at the end of the day is $20,000/contract.",48,2026-02-01 03:48:40.482345,ELEC-day3,0.0,0.0,0.0,,,0,0,0,0
1.0,1.0,1.0,,Welcome to the RITC2026 GBE Energy Electricity Trading Case - practice server,,48,2026-02-01 03:48:40.482345,ELEC-day4,0.0,0.0,0.0,,,0,0,0,0
,,,,,,48,2026-02-01 03:48:40.482345,ELEC-day5,0.0,0.0,0.0,,,0,0,0,0
,,,,,,48,2026-02-01 03:48:40.482345,ELEC-day6,0.0,0.0,0.0,,,0,0,0,0
,,,,,,48,2026-02-01 03:48:40.482345,ELEC-F,0.0,0.0,0.0,,,0,0,0,0
4.0,1.0,39.0,,FACTORY TENDER REPORT,There is increased speculation of small sized factory tenders to BUY electricity from the local market.,49,2026-02-01 03:48:41.502915,NG,2.19,2.17,2.21,800000.0,800000.0,0,0,0,0
3.0,1.0,1.0,,You are logged in as a TRADER,,49,2026-02-01 03:48:41.502915,ELEC-day2,0.0,0.0,0.0,,,0,0,0,0
2.0,1.0,1.0,,FINES,"The fine for open positions of ELEC-dayX at the end of the day is $20,000/contract.",49,2026-02-01 03:48:41.502915,ELEC-day3,0.0,0.0,0.0,,,0,0,0,0
1.0,1.0,1.0,,Welcome to the RITC2026 GBE Energy Electricity Trading Case - practice server,,49,2026-02-01 03:48:41.502915,ELEC-day4,0.0,0.0,0.0,,,0,0,0,0
,,,,,,49,2026-02-01 03:48:41.502915,ELEC-day5,0.0,0.0,0.0,,,0,0,0,0
,,,,,,49,2026-02-01 03:48:41.502915,ELEC-day6,0.0,0.0,0.0,,,0,0,0,0
,,,,,,49,2026-02-01 03:48:41.502915,ELEC-F,0.0,0.0,0.0,,,0,0,0,0
4.0,1.0,39.0,,FACTORY TENDER REPORT,There is increased speculation of small sized factory tenders to BUY electricity from the local market.,50,2026-02-01 03:48:42.535308,NG,2.2,2.18,2.22,800000.0,800000.0,0,0,0,0
3.0,1.0,1.0,,You are logged in as a TRADER,,50,2026-02-01 03:48:42.535308,ELEC-day2,0.0,0.0,0.0,,,0,0,0,0
2.0,1.0,1.0,,FINES,"The fine for open positions of ELEC-dayX at the end of the day is $20,000/contract.",50,2026-02-01 03:48:42.535308,ELEC-day3,0.0,0.0,0.0,,,0,0,0,0
1.0,1.0,1.0,,Welcome to the RITC2026 GBE Energy Electricity Trading Case - practice server,,50,2026-02-01 03:48:42.535308,ELEC-day4,0.0,0.0,0.0,,,0,0,0,0
,,,,,,50,2026-02-01 03:48:42.535308,ELEC-day5,0.0,0.0,0.0,,,0,0,0,0
,,,,,,50,2026-02-01 03:48:42.535308,ELEC-day6,0.0,0.0,0.0,,,0,0,0,0
,,,,,,50,2026-02-01 03:48:42.535308,ELEC-F,0.0,0.0,0.0,,,0,0,0,0
4.0,1.0,39.0,,FACTORY TENDER REPORT,There is increased speculation of small sized factory tenders to BUY electricity from the local market.,51,2026-02-01 03:48:43.564139,NG,2.21,2.19,2.23,800000.0,800000.0,0,0,0,0
3.0,1.0,1.0,,You are logged in as a TRADER,,51,2026-02-01 03:48:43.564139,ELEC-day2,0.0,0.0,0.0,,,0,0,0,0
2.0,1.0,1.0,,FINES,"The fine for open positions of ELEC-dayX at the end of the day is $20,000/contract.",51,2026-02-01 03:48:43.564139,ELEC-day3,0.0,0.0,0.0,,,0,0,0,0
1.0,1.0,1.0,,Welcome to the RITC2026 GBE Energy Electricity Trading Case - practice server,,51,2026-02-01 03:48:43.564139,ELEC-day4,0.0,0.0,0.0,,,0,0,0,0
,,,,,,51,2026-02-01 03:48:43.564139,ELEC-day5,0.0,0.0,0.0,,,0,0,0,0
,,,,,,51,2026-02-01 03:48:43.564139,ELEC-day6,0.0,0.0,0.0,,,0,0,0,0
,,,,,,51,2026-02-01 03:48:43.564139,ELEC-F,0.0,0.0,0.0,,,0,0,0,0
4.0,1.0,39.0,,FACTORY TENDER REPORT,There is increased speculation of small sized factory tenders to BUY electricity from the local market.,52,2026-02-01 03:48:44.595681,NG,2.21,2.19,2.23,800000.0,800000.0,0,0,0,0
3.0,1.0,1.0,,You are logged in as a TRADER,,52,2026-02-01 03:48:44.595681,ELEC-day2,0.0,0.0,0.0,,,0,0,0,0
2.0,1.0,1.0,,FINES,"The fine for open positions of ELEC-dayX at the end of the day is $20,000/contract.",52,2026-02-01 03:48:44.595681,ELEC-day3,0.0,0.0,0.0,,,0,0,0,0
1.0,1.0,1.0,,Welcome to the RITC2026 GBE Energy Electricity Trading Case - practice server,,52,2026-02-01 03:48:44.595681,ELEC-day4,0.0,0.0,0.0,,,0,0,0,0
,,,,,,52,2026-02-01 03:48:44.595681,ELEC-day5,0.0,0.0,0.0,,,0,0,0,0
,,,,,,52,2026-02-01 03:48:44.595681,ELEC-day6,0.0,0.0,0.0,,,0,0,0,0
,,,,,,52,2026-02-01 03:48:44.595681,ELEC-F,0.0,0.0,0.0,,,0,0,0,0
4.0,1.0,39.0,,FACTORY TENDER REPORT,There is increased speculation of small sized factory tenders to BUY electricity from the local market.,53,2026-02-01 03:48:45.626259,NG,2.2,2.18,2.22,800000.0,800000.0,0,0,0,0
3.0,1.0,1.0,,You are logged in as a TRADER,,53,2026-02-01 03:48:45.626259,ELEC-day2,0.0,0.0,0.0,,,0,0,0,0
2.0,1.0,1.0,,FINES,"The fine for open positions of ELEC-dayX at the end of the day is $20,000/contract.",53,2026-02-01 03:48:45.626259,ELEC-day3,0.0,0.0,0.0,,,0,0,0,0
1.0,1.0,1.0,,Welcome to the RITC2026 GBE Energy Electricity Trading Case - practice server,,53,2026-02-01 03:48:45.626259,ELEC-day4,0.0,0.0,0.0,,,0,0,0,0
,,,,,,53,2026-02-01 03:48:45.626259,ELEC-day5,0.0,0.0,0.0,,,0,0,0,0
,,,,,,53,2026-02-01 03:48:45.626259,ELEC-day6,0.0,0.0,0.0,,,0,0,0,0
,,,,,,53,2026-02-01 03:48:45.626259,ELEC-F,0.0,0.0,0.0,,,0,0,0,0
4.0,1.0,39.0,,FACTORY TENDER REPORT,There is increased speculation of small sized factory tenders to BUY electricity from the local market.,54,2026-02-01 03:48:46.652814,NG,2.21,2.19,2.23,800000.0,800000.0,0,0,0,0
3.0,1.0,1.0,,You are logged in as a TRADER,,54,2026-02-01 03:48:46.652814,ELEC-day2,0.0,0.0,0.0,,,0,0,0,0
2.0,1.0,1.0,,FINES,"The fine for open positions of ELEC-dayX at the end of the day is $20,000/contract.",54,2026-02-01 03:48:46.652814,ELEC-day3,0.0,0.0,0.0,,,0,0,0,0
1.0,1.0,1.0,,Welcome to the RITC2026 GBE Energy Electricity Trading Case - practice server,,54,2026-02-01 03:48:46.652814,ELEC-day4,0.0,0.0,0.0,,,0,0,0,0
,,,,,,54,2026-02-01 03:48:46.652814,ELEC-day5,0.0,0.0,0.0,,,0,0,0,0
,,,,,,54,2026-02-01 03:48:46.652814,ELEC-day6,0.0,0.0,0.0,,,0,0,0,0
,,,,,,54,2026-02-01 03:48:46.652814,ELEC-F,0.0,0.0,0.0,,,0,0,0,0
4.0,1.0,39.0,,FACTORY TENDER REPORT,There is increased speculation of small sized factory tenders to BUY electricity from the local market.,55,2026-02-01 03:48:47.686202,NG,2.21,2.19,2.23,800000.0,800000.0,0,0,0,0
3.0,1.0,1.0,,You are logged in as a TRADER,,55,2026-02-01 03:48:47.686202,ELEC-day2,0.0,0.0,0.0,,,0,0,0,0
2.0,1.0,1.0,,FINES,"The fine for open positions of ELEC-dayX at the end of the day is $20,000/contract.",55,2026-02-01 03:48:47.686202,ELEC-day3,0.0,0.0,0.0,,,0,0,0,0
1.0,1.0,1.0,,Welcome to the RITC2026 GBE Energy Electricity Trading Case - practice server,,55,2026-02-01 03:48:47.686202,ELEC-day4,0.0,0.0,0.0,,,0,0,0,0
,,,,,,55,2026-02-01 03:48:47.686202,ELEC-day5,0.0,0.0,0.0,,,0,0,0,0
,,,,,,55,2026-02-01 03:48:47.686202,ELEC-day6,0.0,0.0,0.0,,,0,0,0,0
,,,,,,55,2026-02-01 03:48:47.686202,ELEC-F,0.0,0.0,0.0,,,0,0,0,0
4.0,1.0,39.0,,FACTORY TENDER REPORT,There is increased speculation of small sized factory tenders to BUY electricity from the local market.,56,2026-02-01 03:48:48.717332,NG,2.2,2.18,2.22,800000.0,800000.0,0,0,0,0
3.0,1.0,1.0,,You are logged in as a TRADER,,56,2026-02-01 03:48:48.717332,ELEC-day2,0.0,0.0,0.0,,,0,0,0,0
2.0,1.0,1.0,,FINES,"The fine for open positions of ELEC-dayX at the end of the day is $20,000/contract.",56,2026-02-01 03:48:48.717332,ELEC-day3,0.0,0.0,0.0,,,0,0,0,0
1.0,1.0,1.0,,Welcome to the RITC2026 GBE Energy Electricity Trading Case - practice server,,56,2026-02-01 03:48:48.717332,ELEC-day4,0.0,0.0,0.0,,,0,0,0,0
,,,,,,56,2026-02-01 03:48:48.717332,ELEC-day5,0.0,0.0,0.0,,,0,0,0,0
,,,,,,56,2026-02-01 03:48:48.717332,ELEC-day6,0.0,0.0,0.0,,,0,0,0,0
,,,,,,56,2026-02-01 03:48:48.717332,ELEC-F,0.0,0.0,0.0,,,0,0,0,0
4.0,1.0,39.0,,FACTORY TENDER REPORT,There is increased speculation of small sized factory tenders to BUY electricity from the local market.,57,2026-02-01 03:48:49.737460,NG,2.2,2.18,2.22,800000.0,800000.0,0,0,0,0
3.0,1.0,1.0,,You are logged in as a TRADER,,57,2026-02-01 03:48:49.737460,ELEC-day2,0.0,0.0,0.0,,,0,0,0,0
2.0,1.0,1.0,,FINES,"The fine for open positions of ELEC-dayX at the end of the day is $20,000/contract.",57,2026-02-01 03:48:49.737460,ELEC-day3,0.0,0.0,0.0,,,0,0,0,0
1.0,1.0,1.0,,Welcome to the RITC2026 GBE Energy Electricity Trading Case - practice server,,57,2026-02-01 03:48:49.737460,ELEC-day4,0.0,0.0,0.0,,,0,0,0,0
,,,,,,57,2026-02-01 03:48:49.737460,ELEC-day5,0.0,0.0,0.0,,,0,0,0,0
,,,,,,57,2026-02-01 03:48:49.737460,ELEC-day6,0.0,0.0,0.0,,,0,0,0,0
,,,,,,57,2026-02-01 03:48:49.737460,ELEC-F,0.0,0.0,0.0,,,0,0,0,0
4.0,1.0,39.0,,FACTORY TENDER REPORT,There is increased speculation of small sized factory tenders to BUY electricity from the local market.,58,2026-02-01 03:48:50.772060,NG,2.2,2.18,2.22,800000.0,800000.0,0,0,0,0
3.0,1.0,1.0,,You are logged in as a TRADER,,58,2026-02-01 03:48:50.772060,ELEC-day2,0.0,0.0,0.0,,,0,0,0,0
2.0,1.0,1.0,,FINES,"The fine for open positions of ELEC-dayX at the end of the day is $20,000/contract.",58,2026-02-01 03:48:50.772060,ELEC-day3,0.0,0.0,0.0,,,0,0,0,0
1.0,1.0,1.0,,Welcome to the RITC2026 GBE Energy Electricity Trading Case - practice server,,58,2026-02-01 03:48:50.772060,ELEC-day4,0.0,0.0,0.0,,,0,0,0,0
,,,,,,58,2026-02-01 03:48:50.772060,ELEC-day5,0.0,0.0,0.0,,,0,0,0,0
,,,,,,58,2026-02-01 03:48:50.772060,ELEC-day6,0.0,0.0,0.0,,,0,0,0,0
,,,,,,58,2026-02-01 03:48:50.772060,ELEC-F,0.0,0.0,0.0,,,0,0,0,0
4.0,1.0,39.0,,FACTORY TENDER REPORT,There is increased speculation of small sized factory tenders to BUY electricity from the local market.,59,2026-02-01 03:48:51.793454,NG,2.2,2.18,2.22,800000.0,800000.0,0,0,0,0
3.0,1.0,1.0,,You are logged in as a TRADER,,59,2026-02-01 03:48:51.793454,ELEC-day2,0.0,0.0,0.0,,,0,0,0,0
2.0,1.0,1.0,,FINES,"The fine for open positions of ELEC-dayX at the end of the day is $20,000/contract.",59,2026-02-01 03:48:51.793454,ELEC-day3,0.0,0.0,0.0,,,0,0,0,0
1.0,1.0,1.0,,Welcome to the RITC2026 GBE Energy Electricity Trading Case - practice server,,59,2026-02-01 03:48:51.793454,ELEC-day4,0.0,0.0,0.0,,,0,0,0,0
,,,,,,59,2026-02-01 03:48:51.793454,ELEC-day5,0.0,0.0,0.0,,,0,0,0,0
,,,,,,59,2026-02-01 03:48:51.793454,ELEC-day6,0.0,0.0,0.0,,,0,0,0,0
,,,,,,59,2026-02-01 03:48:51.793454,ELEC-F,0.0,0.0,0.0,,,0,0,0,0
4.0,1.0,39.0,,FACTORY TENDER REPORT,There is increased speculation of small sized factory tenders to BUY electricity from the local market.,60,2026-02-01 03:48:52.816972,NG,2.2,2.18,2.22,800000.0,800000.0,0,0,0,0
3.0,1.0,1.0,,You are logged in as a TRADER,,60,2026-02-01 03:48:52.816972,ELEC-day2,0.0,0.0,0.0,,,0,0,0,0
2.0,1.0,1.0,,FINES,"The fine for open positions of ELEC-dayX at the end of the day is $20,000/contract.",60,2026-02-01 03:48:52.816972,ELEC-day3,0.0,0.0,0.0,,,0,0,0,0
1.0,1.0,1.0,,Welcome to the RITC2026 GBE Energy Electricity Trading Case - practice server,,60,2026-02-01 03:48:52.816972,ELEC-day4,0.0,0.0,0.0,,,0,0,0,0
,,,,,,60,2026-02-01 03:48:52.816972,ELEC-day5,0.0,0.0,0.0,,,0,0,0,0
,,,,,,60,2026-02-01 03:48:52.816972,ELEC-day6,0.0,0.0,0.0,,,0,0,0,0
,,,,,,60,2026-02-01 03:48:52.816972,ELEC-F,0.0,0.0,0.0,,,0,0,0,0
4.0,1.0,39.0,,FACTORY TENDER REPORT,There is increased speculation of small sized factory tenders to BUY electricity from the local market.,61,2026-02-01 03:48:53.848914,NG,2.2,2.18,2.22,800000.0,800000.0,0,0,0,0
3.0,1.0,1.0,,You are logged in as a TRADER,,61,2026-02-01 03:48:53.848914,ELEC-day2,0.0,0.0,0.0,,,0,0,0,0
2.0,1.0,1.0,,FINES,"The fine for open positions of ELEC-dayX at the end of the day is $20,000/contract.",61,2026-02-01 03:48:53.848914,ELEC-day3,0.0,0.0,0.0,,,0,0,0,0
1.0,1.0,1.0,,Welcome to the RITC2026 GBE Energy Electricity Trading Case - practice server,,61,2026-02-01 03:48:53.848914,ELEC-day4,0.0,0.0,0.0,,,0,0,0,0
,,,,,,61,2026-02-01 03:48:53.848914,ELEC-day5,0.0,0.0,0.0,,,0,0,0,0
,,,,,,61,2026-02-01 03:48:53.848914,ELEC-day6,0.0,0.0,0.0,,,0,0,0,0
,,,,,,61,2026-02-01 03:48:53.848914,ELEC-F,0.0,0.0,0.0,,,0,0,0,0
4.0,1.0,39.0,,FACTORY TENDER REPORT,There is increased speculation of small sized factory tenders to BUY electricity from the local market.,62,2026-02-01 03:48:54.877002,NG,2.21,2.19,2.23,800000.0,800000.0,0,0,0,0
3.0,1.0,1.0,,You are logged in as a TRADER,,62,2026-02-01 03:48:54.877002,ELEC-day2,0.0,0.0,0.0,,,0,0,0,0
2.0,1.0,1.0,,FINES,"The fine for open positions of ELEC-dayX at the end of the day is $20,000/contract.",62,2026-02-01 03:48:54.877002,ELEC-day3,0.0,0.0,0.0,,,0,0,0,0
1.0,1.0,1.0,,Welcome to the RITC2026 GBE Energy Electricity Trading Case - practice server,,62,2026-02-01 03:48:54.877002,ELEC-day4,0.0,0.0,0.0,,,0,0,0,0
,,,,,,62,2026-02-01 03:48:54.877002,ELEC-day5,0.0,0.0,0.0,,,0,0,0,0
,,,,,,62,2026-02-01 03:48:54.877002,ELEC-day6,0.0,0.0,0.0,,,0,0,0,0
,,,,,,62,2026-02-01 03:48:54.877002,ELEC-F,0.0,0.0,0.0,,,0,0,0,0
4.0,1.0,39.0,,FACTORY TENDER REPORT,There is increased speculation of small sized factory tenders to BUY electricity from the local market.,63,2026-02-01 03:48:55.906475,NG,2.21,2.19,2.23,800000.0,800000.0,0,0,0,0
3.0,1.0,1.0,,You are logged in as a TRADER,,63,2026-02-01 03:48:55.906475,ELEC-day2,0.0,0.0,0.0,,,0,0,0,0
2.0,1.0,1.0,,FINES,"The fine for open positions of ELEC-dayX at the end of the day is $20,000/contract.",63,2026-02-01 03:48:55.906475,ELEC-day3,0.0,0.0,0.0,,,0,0,0,0
1.0,1.0,1.0,,Welcome to the RITC2026 GBE Energy Electricity Trading Case - practice server,,63,2026-02-01 03:48:55.906475,ELEC-day4,0.0,0.0,0.0,,,0,0,0,0
,,,,,,63,2026-02-01 03:48:55.906475,ELEC-day5,0.0,0.0,0.0,,,0,0,0,0
,,,,,,63,2026-02-01 03:48:55.906475,ELEC-day6,0.0,0.0,0.0,,,0,0,0,0
,,,,,,63,2026-02-01 03:48:55.906475,ELEC-F,0.0,0.0,0.0,,,0,0,0,0
4.0,1.0,39.0,,FACTORY TENDER REPORT,There is increased speculation of small sized factory tenders to BUY electricity from the local market.,64,2026-02-01 03:48:56.936557,NG,2.21,2.19,2.23,800000.0,800000.0,0,0,0,0
3.0,1.0,1.0,,You are logged in as a TRADER,,64,2026-02-01 03:48:56.936557,ELEC-day2,0.0,0.0,0.0,,,0,0,0,0
2.0,1.0,1.0,,FINES,"The fine for open positions of ELEC-dayX at the end of the day is $20,000/contract.",64,2026-02-01 03:48:56.936557,ELEC-day3,0.0,0.0,0.0,,,0,0,0,0
1.0,1.0,1.0,,Welcome to the RITC2026 GBE Energy Electricity Trading Case - practice server,,64,2026-02-01 03:48:56.936557,ELEC-day4,0.0,0.0,0.0,,,0,0,0,0
,,,,,,64,2026-02-01 03:48:56.936557,ELEC-day5,0.0,0.0,0.0,,,0,0,0,0
,,,,,,64,2026-02-01 03:48:56.936557,ELEC-day6,0.0,0.0,0.0,,,0,0,0,0
,,,,,,64,2026-02-01 03:48:56.936557,ELEC-F,0.0,0.0,0.0,,,0,0,0,0
4.0,1.0,39.0,,FACTORY TENDER REPORT,There is increased speculation of small sized factory tenders to BUY electricity from the local market.,65,2026-02-01 03:48:57.982962,NG,2.22,2.2,2.24,800000.0,800000.0,0,0,0,0
3.0,1.0,1.0,,You are logged in as a TRADER,,65,2026-02-01 03:48:57.982962,ELEC-day2,0.0,0.0,0.0,,,0,0,0,0
2.0,1.0,1.0,,FINES,"The fine for open positions of ELEC-dayX at the end of the day is $20,000/contract.",65,2026-02-01 03:48:57.982962,ELEC-day3,0.0,0.0,0.0,,,0,0,0,0
1.0,1.0,1.0,,Welcome to the RITC2026 GBE Energy Electricity Trading Case - practice server,,65,2026-02-01 03:48:57.982962,ELEC-day4,0.0,0.0,0.0,,,0,0,0,0
,,,,,,65,2026-02-01 03:48:57.982962,ELEC-day5,0.0,0.0,0.0,,,0,0,0,0
,,,,,,65,2026-02-01 03:48:57.982962,ELEC-day6,0.0,0.0,0.0,,,0,0,0,0
,,,,,,65,2026-02-01 03:48:57.982962,ELEC-F,0.0,0.0,0.0,,,0,0,0,0
4.0,1.0,39.0,,FACTORY TENDER REPORT,There is increased speculation of small sized factory tenders to BUY electricity from the local market.,67,2026-02-01 03:48:59.061329,NG,2.21,2.19,2.23,800000.0,800000.0,0,0,0,0
3.0,1.0,1.0,,You are logged in as a TRADER,,67,2026-02-01 03:48:59.061329,ELEC-day2,0.0,0.0,0.0,,,0,0,0,0
2.0,1.0,1.0,,FINES,"The fine for open positions of ELEC-dayX at the end of the day is $20,000/contract.",67,2026-02-01 03:48:59.061329,ELEC-day3,0.0,0.0,0.0,,,0,0,0,0
1.0,1.0,1.0,,Welcome to the RITC2026 GBE Energy Electricity Trading Case - practice server,,67,2026-02-01 03:48:59.061329,ELEC-day4,0.0,0.0,0.0,,,0,0,0,0
,,,,,,67,2026-02-01 03:48:59.061329,ELEC-day5,0.0,0.0,0.0,,,0,0,0,0
,,,,,,67,2026-02-01 03:48:59.061329,ELEC-day6,0.0,0.0,0.0,,,0,0,0,0
,,,,,,67,2026-02-01 03:48:59.061329,ELEC-F,0.0,0.0,0.0,,,0,0,0,0
4.0,1.0,39.0,,FACTORY TENDER REPORT,There is increased speculation of small sized factory tenders to BUY electricity from the local market.,68,2026-02-01 03:49:00.211767,NG,2.21,2.19,2.23,800000.0,800000.0,0,0,0,0
3.0,1.0,1.0,,You are logged in as a TRADER,,68,2026-02-01 03:49:00.211767,ELEC-day2,0.0,0.0,0.0,,,0,0,0,0
2.0,1.0,1.0,,FINES,"The fine for open positions of ELEC-dayX at the end of the day is $20,000/contract.",68,2026-02-01 03:49:00.211767,ELEC-day3,0.0,0.0,0.0,,,0,0,0,0
1.0,1.0,1.0,,Welcome to the RITC2026 GBE Energy Electricity Trading Case - practice server,,68,2026-02-01 03:49:00.211767,ELEC-day4,0.0,0.0,0.0,,,0,0,0,0
,,,,,,68,2026-02-01 03:49:00.211767,ELEC-day5,0.0,0.0,0.0,,,0,0,0,0
,,,,,,68,2026-02-01 03:49:00.211767,ELEC-day6,0.0,0.0,0.0,,,0,0,0,0
,,,,,,68,2026-02-01 03:49:00.211767,ELEC-F,0.0,0.0,0.0,,,0,0,0,0
4.0,1.0,39.0,,FACTORY TENDER REPORT,There is increased speculation of small sized factory tenders to BUY electricity from the local market.,69,2026-02-01 03:49:01.241205,NG,2.2,2.18,2.22,800000.0,800000.0,0,0,0,0
3.0,1.0,1.0,,You are logged in as a TRADER,,69,2026-02-01 03:49:01.241205,ELEC-day2,0.0,0.0,0.0,,,0,0,0,0
2.0,1.0,1.0,,FINES,"The fine for open positions of ELEC-dayX at the end of the day is $20,000/contract.",69,2026-02-01 03:49:01.241205,ELEC-day3,0.0,0.0,0.0,,,0,0,0,0
1.0,1.0,1.0,,Welcome to the RITC2026 GBE Energy Electricity Trading Case - practice server,,69,2026-02-01 03:49:01.241205,ELEC-day4,0.0,0.0,0.0,,,0,0,0,0
,,,,,,69,2026-02-01 03:49:01.241205,ELEC-day5,0.0,0.0,0.0,,,0,0,0,0
,,,,,,69,2026-02-01 03:49:01.241205,ELEC-day6,0.0,0.0,0.0,,,0,0,0,0
,,,,,,69,2026-02-01 03:49:01.241205,ELEC-F,0.0,0.0,0.0,,,0,0,0,0
4.0,1.0,39.0,,FACTORY TENDER REPORT,There is increased speculation of small sized factory tenders to BUY electricity from the local market.,70,2026-02-01 03:49:02.275517,NG,2.2,2.18,2.22,800000.0,800000.0,0,0,0,0
3.0,1.0,1.0,,You are logged in as a TRADER,,70,2026-02-01 03:49:02.275517,ELEC-day2,0.0,0.0,0.0,,,0,0,0,0
2.0,1.0,1.0,,FINES,"The fine for open positions of ELEC-dayX at the end of the day is $20,000/contract.",70,2026-02-01 03:49:02.275517,ELEC-day3,0.0,0.0,0.0,,,0,0,0,0
1.0,1.0,1.0,,Welcome to the RITC2026 GBE Energy Electricity Trading Case - practice server,,70,2026-02-01 03:49:02.275517,ELEC-day4,0.0,0.0,0.0,,,0,0,0,0
,,,,,,70,2026-02-01 03:49:02.275517,ELEC-day5,0.0,0.0,0.0,,,0,0,0,0
,,,,,,70,2026-02-01 03:49:02.275517,ELEC-day6,0.0,0.0,0.0,,,0,0,0,0
,,,,,,70,2026-02-01 03:49:02.275517,ELEC-F,0.0,0.0,0.0,,,0,0,0,0
4.0,1.0,39.0,,FACTORY TENDER REPORT,There is increased speculation of small sized factory tenders to BUY electricity from the local market.,71,2026-02-01 03:49:03.311642,NG,2.2,2.18,2.22,800000.0,800000.0,0,0,0,0
3.0,1.0,1.0,,You are logged in as a TRADER,,71,2026-02-01 03:49:03.311642,ELEC-day2,0.0,0.0,0.0,,,0,0,0,0
2.0,1.0,1.0,,FINES,"The fine for open positions of ELEC-dayX at the end of the day is $20,000/contract.",71,2026-02-01 03:49:03.311642,ELEC-day3,0.0,0.0,0.0,,,0,0,0,0
1.0,1.0,1.0,,Welcome to the RITC2026 GBE Energy Electricity Trading Case - practice server,,71,2026-02-01 03:49:03.311642,ELEC-day4,0.0,0.0,0.0,,,0,0,0,0
,,,,,,71,2026-02-01 03:49:03.311642,ELEC-day5,0.0,0.0,0.0,,,0,0,0,0
,,,,,,71,2026-02-01 03:49:03.311642,ELEC-day6,0.0,0.0,0.0,,,0,0,0,0
,,,,,,71,2026-02-01 03:49:03.311642,ELEC-F,0.0,0.0,0.0,,,0,0,0,0
4.0,1.0,39.0,,FACTORY TENDER REPORT,There is increased speculation of small sized factory tenders to BUY electricity from the local market.,72,2026-02-01 03:49:04.344149,NG,2.2,2.18,2.22,800000.0,800000.0,0,0,0,0
3.0,1.0,1.0,,You are logged in as a TRADER,,72,2026-02-01 03:49:04.344149,ELEC-day2,0.0,0.0,0.0,,,0,0,0,0
2.0,1.0,1.0,,FINES,"The fine for open positions of ELEC-dayX at the end of the day is $20,000/contract.",72,2026-02-01 03:49:04.344149,ELEC-day3,0.0,0.0,0.0,,,0,0,0,0
1.0,1.0,1.0,,Welcome to the RITC2026 GBE Energy Electricity Trading Case - practice server,,72,2026-02-01 03:49:04.344149,ELEC-day4,0.0,0.0,0.0,,,0,0,0,0
,,,,,,72,2026-02-01 03:49:04.344149,ELEC-day5,0.0,0.0,0.0,,,0,0,0,0
,,,,,,72,2026-02-01 03:49:04.344149,ELEC-day6,0.0,0.0,0.0,,,0,0,0,0
,,,,,,72,2026-02-01 03:49:04.344149,ELEC-F,0.0,0.0,0.0,,,0,0,0,0
4.0,1.0,39.0,,FACTORY TENDER REPORT,There is increased speculation of small sized factory tenders to BUY electricity from the local market.,73,2026-02-01 03:49:05.376904,NG,2.2,2.18,2.22,800000.0,800000.0,0,0,0,0
3.0,1.0,1.0,,You are logged in as a TRADER,,73,2026-02-01 03:49:05.376904,ELEC-day2,0.0,0.0,0.0,,,0,0,0,0
2.0,1.0,1.0,,FINES,"The fine for open positions of ELEC-dayX at the end of the day is $20,000/contract.",73,2026-02-01 03:49:05.376904,ELEC-day3,0.0,0.0,0.0,,,0,0,0,0
1.0,1.0,1.0,,Welcome to the RITC2026 GBE Energy Electricity Trading Case - practice server,,73,2026-02-01 03:49:05.376904,ELEC-day4,0.0,0.0,0.0,,,0,0,0,0
,,,,,,73,2026-02-01 03:49:05.376904,ELEC-day5,0.0,0.0,0.0,,,0,0,0,0
,,,,,,73,2026-02-01 03:49:05.376904,ELEC-day6,0.0,0.0,0.0,,,0,0,0,0
,,,,,,73,2026-02-01 03:49:05.376904,ELEC-F,0.0,0.0,0.0,,,0,0,0,0
4.0,1.0,39.0,,FACTORY TENDER REPORT,There is increased speculation of small sized factory tenders to BUY electricity from the local market.,74,2026-02-01 03:49:06.411152,NG,2.2,2.18,2.22,800000.0,800000.0,0,0,0,0
3.0,1.0,1.0,,You are logged in as a TRADER,,74,2026-02-01 03:49:06.411152,ELEC-day2,0.0,0.0,0.0,,,0,0,0,0
2.0,1.0,1.0,,FINES,"The fine for open positions of ELEC-dayX at the end of the day is $20,000/contract.",74,2026-02-01 03:49:06.411152,ELEC-day3,0.0,0.0,0.0,,,0,0,0,0
1.0,1.0,1.0,,Welcome to the RITC2026 GBE Energy Electricity Trading Case - practice server,,74,2026-02-01 03:49:06.411152,ELEC-day4,0.0,0.0,0.0,,,0,0,0,0
,,,,,,74,2026-02-01 03:49:06.411152,ELEC-day5,0.0,0.0,0.0,,,0,0,0,0
,,,,,,74,2026-02-01 03:49:06.411152,ELEC-day6,0.0,0.0,0.0,,,0,0,0,0
,,,,,,74,2026-02-01 03:49:06.411152,ELEC-F,0.0,0.0,0.0,,,0,0,0,0
4.0,1.0,39.0,,FACTORY TENDER REPORT,There is increased speculation of small sized factory tenders to BUY electricity from the local market.,75,2026-02-01 03:49:07.451049,NG,2.21,2.19,2.23,800000.0,800000.0,0,0,0,0
3.0,1.0,1.0,,You are logged in as a TRADER,,75,2026-02-01 03:49:07.451049,ELEC-day2,0.0,0.0,0.0,,,0,0,0,0
2.0,1.0,1.0,,FINES,"The fine for open positions of ELEC-dayX at the end of the day is $20,000/contract.",75,2026-02-01 03:49:07.451049,ELEC-day3,0.0,0.0,0.0,,,0,0,0,0
1.0,1.0,1.0,,Welcome to the RITC2026 GBE Energy Electricity Trading Case - practice server,,75,2026-02-01 03:49:07.451049,ELEC-day4,0.0,0.0,0.0,,,0,0,0,0
,,,,,,75,2026-02-01 03:49:07.451049,ELEC-day5,0.0,0.0,0.0,,,0,0,0,0
,,,,,,75,2026-02-01 03:49:07.451049,ELEC-day6,0.0,0.0,0.0,,,0,0,0,0
,,,,,,75,2026-02-01 03:49:07.451049,ELEC-F,0.0,0.0,0.0,,,0,0,0,0
4.0,1.0,39.0,,FACTORY TENDER REPORT,There is increased speculation of small sized factory tenders to BUY electricity from the local market.,76,2026-02-01 03:49:08.481273,NG,2.21,2.19,2.23,800000.0,800000.0,0,0,0,0
3.0,1.0,1.0,,You are logged in as a TRADER,,76,2026-02-01 03:49:08.481273,ELEC-day2,0.0,0.0,0.0,,,0,0,0,0
2.0,1.0,1.0,,FINES,"The fine for open positions of ELEC-dayX at the end of the day is $20,000/contract.",76,2026-02-01 03:49:08.481273,ELEC-day3,0.0,0.0,0.0,,,0,0,0,0
1.0,1.0,1.0,,Welcome to the RITC2026 GBE Energy Electricity Trading Case - practice server,,76,2026-02-01 03:49:08.481273,ELEC-day4,0.0,0.0,0.0,,,0,0,0,0
,,,,,,76,2026-02-01 03:49:08.481273,ELEC-day5,0.0,0.0,0.0,,,0,0,0,0
,,,,,,76,2026-02-01 03:49:08.481273,ELEC-day6,0.0,0.0,0.0,,,0,0,0,0
,,,,,,76,2026-02-01 03:49:08.481273,ELEC-F,0.0,0.0,0.0,,,0,0,0,0
4.0,1.0,39.0,,FACTORY TENDER REPORT,There is increased speculation of small sized factory tenders to BUY electricity from the local market.,77,2026-02-01 03:49:09.513523,NG,2.2,2.18,2.22,800000.0,800000.0,0,0,0,0
3.0,1.0,1.0,,You are logged in as a TRADER,,77,2026-02-01 03:49:09.513523,ELEC-day2,0.0,0.0,0.0,,,0,0,0,0
2.0,1.0,1.0,,FINES,"The fine for open positions of ELEC-dayX at the end of the day is $20,000/contract.",77,2026-02-01 03:49:09.513523,ELEC-day3,0.0,0.0,0.0,,,0,0,0,0
1.0,1.0,1.0,,Welcome to the RITC2026 GBE Energy Electricity Trading Case - practice server,,77,2026-02-01 03:49:09.513523,ELEC-day4,0.0,0.0,0.0,,,0,0,0,0
,,,,,,77,2026-02-01 03:49:09.513523,ELEC-day5,0.0,0.0,0.0,,,0,0,0,0
,,,,,,77,2026-02-01 03:49:09.513523,ELEC-day6,0.0,0.0,0.0,,,0,0,0,0
,,,,,,77,2026-02-01 03:49:09.513523,ELEC-F,0.0,0.0,0.0,,,0,0,0,0
4.0,1.0,39.0,,FACTORY TENDER REPORT,There is increased speculation of small sized factory tenders to BUY electricity from the local market.,78,2026-02-01 03:49:10.544920,NG,2.21,2.19,2.23,800000.0,800000.0,0,0,0,0
3.0,1.0,1.0,,You are logged in as a TRADER,,78,2026-02-01 03:49:10.544920,ELEC-day2,0.0,0.0,0.0,,,0,0,0,0
2.0,1.0,1.0,,FINES,"The fine for open positions of ELEC-dayX at the end of the day is $20,000/contract.",78,2026-02-01 03:49:10.544920,ELEC-day3,0.0,0.0,0.0,,,0,0,0,0
1.0,1.0,1.0,,Welcome to the RITC2026 GBE Energy Electricity Trading Case - practice server,,78,2026-02-01 03:49:10.544920,ELEC-day4,0.0,0.0,0.0,,,0,0,0,0
,,,,,,78,2026-02-01 03:49:10.544920,ELEC-day5,0.0,0.0,0.0,,,0,0,0,0
,,,,,,78,2026-02-01 03:49:10.544920,ELEC-day6,0.0,0.0,0.0,,,0,0,0,0
,,,,,,78,2026-02-01 03:49:10.544920,ELEC-F,0.0,0.0,0.0,,,0,0,0,0
4.0,1.0,39.0,,FACTORY TENDER REPORT,There is increased speculation of small sized factory tenders to BUY electricity from the local market.,79,2026-02-01 03:49:11.578204,NG,2.21,2.19,2.23,800000.0,800000.0,0,0,0,0
3.0,1.0,1.0,,You are logged in as a TRADER,,79,2026-02-01 03:49:11.578204,ELEC-day2,0.0,0.0,0.0,,,0,0,0,0
2.0,1.0,1.0,,FINES,"The fine for open positions of ELEC-dayX at the end of the day is $20,000/contract.",79,2026-02-01 03:49:11.578204,ELEC-day3,0.0,0.0,0.0,,,0,0,0,0
1.0,1.0,1.0,,Welcome to the RITC2026 GBE Energy Electricity Trading Case - practice server,,79,2026-02-01 03:49:11.578204,ELEC-day4,0.0,0.0,0.0,,,0,0,0,0
,,,,,,79,2026-02-01 03:49:11.578204,ELEC-day5,0.0,0.0,0.0,,,0,0,0,0
,,,,,,79,2026-02-01 03:49:11.578204,ELEC-day6,0.0,0.0,0.0,,,0,0,0,0
,,,,,,79,2026-02-01 03:49:11.578204,ELEC-F,0.0,0.0,0.0,,,0,0,0,0
4.0,1.0,39.0,,FACTORY TENDER REPORT,There is increased speculation of small sized factory tenders to BUY electricity from the local market.,80,2026-02-01 03:49:12.610059,NG,2.2,2.18,2.22,800000.0,800000.0,0,0,0,0
3.0,1.0,1.0,,You are logged in as a TRADER,,80,2026-02-01 03:49:12.610059,ELEC-day2,0.0,0.0,0.0,,,0,0,0,0
2.0,1.0,1.0,,FINES,"The fine for open positions of ELEC-dayX at the end of the day is $20,000/contract.",80,2026-02-01 03:49:12.610059,ELEC-day3,0.0,0.0,0.0,,,0,0,0,0
1.0,1.0,1.0,,Welcome to the RITC2026 GBE Energy Electricity Trading Case - practice server,,80,2026-02-01 03:49:12.610059,ELEC-day4,0.0,0.0,0.0,,,0,0,0,0
,,,,,,80,2026-02-01 03:49:12.610059,ELEC-day5,0.0,0.0,0.0,,,0,0,0,0
,,,,,,80,2026-02-01 03:49:12.610059,ELEC-day6,0.0,0.0,0.0,,,0,0,0,0
,,,,,,80,2026-02-01 03:49:12.610059,ELEC-F,0.0,0.0,0.0,,,0,0,0,0
4.0,1.0,39.0,,FACTORY TENDER REPORT,There is increased speculation of small sized factory tenders to BUY electricity from the local market.,81,2026-02-01 03:49:13.645914,NG,2.2,2.18,2.22,800000.0,800000.0,0,0,0,0
3.0,1.0,1.0,,You are logged in as a TRADER,,81,2026-02-01 03:49:13.645914,ELEC-day2,0.0,0.0,0.0,,,0,0,0,0
2.0,1.0,1.0,,FINES,"The fine for open positions of ELEC-dayX at the end of the day is $20,000/contract.",81,2026-02-01 03:49:13.645914,ELEC-day3,0.0,0.0,0.0,,,0,0,0,0
1.0,1.0,1.0,,Welcome to the RITC2026 GBE Energy Electricity Trading Case - practice server,,81,2026-02-01 03:49:13.645914,ELEC-day4,0.0,0.0,0.0,,,0,0,0,0
,,,,,,81,2026-02-01 03:49:13.645914,ELEC-day5,0.0,0.0,0.0,,,0,0,0,0
,,,,,,81,2026-02-01 03:49:13.645914,ELEC-day6,0.0,0.0,0.0,,,0,0,0,0
,,,,,,81,2026-02-01 03:49:13.645914,ELEC-F,0.0,0.0,0.0,,,0,0,0,0
4.0,1.0,39.0,,FACTORY TENDER REPORT,There is increased speculation of small sized factory tenders to BUY electricity from the local market.,82,2026-02-01 03:49:14.669909,NG,2.2,2.18,2.22,800000.0,800000.0,0,0,0,0
3.0,1.0,1.0,,You are logged in as a TRADER,,82,2026-02-01 03:49:14.669909,ELEC-day2,0.0,0.0,0.0,,,0,0,0,0
2.0,1.0,1.0,,FINES,"The fine for open positions of ELEC-dayX at the end of the day is $20,000/contract.",82,2026-02-01 03:49:14.669909,ELEC-day3,0.0,0.0,0.0,,,0,0,0,0
1.0,1.0,1.0,,Welcome to the RITC2026 GBE Energy Electricity Trading Case - practice server,,82,2026-02-01 03:49:14.669909,ELEC-day4,0.0,0.0,0.0,,,0,0,0,0
,,,,,,82,2026-02-01 03:49:14.669909,ELEC-day5,0.0,0.0,0.0,,,0,0,0,0
,,,,,,82,2026-02-01 03:49:14.669909,ELEC-day6,0.0,0.0,0.0,,,0,0,0,0
,,,,,,82,2026-02-01 03:49:14.669909,ELEC-F,0.0,0.0,0.0,,,0,0,0,0
4.0,1.0,39.0,,FACTORY TENDER REPORT,There is increased speculation of small sized factory tenders to BUY electricity from the local market.,83,2026-02-01 03:49:15.706283,NG,2.2,2.18,2.22,800000.0,800000.0,0,0,0,0
3.0,1.0,1.0,,You are logged in as a TRADER,,83,2026-02-01 03:49:15.706283,ELEC-day2,0.0,0.0,0.0,,,0,0,0,0
2.0,1.0,1.0,,FINES,"The fine for open positions of ELEC-dayX at the end of the day is $20,000/contract.",83,2026-02-01 03:49:15.706283,ELEC-day3,0.0,0.0,0.0,,,0,0,0,0
1.0,1.0,1.0,,Welcome to the RITC2026 GBE Energy Electricity Trading Case - practice server,,83,2026-02-01 03:49:15.706283,ELEC-day4,0.0,0.0,0.0,,,0,0,0,0
,,,,,,83,2026-02-01 03:49:15.706283,ELEC-day5,0.0,0.0,0.0,,,0,0,0,0
,,,,,,83,2026-02-01 03:49:15.706283,ELEC-day6,0.0,0.0,0.0,,,0,0,0,0
,,,,,,83,2026-02-01 03:49:15.706283,ELEC-F,0.0,0.0,0.0,,,0,0,0,0
4.0,1.0,39.0,,FACTORY TENDER REPORT,There is increased speculation of small sized factory tenders to BUY electricity from the local market.,84,2026-02-01 03:49:16.732241,NG,2.2,2.18,2.22,800000.0,800000.0,0,0,0,0
3.0,1.0,1.0,,You are logged in as a TRADER,,84,2026-02-01 03:49:16.732241,ELEC-day2,0.0,0.0,0.0,,,0,0,0,0
2.0,1.0,1.0,,FINES,"The fine for open positions of ELEC-dayX at the end of the day is $20,000/contract.",84,2026-02-01 03:49:16.732241,ELEC-day3,0.0,0.0,0.0,,,0,0,0,0
1.0,1.0,1.0,,Welcome to the RITC2026 GBE Energy Electricity Trading Case - practice server,,84,2026-02-01 03:49:16.732241,ELEC-day4,0.0,0.0,0.0,,,0,0,0,0
,,,,,,84,2026-02-01 03:49:16.732241,ELEC-day5,0.0,0.0,0.0,,,0,0,0,0
,,,,,,84,2026-02-01 03:49:16.732241,ELEC-day6,0.0,0.0,0.0,,,0,0,0,0
,,,,,,84,2026-02-01 03:49:16.732241,ELEC-F,0.0,0.0,0.0,,,0,0,0,0
4.0,1.0,39.0,,FACTORY TENDER REPORT,There is increased speculation of small sized factory tenders to BUY electricity from the local market.,85,2026-02-01 03:49:17.765758,NG,2.21,2.19,2.23,800000.0,800000.0,0,0,0,0
3.0,1.0,1.0,,You are logged in as a TRADER,,85,2026-02-01 03:49:17.765758,ELEC-day2,0.0,0.0,0.0,,,0,0,0,0
2.0,1.0,1.0,,FINES,"The fine for open positions of ELEC-dayX at the end of the day is $20,000/contract.",85,2026-02-01 03:49:17.765758,ELEC-day3,0.0,0.0,0.0,,,0,0,0,0
1.0,1.0,1.0,,Welcome to the RITC2026 GBE Energy Electricity Trading Case - practice server,,85,2026-02-01 03:49:17.765758,ELEC-day4,0.0,0.0,0.0,,,0,0,0,0
,,,,,,85,2026-02-01 03:49:17.765758,ELEC-day5,0.0,0.0,0.0,,,0,0,0,0
,,,,,,85,2026-02-01 03:49:17.765758,ELEC-day6,0.0,0.0,0.0,,,0,0,0,0
,,,,,,85,2026-02-01 03:49:17.765758,ELEC-F,0.0,0.0,0.0,,,0,0,0,0
4.0,1.0,39.0,,FACTORY TENDER REPORT,There is increased speculation of small sized factory tenders to BUY electricity from the local market.,86,2026-02-01 03:49:18.795334,NG,2.22,2.2,2.24,800000.0,800000.0,0,0,0,0
3.0,1.0,1.0,,You are logged in as a TRADER,,86,2026-02-01 03:49:18.795334,ELEC-day2,0.0,0.0,0.0,,,0,0,0,0
2.0,1.0,1.0,,FINES,"The fine for open positions of ELEC-dayX at the end of the day is $20,000/contract.",86,2026-02-01 03:49:18.795334,ELEC-day3,0.0,0.0,0.0,,,0,0,0,0
1.0,1.0,1.0,,Welcome to the RITC2026 GBE Energy Electricity Trading Case - practice server,,86,2026-02-01 03:49:18.795334,ELEC-day4,0.0,0.0,0.0,,,0,0,0,0
,,,,,,86,2026-02-01 03:49:18.795334,ELEC-day5,0.0,0.0,0.0,,,0,0,0,0
,,,,,,86,2026-02-01 03:49:18.795334,ELEC-day6,0.0,0.0,0.0,,,0,0,0,0
,,,,,,86,2026-02-01 03:49:18.795334,ELEC-F,0.0,0.0,0.0,,,0,0,0,0
4.0,1.0,39.0,,FACTORY TENDER REPORT,There is increased speculation of small sized factory tenders to BUY electricity from the local market.,87,2026-02-01 03:49:19.826277,NG,2.24,2.22,2.26,800000.0,800000.0,0,0,0,0
3.0,1.0,1.0,,You are logged in as a TRADER,,87,2026-02-01 03:49:19.826277,ELEC-day2,0.0,0.0,0.0,,,0,0,0,0
2.0,1.0,1.0,,FINES,"The fine for open positions of ELEC-dayX at the end of the day is $20,000/contract.",87,2026-02-01 03:49:19.826277,ELEC-day3,0.0,0.0,0.0,,,0,0,0,0
1.0,1.0,1.0,,Welcome to the RITC2026 GBE Energy Electricity Trading Case - practice server,,87,2026-02-01 03:49:19.826277,ELEC-day4,0.0,0.0,0.0,,,0,0,0,0
,,,,,,87,2026-02-01 03:49:19.826277,ELEC-day5,0.0,0.0,0.0,,,0,0,0,0
,,,,,,87,2026-02-01 03:49:19.826277,ELEC-day6,0.0,0.0,0.0,,,0,0,0,0
,,,,,,87,2026-02-01 03:49:19.826277,ELEC-F,0.0,0.0,0.0,,,0,0,0,0
4.0,1.0,39.0,,FACTORY TENDER REPORT,There is increased speculation of small sized factory tenders to BUY electricity from the local market.,88,2026-02-01 03:49:20.858655,NG,2.24,2.22,2.26,800000.0,800000.0,0,0,0,0
3.0,1.0,1.0,,You are logged in as a TRADER,,88,2026-02-01 03:49:20.858655,ELEC-day2,0.0,0.0,0.0,,,0,0,0,0
2.0,1.0,1.0,,FINES,"The fine for open positions of ELEC-dayX at the end of the day is $20,000/contract.",88,2026-02-01 03:49:20.858655,ELEC-day3,0.0,0.0,0.0,,,0,0,0,0
1.0,1.0,1.0,,Welcome to the RITC2026 GBE Energy Electricity Trading Case - practice server,,88,2026-02-01 03:49:20.858655,ELEC-day4,0.0,0.0,0.0,,,0,0,0,0
,,,,,,88,2026-02-01 03:49:20.858655,ELEC-day5,0.0,0.0,0.0,,,0,0,0,0
,,,,,,88,2026-02-01 03:49:20.858655,ELEC-day6,0.0,0.0,0.0,,,0,0,0,0
,,,,,,88,2026-02-01 03:49:20.858655,ELEC-F,0.0,0.0,0.0,,,0,0,0,0
4.0,1.0,39.0,,FACTORY TENDER REPORT,There is increased speculation of small sized factory tenders to BUY electricity from the local market.,89,2026-02-01 03:49:21.887474,NG,2.24,2.22,2.26,800000.0,800000.0,0,0,0,0
3.0,1.0,1.0,,You are logged in as a TRADER,,89,2026-02-01 03:49:21.887474,ELEC-day2,0.0,0.0,0.0,,,0,0,0,0
2.0,1.0,1.0,,FINES,"The fine for open positions of ELEC-dayX at the end of the day is $20,000/contract.",89,2026-02-01 03:49:21.887474,ELEC-day3,0.0,0.0,0.0,,,0,0,0,0
1.0,1.0,1.0,,Welcome to the RITC2026 GBE Energy Electricity Trading Case - practice server,,89,2026-02-01 03:49:21.887474,ELEC-day4,0.0,0.0,0.0,,,0,0,0,0
,,,,,,89,2026-02-01 03:49:21.887474,ELEC-day5,0.0,0.0,0.0,,,0,0,0,0
,,,,,,89,2026-02-01 03:49:21.887474,ELEC-day6,0.0,0.0,0.0,,,0,0,0,0
,,,,,,89,2026-02-01 03:49:21.887474,ELEC-F,0.0,0.0,0.0,,,0,0,0,0
4.0,1.0,39.0,,FACTORY TENDER REPORT,There is increased speculation of small sized factory tenders to BUY electricity from the local market.,90,2026-02-01 03:49:22.920513,NG,2.24,2.22,2.26,800000.0,800000.0,0,0,0,0
3.0,1.0,1.0,,You are logged in as a TRADER,,90,2026-02-01 03:49:22.920513,ELEC-day2,0.0,0.0,0.0,,,0,0,0,0
2.0,1.0,1.0,,FINES,"The fine for open positions of ELEC-dayX at the end of the day is $20,000/contract.",90,2026-02-01 03:49:22.920513,ELEC-day3,0.0,0.0,0.0,,,0,0,0,0
1.0,1.0,1.0,,Welcome to the RITC2026 GBE Energy Electricity Trading Case - practice server,,90,2026-02-01 03:49:22.920513,ELEC-day4,0.0,0.0,0.0,,,0,0,0,0
,,,,,,90,2026-02-01 03:49:22.920513,ELEC-day5,0.0,0.0,0.0,,,0,0,0,0
,,,,,,90,2026-02-01 03:49:22.920513,ELEC-day6,0.0,0.0,0.0,,,0,0,0,0
,,,,,,90,2026-02-01 03:49:22.920513,ELEC-F,0.0,0.0,0.0,,,0,0,0,0
4.0,1.0,39.0,,FACTORY TENDER REPORT,There is increased speculation of small sized factory tenders to BUY electricity from the local market.,91,2026-02-01 03:49:23.950661,NG,2.24,2.22,2.26,800000.0,800000.0,0,0,0,0
3.0,1.0,1.0,,You are logged in as a TRADER,,91,2026-02-01 03:49:23.950661,ELEC-day2,0.0,0.0,0.0,,,0,0,0,0
2.0,1.0,1.0,,FINES,"The fine for open positions of ELEC-dayX at the end of the day is $20,000/contract.",91,2026-02-01 03:49:23.950661,ELEC-day3,0.0,0.0,0.0,,,0,0,0,0
1.0,1.0,1.0,,Welcome to the RITC2026 GBE Energy Electricity Trading Case - practice server,,91,2026-02-01 03:49:23.950661,ELEC-day4,0.0,0.0,0.0,,,0,0,0,0
,,,,,,91,2026-02-01 03:49:23.950661,ELEC-day5,0.0,0.0,0.0,,,0,0,0,0
,,,,,,91,2026-02-01 03:49:23.950661,ELEC-day6,0.0,0.0,0.0,,,0,0,0,0
,,,,,,91,2026-02-01 03:49:23.950661,ELEC-F,0.0,0.0,0.0,,,0,0,0,0
4.0,1.0,39.0,,FACTORY TENDER REPORT,There is increased speculation of small sized factory tenders to BUY electricity from the local market.,92,2026-02-01 03:49:24.975040,NG,2.24,2.22,2.26,800000.0,800000.0,0,0,0,0
3.0,1.0,1.0,,You are logged in as a TRADER,,92,2026-02-01 03:49:24.975040,ELEC-day2,0.0,0.0,0.0,,,0,0,0,0
2.0,1.0,1.0,,FINES,"The fine for open positions of ELEC-dayX at the end of the day is $20,000/contract.",92,2026-02-01 03:49:24.975040,ELEC-day3,0.0,0.0,0.0,,,0,0,0,0
1.0,1.0,1.0,,Welcome to the RITC2026 GBE Energy Electricity Trading Case - practice server,,92,2026-02-01 03:49:24.975040,ELEC-day4,0.0,0.0,0.0,,,0,0,0,0
,,,,,,92,2026-02-01 03:49:24.975040,ELEC-day5,0.0,0.0,0.0,,,0,0,0,0
,,,,,,92,2026-02-01 03:49:24.975040,ELEC-day6,0.0,0.0,0.0,,,0,0,0,0
,,,,,,92,2026-02-01 03:49:24.975040,ELEC-F,0.0,0.0,0.0,,,0,0,0,0
4.0,1.0,39.0,,FACTORY TENDER REPORT,There is increased speculation of small sized factory tenders to BUY electricity from the local market.,93,2026-02-01 03:49:26.015009,NG,2.23,2.21,2.25,800000.0,800000.0,0,0,0,0
3.0,1.0,1.0,,You are logged in as a TRADER,,93,2026-02-01 03:49:26.015009,ELEC-day2,0.0,0.0,0.0,,,0,0,0,0
2.0,1.0,1.0,,FINES,"The fine for open positions of ELEC-dayX at the end of the day is $20,000/contract.",93,2026-02-01 03:49:26.015009,ELEC-day3,0.0,0.0,0.0,,,0,0,0,0
1.0,1.0,1.0,,Welcome to the RITC2026 GBE Energy Electricity Trading Case - practice server,,93,2026-02-01 03:49:26.015009,ELEC-day4,0.0,0.0,0.0,,,0,0,0,0
,,,,,,93,2026-02-01 03:49:26.015009,ELEC-day5,0.0,0.0,0.0,,,0,0,0,0
,,,,,,93,2026-02-01 03:49:26.015009,ELEC-day6,0.0,0.0,0.0,,,0,0,0,0
,,,,,,93,2026-02-01 03:49:26.015009,ELEC-F,0.0,0.0,0.0,,,0,0,0,0
4.0,1.0,39.0,,FACTORY TENDER REPORT,There is increased speculation of small sized factory tenders to BUY electricity from the local market.,94,2026-02-01 03:49:27.049925,NG,2.24,2.22,2.26,800000.0,800000.0,0,0,0,0
3.0,1.0,1.0,,You are logged in as a TRADER,,94,2026-02-01 03:49:27.049925,ELEC-day2,0.0,0.0,0.0,,,0,0,0,0
2.0,1.0,1.0,,FINES,"The fine for open positions of ELEC-dayX at the end of the day is $20,000/contract.",94,2026-02-01 03:49:27.049925,ELEC-day3,0.0,0.0,0.0,,,0,0,0,0
1.0,1.0,1.0,,Welcome to the RITC2026 GBE Energy Electricity Trading Case - practice server,,94,2026-02-01 03:49:27.049925,ELEC-day4,0.0,0.0,0.0,,,0,0,0,0
,,,,,,94,2026-02-01 03:49:27.049925,ELEC-day5,0.0,0.0,0.0,,,0,0,0,0
,,,,,,94,2026-02-01 03:49:27.049925,ELEC-day6,0.0,0.0,0.0,,,0,0,0,0
,,,,,,94,2026-02-01 03:49:27.049925,ELEC-F,0.0,0.0,0.0,,,0,0,0,0
4.0,1.0,39.0,,FACTORY TENDER REPORT,There is increased speculation of small sized factory tenders to BUY electricity from the local market.,95,2026-02-01 03:49:28.113252,NG,2.24,2.22,2.26,800000.0,800000.0,0,0,0,0
3.0,1.0,1.0,,You are logged in as a TRADER,,95,2026-02-01 03:49:28.113252,ELEC-day2,0.0,0.0,0.0,,,0,0,0,0
2.0,1.0,1.0,,FINES,"The fine for open positions of ELEC-dayX at the end of the day is $20,000/contract.",95,2026-02-01 03:49:28.113252,ELEC-day3,0.0,0.0,0.0,,,0,0,0,0
1.0,1.0,1.0,,Welcome to the RITC2026 GBE Energy Electricity Trading Case - practice server,,95,2026-02-01 03:49:28.113252,ELEC-day4,0.0,0.0,0.0,,,0,0,0,0
,,,,,,95,2026-02-01 03:49:28.113252,ELEC-day5,0.0,0.0,0.0,,,0,0,0,0
,,,,,,95,2026-02-01 03:49:28.113252,ELEC-day6,0.0,0.0,0.0,,,0,0,0,0
,,,,,,95,2026-02-01 03:49:28.113252,ELEC-F,0.0,0.0,0.0,,,0,0,0,0
4.0,1.0,39.0,,FACTORY TENDER REPORT,There is increased speculation of small sized factory tenders to BUY electricity from the local market.,96,2026-02-01 03:49:29.145581,NG,2.24,2.22,2.26,800000.0,800000.0,0,0,0,0
3.0,1.0,1.0,,You are logged in as a TRADER,,96,2026-02-01 03:49:29.145581,ELEC-day2,0.0,0.0,0.0,,,0,0,0,0
2.0,1.0,1.0,,FINES,"The fine for open positions of ELEC-dayX at the end of the day is $20,000/contract.",96,2026-02-01 03:49:29.145581,ELEC-day3,0.0,0.0,0.0,,,0,0,0,0
1.0,1.0,1.0,,Welcome to the RITC2026 GBE Energy Electricity Trading Case - practice server,,96,2026-02-01 03:49:29.145581,ELEC-day4,0.0,0.0,0.0,,,0,0,0,0
,,,,,,96,2026-02-01 03:49:29.145581,ELEC-day5,0.0,0.0,0.0,,,0,0,0,0
,,,,,,96,2026-02-01 03:49:29.145581,ELEC-day6,0.0,0.0,0.0,,,0,0,0,0
,,,,,,96,2026-02-01 03:49:29.145581,ELEC-F,0.0,0.0,0.0,,,0,0,0,0
4.0,1.0,39.0,,FACTORY TENDER REPORT,There is increased speculation of small sized factory tenders to BUY electricity from the local market.,97,2026-02-01 03:49:30.168503,NG,2.24,2.22,2.26,800000.0,800000.0,0,0,0,0
3.0,1.0,1.0,,You are logged in as a TRADER,,97,2026-02-01 03:49:30.168503,ELEC-day2,0.0,0.0,0.0,,,0,0,0,0
2.0,1.0,1.0,,FINES,"The fine for open positions of ELEC-dayX at the end of the day is $20,000/contract.",97,2026-02-01 03:49:30.168503,ELEC-day3,0.0,0.0,0.0,,,0,0,0,0
1.0,1.0,1.0,,Welcome to the RITC2026 GBE Energy Electricity Trading Case - practice server,,97,2026-02-01 03:49:30.168503,ELEC-day4,0.0,0.0,0.0,,,0,0,0,0
,,,,,,97,2026-02-01 03:49:30.168503,ELEC-day5,0.0,0.0,0.0,,,0,0,0,0
,,,,,,97,2026-02-01 03:49:30.168503,ELEC-day6,0.0,0.0,0.0,,,0,0,0,0
,,,,,,97,2026-02-01 03:49:30.168503,ELEC-F,0.0,0.0,0.0,,,0,0,0,0
4.0,1.0,39.0,,FACTORY TENDER REPORT,There is increased speculation of small sized factory tenders to BUY electricity from the local market.,98,2026-02-01 03:49:31.192296,NG,2.25,2.23,2.27,800000.0,800000.0,0,0,0,0
3.0,1.0,1.0,,You are logged in as a TRADER,,98,2026-02-01 03:49:31.192296,ELEC-day2,0.0,0.0,0.0,,,0,0,0,0
2.0,1.0,1.0,,FINES,"The fine for open positions of ELEC-dayX at the end of the day is $20,000/contract.",98,2026-02-01 03:49:31.192296,ELEC-day3,0.0,0.0,0.0,,,0,0,0,0
1.0,1.0,1.0,,Welcome to the RITC2026 GBE Energy Electricity Trading Case - practice server,,98,2026-02-01 03:49:31.192296,ELEC-day4,0.0,0.0,0.0,,,0,0,0,0
,,,,,,98,2026-02-01 03:49:31.192296,ELEC-day5,0.0,0.0,0.0,,,0,0,0,0
,,,,,,98,2026-02-01 03:49:31.192296,ELEC-day6,0.0,0.0,0.0,,,0,0,0,0
,,,,,,98,2026-02-01 03:49:31.192296,ELEC-F,0.0,0.0,0.0,,,0,0,0,0
4.0,1.0,39.0,,FACTORY TENDER REPORT,There is increased speculation of small sized factory tenders to BUY electricity from the local market.,99,2026-02-01 03:49:32.264435,NG,2.25,2.23,2.27,800000.0,800000.0,0,0,0,0
3.0,1.0,1.0,,You are logged in as a TRADER,,99,2026-02-01 03:49:32.264435,ELEC-day2,0.0,0.0,0.0,,,0,0,0,0
2.0,1.0,1.0,,FINES,"The fine for open positions of ELEC-dayX at the end of the day is $20,000/contract.",99,2026-02-01 03:49:32.264435,ELEC-day3,0.0,0.0,0.0,,,0,0,0,0
1.0,1.0,1.0,,Welcome to the RITC2026 GBE Energy Electricity Trading Case - practice server,,99,2026-02-01 03:49:32.264435,ELEC-day4,0.0,0.0,0.0,,,0,0,0,0
,,,,,,99,2026-02-01 03:49:32.264435,ELEC-day5,0.0,0.0,0.0,,,0,0,0,0
,,,,,,99,2026-02-01 03:49:32.264435,ELEC-day6,0.0,0.0,0.0,,,0,0,0,0
,,,,,,99,2026-02-01 03:49:32.264435,ELEC-F,0.0,0.0,0.0,,,0,0,0,0
4.0,1.0,39.0,,FACTORY TENDER REPORT,There is increased speculation of small sized factory tenders to BUY electricity from the local market.,101,2026-02-01 03:49:33.417363,NG,2.26,2.24,2.28,800000.0,800000.0,0,0,0,0
3.0,1.0,1.0,,You are logged in as a TRADER,,101,2026-02-01 03:49:33.417363,ELEC-day2,0.0,0.0,0.0,,,0,0,0,0
2.0,1.0,1.0,,FINES,"The fine for open positions of ELEC-dayX at the end of the day is $20,000/contract.",101,2026-02-01 03:49:33.417363,ELEC-day3,0.0,0.0,0.0,,,0,0,0,0
1.0,1.0,1.0,,Welcome to the RITC2026 GBE Energy Electricity Trading Case - practice server,,101,2026-02-01 03:49:33.417363,ELEC-day4,0.0,0.0,0.0,,,0,0,0,0
,,,,,,101,2026-02-01 03:49:33.417363,ELEC-day5,0.0,0.0,0.0,,,0,0,0,0
,,,,,,101,2026-02-01 03:49:33.417363,ELEC-day6,0.0,0.0,0.0,,,0,0,0,0
,,,,,,101,2026-02-01 03:49:33.417363,ELEC-F,0.0,0.0,0.0,,,0,0,0,0
4.0,1.0,39.0,,FACTORY TENDER REPORT,There is increased speculation of small sized factory tenders to BUY electricity from the local market.,102,2026-02-01 03:49:34.451103,NG,2.25,2.23,2.27,800000.0,800000.0,0,0,0,0
3.0,1.0,1.0,,You are logged in as a TRADER,,102,2026-02-01 03:49:34.451103,ELEC-day2,0.0,0.0,0.0,,,0,0,0,0
2.0,1.0,1.0,,FINES,"The fine for open positions of ELEC-dayX at the end of the day is $20,000/contract.",102,2026-02-01 03:49:34.451103,ELEC-day3,0.0,0.0,0.0,,,0,0,0,0
1.0,1.0,1.0,,Welcome to the RITC2026 GBE Energy Electricity Trading Case - practice server,,102,2026-02-01 03:49:34.451103,ELEC-day4,0.0,0.0,0.0,,,0,0,0,0
,,,,,,102,2026-02-01 03:49:34.451103,ELEC-day5,0.0,0.0,0.0,,,0,0,0,0
,,,,,,102,2026-02-01 03:49:34.451103,ELEC-day6,0.0,0.0,0.0,,,0,0,0,0
,,,,,,102,2026-02-01 03:49:34.451103,ELEC-F,0.0,0.0,0.0,,,0,0,0,0
4.0,1.0,39.0,,FACTORY TENDER REPORT,There is increased speculation of small sized factory tenders to BUY electricity from the local market.,103,2026-02-01 03:49:35.479311,NG,2.24,2.22,2.26,800000.0,800000.0,0,0,0,0
3.0,1.0,1.0,,You are logged in as a TRADER,,103,2026-02-01 03:49:35.479311,ELEC-day2,0.0,0.0,0.0,,,0,0,0,0
2.0,1.0,1.0,,FINES,"The fine for open positions of ELEC-dayX at the end of the day is $20,000/contract.",103,2026-02-01 03:49:35.479311,ELEC-day3,0.0,0.0,0.0,,,0,0,0,0
1.0,1.0,1.0,,Welcome to the RITC2026 GBE Energy Electricity Trading Case - practice server,,103,2026-02-01 03:49:35.479311,ELEC-day4,0.0,0.0,0.0,,,0,0,0,0
,,,,,,103,2026-02-01 03:49:35.479311,ELEC-day5,0.0,0.0,0.0,,,0,0,0,0
,,,,,,103,2026-02-01 03:49:35.479311,ELEC-day6,0.0,0.0,0.0,,,0,0,0,0
,,,,,,103,2026-02-01 03:49:35.479311,ELEC-F,0.0,0.0,0.0,,,0,0,0,0
4.0,1.0,39.0,,FACTORY TENDER REPORT,There is increased speculation of small sized factory tenders to BUY electricity from the local market.,104,2026-02-01 03:49:36.511597,NG,2.24,2.22,2.26,800000.0,800000.0,0,0,0,0
3.0,1.0,1.0,,You are logged in as a TRADER,,104,2026-02-01 03:49:36.511597,ELEC-day2,0.0,0.0,0.0,,,0,0,0,0
2.0,1.0,1.0,,FINES,"The fine for open positions of ELEC-dayX at the end of the day is $20,000/contract.",104,2026-02-01 03:49:36.511597,ELEC-day3,0.0,0.0,0.0,,,0,0,0,0
1.0,1.0,1.0,,Welcome to the RITC2026 GBE Energy Electricity Trading Case - practice server,,104,2026-02-01 03:49:36.511597,ELEC-day4,0.0,0.0,0.0,,,0,0,0,0
,,,,,,104,2026-02-01 03:49:36.511597,ELEC-day5,0.0,0.0,0.0,,,0,0,0,0
,,,,,,104,2026-02-01 03:49:36.511597,ELEC-day6,0.0,0.0,0.0,,,0,0,0,0
,,,,,,104,2026-02-01 03:49:36.511597,ELEC-F,0.0,0.0,0.0,,,0,0,0,0
4.0,1.0,39.0,,FACTORY TENDER REPORT,There is increased speculation of small sized factory tenders to BUY electricity from the local market.,105,2026-02-01 03:49:37.540346,NG,2.25,2.23,2.27,800000.0,800000.0,0,0,0,0
3.0,1.0,1.0,,You are logged in as a TRADER,,105,2026-02-01 03:49:37.540346,ELEC-day2,0.0,0.0,0.0,,,0,0,0,0
2.0,1.0,1.0,,FINES,"The fine for open positions of ELEC-dayX at the end of the day is $20,000/contract.",105,2026-02-01 03:49:37.540346,ELEC-day3,0.0,0.0,0.0,,,0,0,0,0
1.0,1.0,1.0,,Welcome to the RITC2026 GBE Energy Electricity Trading Case - practice server,,105,2026-02-01 03:49:37.540346,ELEC-day4,0.0,0.0,0.0,,,0,0,0,0
,,,,,,105,2026-02-01 03:49:37.540346,ELEC-day5,0.0,0.0,0.0,,,0,0,0,0
,,,,,,105,2026-02-01 03:49:37.540346,ELEC-day6,0.0,0.0,0.0,,,0,0,0,0
,,,,,,105,2026-02-01 03:49:37.540346,ELEC-F,0.0,0.0,0.0,,,0,0,0,0
4.0,1.0,39.0,,FACTORY TENDER REPORT,There is increased speculation of small sized factory tenders to BUY electricity from the local market.,106,2026-02-01 03:49:38.575086,NG,2.25,2.23,2.27,800000.0,800000.0,0,0,0,0
3.0,1.0,1.0,,You are logged in as a TRADER,,106,2026-02-01 03:49:38.575086,ELEC-day2,0.0,0.0,0.0,,,0,0,0,0
2.0,1.0,1.0,,FINES,"The fine for open positions of ELEC-dayX at the end of the day is $20,000/contract.",106,2026-02-01 03:49:38.575086,ELEC-day3,0.0,0.0,0.0,,,0,0,0,0
1.0,1.0,1.0,,Welcome to the RITC2026 GBE Energy Electricity Trading Case - practice server,,106,2026-02-01 03:49:38.575086,ELEC-day4,0.0,0.0,0.0,,,0,0,0,0
,,,,,,106,2026-02-01 03:49:38.575086,ELEC-day5,0.0,0.0,0.0,,,0,0,0,0
,,,,,,106,2026-02-01 03:49:38.575086,ELEC-day6,0.0,0.0,0.0,,,0,0,0,0
,,,,,,106,2026-02-01 03:49:38.575086,ELEC-F,0.0,0.0,0.0,,,0,0,0,0
4.0,1.0,39.0,,FACTORY TENDER REPORT,There is increased speculation of small sized factory tenders to BUY electricity from the local market.,107,2026-02-01 03:49:39.607509,NG,2.26,2.24,2.28,800000.0,800000.0,0,0,0,0
3.0,1.0,1.0,,You are logged in as a TRADER,,107,2026-02-01 03:49:39.607509,ELEC-day2,0.0,0.0,0.0,,,0,0,0,0
2.0,1.0,1.0,,FINES,"The fine for open positions of ELEC-dayX at the end of the day is $20,000/contract.",107,2026-02-01 03:49:39.607509,ELEC-day3,0.0,0.0,0.0,,,0,0,0,0
1.0,1.0,1.0,,Welcome to the RITC2026 GBE Energy Electricity Trading Case - practice server,,107,2026-02-01 03:49:39.607509,ELEC-day4,0.0,0.0,0.0,,,0,0,0,0
,,,,,,107,2026-02-01 03:49:39.607509,ELEC-day5,0.0,0.0,0.0,,,0,0,0,0
,,,,,,107,2026-02-01 03:49:39.607509,ELEC-day6,0.0,0.0,0.0,,,0,0,0,0
,,,,,,107,2026-02-01 03:49:39.607509,ELEC-F,0.0,0.0,0.0,,,0,0,0,0
4.0,1.0,39.0,,FACTORY TENDER REPORT,There is increased speculation of small sized factory tenders to BUY electricity from the local market.,108,2026-02-01 03:49:40.639020,NG,2.26,2.24,2.28,800000.0,800000.0,0,0,0,0
3.0,1.0,1.0,,You are logged in as a TRADER,,108,2026-02-01 03:49:40.639020,ELEC-day2,0.0,0.0,0.0,,,0,0,0,0
2.0,1.0,1.0,,FINES,"The fine for open positions of ELEC-dayX at the end of the day is $20,000/contract.",108,2026-02-01 03:49:40.639020,ELEC-day3,0.0,0.0,0.0,,,0,0,0,0
1.0,1.0,1.0,,Welcome to the RITC2026 GBE Energy Electricity Trading Case - practice server,,108,2026-02-01 03:49:40.639020,ELEC-day4,0.0,0.0,0.0,,,0,0,0,0
,,,,,,108,2026-02-01 03:49:40.639020,ELEC-day5,0.0,0.0,0.0,,,0,0,0,0
,,,,,,108,2026-02-01 03:49:40.639020,ELEC-day6,0.0,0.0,0.0,,,0,0,0,0
,,,,,,108,2026-02-01 03:49:40.639020,ELEC-F,0.0,0.0,0.0,,,0,0,0,0
4.0,1.0,39.0,,FACTORY TENDER REPORT,There is increased speculation of small sized factory tenders to BUY electricity from the local market.,109,2026-02-01 03:49:41.673892,NG,2.25,2.23,2.27,800000.0,800000.0,0,0,0,0
3.0,1.0,1.0,,You are logged in as a TRADER,,109,2026-02-01 03:49:41.673892,ELEC-day2,0.0,0.0,0.0,,,0,0,0,0
2.0,1.0,1.0,,FINES,"The fine for open positions of ELEC-dayX at the end of the day is $20,000/contract.",109,2026-02-01 03:49:41.673892,ELEC-day3,0.0,0.0,0.0,,,0,0,0,0
1.0,1.0,1.0,,Welcome to the RITC2026 GBE Energy Electricity Trading Case - practice server,,109,2026-02-01 03:49:41.673892,ELEC-day4,0.0,0.0,0.0,,,0,0,0,0
,,,,,,109,2026-02-01 03:49:41.673892,ELEC-day5,0.0,0.0,0.0,,,0,0,0,0
,,,,,,109,2026-02-01 03:49:41.673892,ELEC-day6,0.0,0.0,0.0,,,0,0,0,0
,,,,,,109,2026-02-01 03:49:41.673892,ELEC-F,0.0,0.0,0.0,,,0,0,0,0
4.0,1.0,39.0,,FACTORY TENDER REPORT,There is increased speculation of small sized factory tenders to BUY electricity from the local market.,110,2026-02-01 03:49:42.708405,NG,2.25,2.23,2.27,800000.0,800000.0,0,0,0,0
3.0,1.0,1.0,,You are logged in as a TRADER,,110,2026-02-01 03:49:42.708405,ELEC-day2,0.0,0.0,0.0,,,0,0,0,0
2.0,1.0,1.0,,FINES,"The fine for open positions of ELEC-dayX at the end of the day is $20,000/contract.",110,2026-02-01 03:49:42.708405,ELEC-day3,0.0,0.0,0.0,,,0,0,0,0
1.0,1.0,1.0,,Welcome to the RITC2026 GBE Energy Electricity Trading Case - practice server,,110,2026-02-01 03:49:42.708405,ELEC-day4,0.0,0.0,0.0,,,0,0,0,0
,,,,,,110,2026-02-01 03:49:42.708405,ELEC-day5,0.0,0.0,0.0,,,0,0,0,0
,,,,,,110,2026-02-01 03:49:42.708405,ELEC-day6,0.0,0.0,0.0,,,0,0,0,0
,,,,,,110,2026-02-01 03:49:42.708405,ELEC-F,0.0,0.0,0.0,,,0,0,0,0
4.0,1.0,39.0,,FACTORY TENDER REPORT,There is increased speculation of small sized factory tenders to BUY electricity from the local market.,111,2026-02-01 03:49:43.730693,NG,2.26,2.24,2.28,800000.0,800000.0,0,0,0,0
3.0,1.0,1.0,,You are logged in as a TRADER,,111,2026-02-01 03:49:43.730693,ELEC-day2,0.0,0.0,0.0,,,0,0,0,0
2.0,1.0,1.0,,FINES,"The fine for open positions of ELEC-dayX at the end of the day is $20,000/contract.",111,2026-02-01 03:49:43.730693,ELEC-day3,0.0,0.0,0.0,,,0,0,0,0
1.0,1.0,1.0,,Welcome to the RITC2026 GBE Energy Electricity Trading Case - practice server,,111,2026-02-01 03:49:43.730693,ELEC-day4,0.0,0.0,0.0,,,0,0,0,0
,,,,,,111,2026-02-01 03:49:43.730693,ELEC-day5,0.0,0.0,0.0,,,0,0,0,0
,,,,,,111,2026-02-01 03:49:43.730693,ELEC-day6,0.0,0.0,0.0,,,0,0,0,0
,,,,,,111,2026-02-01 03:49:43.730693,ELEC-F,0.0,0.0,0.0,,,0,0,0,0
4.0,1.0,39.0,,FACTORY TENDER REPORT,There is increased speculation of small sized factory tenders to BUY electricity from the local market.,112,2026-02-01 03:49:44.763762,NG,2.26,2.24,2.28,800000.0,800000.0,0,0,0,0
3.0,1.0,1.0,,You are logged in as a TRADER,,112,2026-02-01 03:49:44.763762,ELEC-day2,0.0,0.0,0.0,,,0,0,0,0
2.0,1.0,1.0,,FINES,"The fine for open positions of ELEC-dayX at the end of the day is $20,000/contract.",112,2026-02-01 03:49:44.763762,ELEC-day3,0.0,0.0,0.0,,,0,0,0,0
1.0,1.0,1.0,,Welcome to the RITC2026 GBE Energy Electricity Trading Case - practice server,,112,2026-02-01 03:49:44.763762,ELEC-day4,0.0,0.0,0.0,,,0,0,0,0
,,,,,,112,2026-02-01 03:49:44.763762,ELEC-day5,0.0,0.0,0.0,,,0,0,0,0
,,,,,,112,2026-02-01 03:49:44.763762,ELEC-day6,0.0,0.0,0.0,,,0,0,0,0
,,,,,,112,2026-02-01 03:49:44.763762,ELEC-F,0.0,0.0,0.0,,,0,0,0,0
4.0,1.0,39.0,,FACTORY TENDER REPORT,There is increased speculation of small sized factory tenders to BUY electricity from the local market.,113,2026-02-01 03:49:45.803533,NG,2.28,2.26,2.3,800000.0,800000.0,0,0,0,0
3.0,1.0,1.0,,You are logged in as a TRADER,,113,2026-02-01 03:49:45.803533,ELEC-day2,0.0,0.0,0.0,,,0,0,0,0
2.0,1.0,1.0,,FINES,"The fine for open positions of ELEC-dayX at the end of the day is $20,000/contract.",113,2026-02-01 03:49:45.803533,ELEC-day3,0.0,0.0,0.0,,,0,0,0,0
1.0,1.0,1.0,,Welcome to the RITC2026 GBE Energy Electricity Trading Case - practice server,,113,2026-02-01 03:49:45.803533,ELEC-day4,0.0,0.0,0.0,,,0,0,0,0
,,,,,,113,2026-02-01 03:49:45.803533,ELEC-day5,0.0,0.0,0.0,,,0,0,0,0
,,,,,,113,2026-02-01 03:49:45.803533,ELEC-day6,0.0,0.0,0.0,,,0,0,0,0
,,,,,,113,2026-02-01 03:49:45.803533,ELEC-F,0.0,0.0,0.0,,,0,0,0,0
4.0,1.0,39.0,,FACTORY TENDER REPORT,There is increased speculation of small sized factory tenders to BUY electricity from the local market.,114,2026-02-01 03:49:46.849277,NG,2.27,2.25,2.29,800000.0,800000.0,0,0,0,0
3.0,1.0,1.0,,You are logged in as a TRADER,,114,2026-02-01 03:49:46.849277,ELEC-day2,0.0,0.0,0.0,,,0,0,0,0
2.0,1.0,1.0,,FINES,"The fine for open positions of ELEC-dayX at the end of the day is $20,000/contract.",114,2026-02-01 03:49:46.849277,ELEC-day3,0.0,0.0,0.0,,,0,0,0,0
1.0,1.0,1.0,,Welcome to the RITC2026 GBE Energy Electricity Trading Case - practice server,,114,2026-02-01 03:49:46.849277,ELEC-day4,0.0,0.0,0.0,,,0,0,0,0
,,,,,,114,2026-02-01 03:49:46.849277,ELEC-day5,0.0,0.0,0.0,,,0,0,0,0
,,,,,,114,2026-02-01 03:49:46.849277,ELEC-day6,0.0,0.0,0.0,,,0,0,0,0
,,,,,,114,2026-02-01 03:49:46.849277,ELEC-F,0.0,0.0,0.0,,,0,0,0,0
4.0,1.0,39.0,,FACTORY TENDER REPORT,There is increased speculation of small sized factory tenders to BUY electricity from the local market.,115,2026-02-01 03:49:47.885847,NG,2.26,2.24,2.28,800000.0,800000.0,0,0,0,0
3.0,1.0,1.0,,You are logged in as a TRADER,,115,2026-02-01 03:49:47.885847,ELEC-day2,0.0,0.0,0.0,,,0,0,0,0
2.0,1.0,1.0,,FINES,"The fine for open positions of ELEC-dayX at the end of the day is $20,000/contract.",115,2026-02-01 03:49:47.885847,ELEC-day3,0.0,0.0,0.0,,,0,0,0,0
1.0,1.0,1.0,,Welcome to the RITC2026 GBE Energy Electricity Trading Case - practice server,,115,2026-02-01 03:49:47.885847,ELEC-day4,0.0,0.0,0.0,,,0,0,0,0
,,,,,,115,2026-02-01 03:49:47.885847,ELEC-day5,0.0,0.0,0.0,,,0,0,0,0
,,,,,,115,2026-02-01 03:49:47.885847,ELEC-day6,0.0,0.0,0.0,,,0,0,0,0
,,,,,,115,2026-02-01 03:49:47.885847,ELEC-F,0.0,0.0,0.0,,,0,0,0,0
4.0,1.0,39.0,,FACTORY TENDER REPORT,There is increased speculation of small sized factory tenders to BUY electricity from the local market.,116,2026-02-01 03:49:48.917496,NG,2.26,2.24,2.28,800000.0,800000.0,0,0,0,0
3.0,1.0,1.0,,You are logged in as a TRADER,,116,2026-02-01 03:49:48.917496,ELEC-day2,0.0,0.0,0.0,,,0,0,0,0
2.0,1.0,1.0,,FINES,"The fine for open positions of ELEC-dayX at the end of the day is $20,000/contract.",116,2026-02-01 03:49:48.917496,ELEC-day3,0.0,0.0,0.0,,,0,0,0,0
1.0,1.0,1.0,,Welcome to the RITC2026 GBE Energy Electricity Trading Case - practice server,,116,2026-02-01 03:49:48.917496,ELEC-day4,0.0,0.0,0.0,,,0,0,0,0
,,,,,,116,2026-02-01 03:49:48.917496,ELEC-day5,0.0,0.0,0.0,,,0,0,0,0
,,,,,,116,2026-02-01 03:49:48.917496,ELEC-day6,0.0,0.0,0.0,,,0,0,0,0
,,,,,,116,2026-02-01 03:49:48.917496,ELEC-F,0.0,0.0,0.0,,,0,0,0,0
4.0,1.0,39.0,,FACTORY TENDER REPORT,There is increased speculation of small sized factory tenders to BUY electricity from the local market.,117,2026-02-01 03:49:49.947041,NG,2.27,2.25,2.29,800000.0,800000.0,0,0,0,0
3.0,1.0,1.0,,You are logged in as a TRADER,,117,2026-02-01 03:49:49.947041,ELEC-day2,0.0,0.0,0.0,,,0,0,0,0
2.0,1.0,1.0,,FINES,"The fine for open positions of ELEC-dayX at the end of the day is $20,000/contract.",117,2026-02-01 03:49:49.947041,ELEC-day3,0.0,0.0,0.0,,,0,0,0,0
1.0,1.0,1.0,,Welcome to the RITC2026 GBE Energy Electricity Trading Case - practice server,,117,2026-02-01 03:49:49.947041,ELEC-day4,0.0,0.0,0.0,,,0,0,0,0
,,,,,,117,2026-02-01 03:49:49.947041,ELEC-day5,0.0,0.0,0.0,,,0,0,0,0
,,,,,,117,2026-02-01 03:49:49.947041,ELEC-day6,0.0,0.0,0.0,,,0,0,0,0
,,,,,,117,2026-02-01 03:49:49.947041,ELEC-F,0.0,0.0,0.0,,,0,0,0,0
4.0,1.0,39.0,,FACTORY TENDER REPORT,There is increased speculation of small sized factory tenders to BUY electricity from the local market.,118,2026-02-01 03:49:50.980919,NG,2.27,2.25,2.29,800000.0,800000.0,0,0,0,0
3.0,1.0,1.0,,You are logged in as a TRADER,,118,2026-02-01 03:49:50.980919,ELEC-day2,0.0,0.0,0.0,,,0,0,0,0
2.0,1.0,1.0,,FINES,"The fine for open positions of ELEC-dayX at the end of the day is $20,000/contract.",118,2026-02-01 03:49:50.980919,ELEC-day3,0.0,0.0,0.0,,,0,0,0,0
1.0,1.0,1.0,,Welcome to the RITC2026 GBE Energy Electricity Trading Case - practice server,,118,2026-02-01 03:49:50.980919,ELEC-day4,0.0,0.0,0.0,,,0,0,0,0
,,,,,,118,2026-02-01 03:49:50.980919,ELEC-day5,0.0,0.0,0.0,,,0,0,0,0
,,,,,,118,2026-02-01 03:49:50.980919,ELEC-day6,0.0,0.0,0.0,,,0,0,0,0
,,,,,,118,2026-02-01 03:49:50.980919,ELEC-F,0.0,0.0,0.0,,,0,0,0,0
4.0,1.0,39.0,,FACTORY TENDER REPORT,There is increased speculation of small sized factory tenders to BUY electricity from the local market.,119,2026-02-01 03:49:52.011734,NG,2.27,2.25,2.29,800000.0,800000.0,0,0,0,0
3.0,1.0,1.0,,You are logged in as a TRADER,,119,2026-02-01 03:49:52.011734,ELEC-day2,0.0,0.0,0.0,,,0,0,0,0
2.0,1.0,1.0,,FINES,"The fine for open positions of ELEC-dayX at the end of the day is $20,000/contract.",119,2026-02-01 03:49:52.011734,ELEC-day3,0.0,0.0,0.0,,,0,0,0,0
1.0,1.0,1.0,,Welcome to the RITC2026 GBE Energy Electricity Trading Case - practice server,,119,2026-02-01 03:49:52.011734,ELEC-day4,0.0,0.0,0.0,,,0,0,0,0
,,,,,,119,2026-02-01 03:49:52.011734,ELEC-day5,0.0,0.0,0.0,,,0,0,0,0
,,,,,,119,2026-02-01 03:49:52.011734,ELEC-day6,0.0,0.0,0.0,,,0,0,0,0
,,,,,,119,2026-02-01 03:49:52.011734,ELEC-F,0.0,0.0,0.0,,,0,0,0,0
4.0,1.0,39.0,,FACTORY TENDER REPORT,There is increased speculation of small sized factory tenders to BUY electricity from the local market.,120,2026-02-01 03:49:53.042866,NG,2.26,2.24,2.28,800000.0,800000.0,0,0,0,0
3.0,1.0,1.0,,You are logged in as a TRADER,,120,2026-02-01 03:49:53.042866,ELEC-day2,0.0,0.0,0.0,,,0,0,0,0
2.0,1.0,1.0,,FINES,"The fine for open positions of ELEC-dayX at the end of the day is $20,000/contract.",120,2026-02-01 03:49:53.042866,ELEC-day3,0.0,0.0,0.0,,,0,0,0,0
1.0,1.0,1.0,,Welcome to the RITC2026 GBE Energy Electricity Trading Case - practice server,,120,2026-02-01 03:49:53.042866,ELEC-day4,0.0,0.0,0.0,,,0,0,0,0
,,,,,,120,2026-02-01 03:49:53.042866,ELEC-day5,0.0,0.0,0.0,,,0,0,0,0
,,,,,,120,2026-02-01 03:49:53.042866,ELEC-day6,0.0,0.0,0.0,,,0,0,0,0
,,,,,,120,2026-02-01 03:49:53.042866,ELEC-F,0.0,0.0,0.0,,,0,0,0,0
4.0,1.0,39.0,,FACTORY TENDER REPORT,There is increased speculation of small sized factory tenders to BUY electricity from the local market.,121,2026-02-01 03:49:54.072860,NG,2.26,2.24,2.28,800000.0,800000.0,0,0,0,0
3.0,1.0,1.0,,You are logged in as a TRADER,,121,2026-02-01 03:49:54.072860,ELEC-day2,0.0,0.0,0.0,,,0,0,0,0
2.0,1.0,1.0,,FINES,"The fine for open positions of ELEC-dayX at the end of the day is $20,000/contract.",121,2026-02-01 03:49:54.072860,ELEC-day3,0.0,0.0,0.0,,,0,0,0,0
1.0,1.0,1.0,,Welcome to the RITC2026 GBE Energy Electricity Trading Case - practice server,,121,2026-02-01 03:49:54.072860,ELEC-day4,0.0,0.0,0.0,,,0,0,0,0
,,,,,,121,2026-02-01 03:49:54.072860,ELEC-day5,0.0,0.0,0.0,,,0,0,0,0
,,,,,,121,2026-02-01 03:49:54.072860,ELEC-day6,0.0,0.0,0.0,,,0,0,0,0
,,,,,,121,2026-02-01 03:49:54.072860,ELEC-F,0.0,0.0,0.0,,,0,0,0,0
4.0,1.0,39.0,,FACTORY TENDER REPORT,There is increased speculation of small sized factory tenders to BUY electricity from the local market.,122,2026-02-01 03:49:55.092327,NG,2.25,2.23,2.27,800000.0,800000.0,0,0,0,0
3.0,1.0,1.0,,You are logged in as a TRADER,,122,2026-02-01 03:49:55.092327,ELEC-day2,0.0,0.0,0.0,,,0,0,0,0
2.0,1.0,1.0,,FINES,"The fine for open positions of ELEC-dayX at the end of the day is $20,000/contract.",122,2026-02-01 03:49:55.092327,ELEC-day3,0.0,0.0,0.0,,,0,0,0,0
1.0,1.0,1.0,,Welcome to the RITC2026 GBE Energy Electricity Trading Case - practice server,,122,2026-02-01 03:49:55.092327,ELEC-day4,0.0,0.0,0.0,,,0,0,0,0
,,,,,,122,2026-02-01 03:49:55.092327,ELEC-day5,0.0,0.0,0.0,,,0,0,0,0
,,,,,,122,2026-02-01 03:49:55.092327,ELEC-day6,0.0,0.0,0.0,,,0,0,0,0
,,,,,,122,2026-02-01 03:49:55.092327,ELEC-F,0.0,0.0,0.0,,,0,0,0,0
4.0,1.0,39.0,,FACTORY TENDER REPORT,There is increased speculation of small sized factory tenders to BUY electricity from the local market.,123,2026-02-01 03:49:56.121340,NG,2.25,2.23,2.27,800000.0,800000.0,0,0,0,0
3.0,1.0,1.0,,You are logged in as a TRADER,,123,2026-02-01 03:49:56.121340,ELEC-day2,0.0,0.0,0.0,,,0,0,0,0
2.0,1.0,1.0,,FINES,"The fine for open positions of ELEC-dayX at the end of the day is $20,000/contract.",123,2026-02-01 03:49:56.121340,ELEC-day3,0.0,0.0,0.0,,,0,0,0,0
1.0,1.0,1.0,,Welcome to the RITC2026 GBE Energy Electricity Trading Case - practice server,,123,2026-02-01 03:49:56.121340,ELEC-day4,0.0,0.0,0.0,,,0,0,0,0
,,,,,,123,2026-02-01 03:49:56.121340,ELEC-day5,0.0,0.0,0.0,,,0,0,0,0
,,,,,,123,2026-02-01 03:49:56.121340,ELEC-day6,0.0,0.0,0.0,,,0,0,0,0
,,,,,,123,2026-02-01 03:49:56.121340,ELEC-F,0.0,0.0,0.0,,,0,0,0,0
4.0,1.0,39.0,,FACTORY TENDER REPORT,There is increased speculation of small sized factory tenders to BUY electricity from the local market.,124,2026-02-01 03:49:57.143347,NG,2.25,2.23,2.27,800000.0,800000.0,0,0,0,0
3.0,1.0,1.0,,You are logged in as a TRADER,,124,2026-02-01 03:49:57.143347,ELEC-day2,0.0,0.0,0.0,,,0,0,0,0
2.0,1.0,1.0,,FINES,"The fine for open positions of ELEC-dayX at the end of the day is $20,000/contract.",124,2026-02-01 03:49:57.143347,ELEC-day3,0.0,0.0,0.0,,,0,0,0,0
1.0,1.0,1.0,,Welcome to the RITC2026 GBE Energy Electricity Trading Case - practice server,,124,2026-02-01 03:49:57.143347,ELEC-day4,0.0,0.0,0.0,,,0,0,0,0
,,,,,,124,2026-02-01 03:49:57.143347,ELEC-day5,0.0,0.0,0.0,,,0,0,0,0
,,,,,,124,2026-02-01 03:49:57.143347,ELEC-day6,0.0,0.0,0.0,,,0,0,0,0
,,,,,,124,2026-02-01 03:49:57.143347,ELEC-F,0.0,0.0,0.0,,,0,0,0,0
4.0,1.0,39.0,,FACTORY TENDER REPORT,There is increased speculation of small sized factory tenders to BUY electricity from the local market.,125,2026-02-01 03:49:58.175871,NG,2.25,2.23,2.27,800000.0,800000.0,0,0,0,0
3.0,1.0,1.0,,You are logged in as a TRADER,,125,2026-02-01 03:49:58.175871,ELEC-day2,0.0,0.0,0.0,,,0,0,0,0
2.0,1.0,1.0,,FINES,"The fine for open positions of ELEC-dayX at the end of the day is $20,000/contract.",125,2026-02-01 03:49:58.175871,ELEC-day3,0.0,0.0,0.0,,,0,0,0,0
1.0,1.0,1.0,,Welcome to the RITC2026 GBE Energy Electricity Trading Case - practice server,,125,2026-02-01 03:49:58.175871,ELEC-day4,0.0,0.0,0.0,,,0,0,0,0
,,,,,,125,2026-02-01 03:49:58.175871,ELEC-day5,0.0,0.0,0.0,,,0,0,0,0
,,,,,,125,2026-02-01 03:49:58.175871,ELEC-day6,0.0,0.0,0.0,,,0,0,0,0
,,,,,,125,2026-02-01 03:49:58.175871,ELEC-F,0.0,0.0,0.0,,,0,0,0,0
4.0,1.0,39.0,,FACTORY TENDER REPORT,There is increased speculation of small sized factory tenders to BUY electricity from the local market.,126,2026-02-01 03:49:59.198265,NG,2.25,2.23,2.27,800000.0,800000.0,0,0,0,0
3.0,1.0,1.0,,You are logged in as a TRADER,,126,2026-02-01 03:49:59.198265,ELEC-day2,0.0,0.0,0.0,,,0,0,0,0
2.0,1.0,1.0,,FINES,"The fine for open positions of ELEC-dayX at the end of the day is $20,000/contract.",126,2026-02-01 03:49:59.198265,ELEC-day3,0.0,0.0,0.0,,,0,0,0,0
1.0,1.0,1.0,,Welcome to the RITC2026 GBE Energy Electricity Trading Case - practice server,,126,2026-02-01 03:49:59.198265,ELEC-day4,0.0,0.0,0.0,,,0,0,0,0
,,,,,,126,2026-02-01 03:49:59.198265,ELEC-day5,0.0,0.0,0.0,,,0,0,0,0
,,,,,,126,2026-02-01 03:49:59.198265,ELEC-day6,0.0,0.0,0.0,,,0,0,0,0
,,,,,,126,2026-02-01 03:49:59.198265,ELEC-F,0.0,0.0,0.0,,,0,0,0,0
4.0,1.0,39.0,,FACTORY TENDER REPORT,There is increased speculation of small sized factory tenders to BUY electricity from the local market.,127,2026-02-01 03:50:00.222445,NG,2.25,2.23,2.27,800000.0,800000.0,0,0,0,0
3.0,1.0,1.0,,You are logged in as a TRADER,,127,2026-02-01 03:50:00.222445,ELEC-day2,0.0,0.0,0.0,,,0,0,0,0
2.0,1.0,1.0,,FINES,"The fine for open positions of ELEC-dayX at the end of the day is $20,000/contract.",127,2026-02-01 03:50:00.222445,ELEC-day3,0.0,0.0,0.0,,,0,0,0,0
1.0,1.0,1.0,,Welcome to the RITC2026 GBE Energy Electricity Trading Case - practice server,,127,2026-02-01 03:50:00.222445,ELEC-day4,0.0,0.0,0.0,,,0,0,0,0
,,,,,,127,2026-02-01 03:50:00.222445,ELEC-day5,0.0,0.0,0.0,,,0,0,0,0
,,,,,,127,2026-02-01 03:50:00.222445,ELEC-day6,0.0,0.0,0.0,,,0,0,0,0
,,,,,,127,2026-02-01 03:50:00.222445,ELEC-F,0.0,0.0,0.0,,,0,0,0,0
4.0,1.0,39.0,,FACTORY TENDER REPORT,There is increased speculation of small sized factory tenders to BUY electricity from the local market.,128,2026-02-01 03:50:01.254030,NG,2.25,2.23,2.27,800000.0,800000.0,0,0,0,0
3.0,1.0,1.0,,You are logged in as a TRADER,,128,2026-02-01 03:50:01.254030,ELEC-day2,0.0,0.0,0.0,,,0,0,0,0
2.0,1.0,1.0,,FINES,"The fine for open positions of ELEC-dayX at the end of the day is $20,000/contract.",128,2026-02-01 03:50:01.254030,ELEC-day3,0.0,0.0,0.0,,,0,0,0,0
1.0,1.0,1.0,,Welcome to the RITC2026 GBE Energy Electricity Trading Case - practice server,,128,2026-02-01 03:50:01.254030,ELEC-day4,0.0,0.0,0.0,,,0,0,0,0
,,,,,,128,2026-02-01 03:50:01.254030,ELEC-day5,0.0,0.0,0.0,,,0,0,0,0
,,,,,,128,2026-02-01 03:50:01.254030,ELEC-day6,0.0,0.0,0.0,,,0,0,0,0
,,,,,,128,2026-02-01 03:50:01.254030,ELEC-F,0.0,0.0,0.0,,,0,0,0,0
4.0,1.0,39.0,,FACTORY TENDER REPORT,There is increased speculation of small sized factory tenders to BUY electricity from the local market.,129,2026-02-01 03:50:02.287350,NG,2.23,2.21,2.25,800000.0,800000.0,0,0,0,0
