news_id,period,tick,ticker,headline,body,tick,timestamp,ticker,last_price,bid_price,ask_price,BUY_ANON,SELL_ANON,SELL_GIOT-P,BUY_LUIS-T2,BUY_BOST-D,BUY_LUIS-T1,BUY_GIOT-P,SELL_LUIS-T2,SELL_LUIS-T1
3.0,1.0,1.0,,You are logged in as a DISTRIBUTOR,,1,2026-02-01 12:13:11.761579,NG,2.2,0.0,0.0,800000.0,800000.0,0,0,0,0,0,0,0
2.0,1.0,1.0,,FINES,"The fine for open positions of ELEC-dayX at the end of the day is $20,000/contract.",1,2026-02-01 12:13:11.761579,ELEC-day2,0.0,0.0,0.0,,,0,0,0,0,0,0,0
1.0,1.0,1.0,,Welcome to the RITC2026 GBE Energy Electricity Trading Case - practice server,,1,2026-02-01 12:13:11.761579,ELEC-day3,0.0,0.0,0.0,,,0,0,0,0,0,0,0
,,,,,,1,2026-02-01 12:13:11.761579,ELEC-day4,0.0,0.0,0.0,,,0,0,0,0,0,0,0
,,,,,,1,2026-02-01 12:13:11.761579,ELEC-day5,0.0,0.0,0.0,,,0,0,0,0,0,0,0
,,,,,,1,2026-02-01 12:13:11.761579,ELEC-day6,0.0,0.0,0.0,,,0,0,0,0,0,0,0
,,,,,,1,2026-02-01 12:13:11.761579,ELEC-F,0.0,0.0,0.0,,,0,0,0,0,0,0,0
4.0,1.0,1.0,,TEMPERATURE Forecast for DAY 2,The average temperature tomorrow is forecasted to be between 8 and 18 degrees Celsius.,2,2026-02-01 12:13:12.800537,NG,2.2,2.18,2.22,800000.0,800000.0,0,0,0,0,0,0,0
3.0,1.0,1.0,,You are logged in as a DISTRIBUTOR,,2,2026-02-01 12:13:12.800537,ELEC-day2,0.0,0.0,0.0,,,0,0,0,0,0,0,0
2.0,1.0,1.0,,FINES,"The fine for open positions of ELEC-dayX at the end of the day is $20,000/contract.",2,2026-02-01 12:13:12.800537,ELEC-day3,0.0,0.0,0.0,,,0,0,0,0,0,0,0
1.0,1.0,1.0,,Welcome to the RITC2026 GBE Energy Electricity Trading Case - practice server,,2,2026-02-01 12:13:12.800537,ELEC-day4,0.0,0.0,0.0,,,0,0,0,0,0,0,0
,,,,,,2,2026-02-01 12:13:12.800537,ELEC-day5,0.0,0.0,0.0,,,0,0,0,0,0,0,0
,,,,,,2,2026-02-01 12:13:12.800537,ELEC-day6,0.0,0.0,0.0,,,0,0,0,0,0,0,0
,,,,,,2,2026-02-01 12:13:12.800537,ELEC-F,0.0,0.0,0.0,,,0,0,0,0,0,0,0
4.0,1.0,1.0,,TEMPERATURE Forecast for DAY 2,The average temperature tomorrow is forecasted to be between 8 and 18 degrees Celsius.,3,2026-02-01 12:13:13.836544,NG,2.2,2.18,2.22,800000.0,800000.0,0,0,0,0,0,0,0
3.0,1.0,1.0,,You are logged in as a DISTRIBUTOR,,3,2026-02-01 12:13:13.836544,ELEC-day2,0.0,0.0,0.0,,,0,0,0,0,0,0,0
2.0,1.0,1.0,,FINES,"The fine for open positions of ELEC-dayX at the end of the day is $20,000/contract.",3,2026-02-01 12:13:13.836544,ELEC-day3,0.0,0.0,0.0,,,0,0,0,0,0,0,0
1.0,1.0,1.0,,Welcome to the RITC2026 GBE Energy Electricity Trading Case - practice server,,3,2026-02-01 12:13:13.836544,ELEC-day4,0.0,0.0,0.0,,,0,0,0,0,0,0,0
,,,,,,3,2026-02-01 12:13:13.836544,ELEC-day5,0.0,0.0,0.0,,,0,0,0,0,0,0,0
,,,,,,3,2026-02-01 12:13:13.836544,ELEC-day6,0.0,0.0,0.0,,,0,0,0,0,0,0,0
,,,,,,3,2026-02-01 12:13:13.836544,ELEC-F,0.0,0.0,0.0,,,0,0,0,0,0,0,0
4.0,1.0,1.0,,TEMPERATURE Forecast for DAY 2,The average temperature tomorrow is forecasted to be between 8 and 18 degrees Celsius.,4,2026-02-01 12:13:14.867677,NG,2.2,2.18,2.22,800000.0,800000.0,0,0,0,0,0,0,0
3.0,1.0,1.0,,You are logged in as a DISTRIBUTOR,,4,2026-02-01 12:13:14.867677,ELEC-day2,0.0,0.0,0.0,,,0,0,0,0,0,0,0
2.0,1.0,1.0,,FINES,"The fine for open positions of ELEC-dayX at the end of the day is $20,000/contract.",4,2026-02-01 12:13:14.867677,ELEC-day3,0.0,0.0,0.0,,,0,0,0,0,0,0,0
1.0,1.0,1.0,,Welcome to the RITC2026 GBE Energy Electricity Trading Case - practice server,,4,2026-02-01 12:13:14.867677,ELEC-day4,0.0,0.0,0.0,,,0,0,0,0,0,0,0
,,,,,,4,2026-02-01 12:13:14.867677,ELEC-day5,0.0,0.0,0.0,,,0,0,0,0,0,0,0
,,,,,,4,2026-02-01 12:13:14.867677,ELEC-day6,0.0,0.0,0.0,,,0,0,0,0,0,0,0
,,,,,,4,2026-02-01 12:13:14.867677,ELEC-F,0.0,0.0,0.0,,,0,0,0,0,0,0,0
4.0,1.0,1.0,,TEMPERATURE Forecast for DAY 2,The average temperature tomorrow is forecasted to be between 8 and 18 degrees Celsius.,5,2026-02-01 12:13:15.906560,NG,2.2,2.18,2.22,800000.0,800000.0,0,0,0,0,0,0,0
3.0,1.0,1.0,,You are logged in as a DISTRIBUTOR,,5,2026-02-01 12:13:15.906560,ELEC-day2,0.0,0.0,0.0,,,0,0,0,0,0,0,0
2.0,1.0,1.0,,FINES,"The fine for open positions of ELEC-dayX at the end of the day is $20,000/contract.",5,2026-02-01 12:13:15.906560,ELEC-day3,0.0,0.0,0.0,,,0,0,0,0,0,0,0
1.0,1.0,1.0,,Welcome to the RITC2026 GBE Energy Electricity Trading Case - practice server,,5,2026-02-01 12:13:15.906560,ELEC-day4,0.0,0.0,0.0,,,0,0,0,0,0,0,0
,,,,,,5,2026-02-01 12:13:15.906560,ELEC-day5,0.0,0.0,0.0,,,0,0,0,0,0,0,0
,,,,,,5,2026-02-01 12:13:15.906560,ELEC-day6,0.0,0.0,0.0,,,0,0,0,0,0,0,0
,,,,,,5,2026-02-01 12:13:15.906560,ELEC-F,0.0,0.0,0.0,,,0,0,0,0,0,0,0
4.0,1.0,1.0,,TEMPERATURE Forecast for DAY 2,The average temperature tomorrow is forecasted to be between 8 and 18 degrees Celsius.,6,2026-02-01 12:13:16.937154,NG,2.19,2.17,2.21,800000.0,800000.0,0,0,0,0,0,0,0
3.0,1.0,1.0,,You are logged in as a DISTRIBUTOR,,6,2026-02-01 12:13:16.937154,ELEC-day2,0.0,0.0,0.0,,,0,0,0,0,0,0,0
2.0,1.0,1.0,,FINES,"The fine for open positions of ELEC-dayX at the end of the day is $20,000/contract.",6,2026-02-01 12:13:16.937154,ELEC-day3,0.0,0.0,0.0,,,0,0,0,0,0,0,0
1.0,1.0,1.0,,Welcome to the RITC2026 GBE Energy Electricity Trading Case - practice server,,6,2026-02-01 12:13:16.937154,ELEC-day4,0.0,0.0,0.0,,,0,0,0,0,0,0,0
,,,,,,6,2026-02-01 12:13:16.937154,ELEC-day5,0.0,0.0,0.0,,,0,0,0,0,0,0,0
,,,,,,6,2026-02-01 12:13:16.937154,ELEC-day6,0.0,0.0,0.0,,,0,0,0,0,0,0,0
,,,,,,6,2026-02-01 12:13:16.937154,ELEC-F,0.0,0.0,0.0,,,0,0,0,0,0,0,0
4.0,1.0,1.0,,TEMPERATURE Forecast for DAY 2,The average temperature tomorrow is forecasted to be between 8 and 18 degrees Celsius.,7,2026-02-01 12:13:17.976260,NG,2.19,2.17,2.21,800000.0,800000.0,0,0,0,0,0,0,0
3.0,1.0,1.0,,You are logged in as a DISTRIBUTOR,,7,2026-02-01 12:13:17.976260,ELEC-day2,0.0,0.0,0.0,,,0,0,0,0,0,0,0
2.0,1.0,1.0,,FINES,"The fine for open positions of ELEC-dayX at the end of the day is $20,000/contract.",7,2026-02-01 12:13:17.976260,ELEC-day3,0.0,0.0,0.0,,,0,0,0,0,0,0,0
1.0,1.0,1.0,,Welcome to the RITC2026 GBE Energy Electricity Trading Case - practice server,,7,2026-02-01 12:13:17.976260,ELEC-day4,0.0,0.0,0.0,,,0,0,0,0,0,0,0
,,,,,,7,2026-02-01 12:13:17.976260,ELEC-day5,0.0,0.0,0.0,,,0,0,0,0,0,0,0
,,,,,,7,2026-02-01 12:13:17.976260,ELEC-day6,0.0,0.0,0.0,,,0,0,0,0,0,0,0
,,,,,,7,2026-02-01 12:13:17.976260,ELEC-F,0.0,0.0,0.0,,,0,0,0,0,0,0,0
4.0,1.0,1.0,,TEMPERATURE Forecast for DAY 2,The average temperature tomorrow is forecasted to be between 8 and 18 degrees Celsius.,8,2026-02-01 12:13:19.011096,NG,2.19,2.17,2.21,800000.0,800000.0,0,0,0,0,0,0,0
3.0,1.0,1.0,,You are logged in as a DISTRIBUTOR,,8,2026-02-01 12:13:19.011096,ELEC-day2,0.0,0.0,0.0,,,0,0,0,0,0,0,0
2.0,1.0,1.0,,FINES,"The fine for open positions of ELEC-dayX at the end of the day is $20,000/contract.",8,2026-02-01 12:13:19.011096,ELEC-day3,0.0,0.0,0.0,,,0,0,0,0,0,0,0
1.0,1.0,1.0,,Welcome to the RITC2026 GBE Energy Electricity Trading Case - practice server,,8,2026-02-01 12:13:19.011096,ELEC-day4,0.0,0.0,0.0,,,0,0,0,0,0,0,0
,,,,,,8,2026-02-01 12:13:19.011096,ELEC-day5,0.0,0.0,0.0,,,0,0,0,0,0,0,0
,,,,,,8,2026-02-01 12:13:19.011096,ELEC-day6,0.0,0.0,0.0,,,0,0,0,0,0,0,0
,,,,,,8,2026-02-01 12:13:19.011096,ELEC-F,0.0,0.0,0.0,,,0,0,0,0,0,0,0
4.0,1.0,1.0,,TEMPERATURE Forecast for DAY 2,The average temperature tomorrow is forecasted to be between 8 and 18 degrees Celsius.,9,2026-02-01 12:13:20.056982,NG,2.19,2.17,2.21,800000.0,800000.0,0,0,0,0,0,0,0
3.0,1.0,1.0,,You are logged in as a DISTRIBUTOR,,9,2026-02-01 12:13:20.056982,ELEC-day2,0.0,0.0,0.0,,,0,0,0,0,0,0,0
2.0,1.0,1.0,,FINES,"The fine for open positions of ELEC-dayX at the end of the day is $20,000/contract.",9,2026-02-01 12:13:20.056982,ELEC-day3,0.0,0.0,0.0,,,0,0,0,0,0,0,0
1.0,1.0,1.0,,Welcome to the RITC2026 GBE Energy Electricity Trading Case - practice server,,9,2026-02-01 12:13:20.056982,ELEC-day4,0.0,0.0,0.0,,,0,0,0,0,0,0,0
,,,,,,9,2026-02-01 12:13:20.056982,ELEC-day5,0.0,0.0,0.0,,,0,0,0,0,0,0,0
,,,,,,9,2026-02-01 12:13:20.056982,ELEC-day6,0.0,0.0,0.0,,,0,0,0,0,0,0,0
,,,,,,9,2026-02-01 12:13:20.056982,ELEC-F,0.0,0.0,0.0,,,0,0,0,0,0,0,0
4.0,1.0,1.0,,TEMPERATURE Forecast for DAY 2,The average temperature tomorrow is forecasted to be between 8 and 18 degrees Celsius.,10,2026-02-01 12:13:21.086533,NG,2.19,2.17,2.21,800000.0,800000.0,0,0,0,0,0,0,0
3.0,1.0,1.0,,You are logged in as a DISTRIBUTOR,,10,2026-02-01 12:13:21.086533,ELEC-day2,0.0,0.0,0.0,,,0,0,0,0,0,0,0
2.0,1.0,1.0,,FINES,"The fine for open positions of ELEC-dayX at the end of the day is $20,000/contract.",10,2026-02-01 12:13:21.086533,ELEC-day3,0.0,0.0,0.0,,,0,0,0,0,0,0,0
1.0,1.0,1.0,,Welcome to the RITC2026 GBE Energy Electricity Trading Case - practice server,,10,2026-02-01 12:13:21.086533,ELEC-day4,0.0,0.0,0.0,,,0,0,0,0,0,0,0
,,,,,,10,2026-02-01 12:13:21.086533,ELEC-day5,0.0,0.0,0.0,,,0,0,0,0,0,0,0
,,,,,,10,2026-02-01 12:13:21.086533,ELEC-day6,0.0,0.0,0.0,,,0,0,0,0,0,0,0
,,,,,,10,2026-02-01 12:13:21.086533,ELEC-F,0.0,0.0,0.0,,,0,0,0,0,0,0,0
4.0,1.0,1.0,,TEMPERATURE Forecast for DAY 2,The average temperature tomorrow is forecasted to be between 8 and 18 degrees Celsius.,11,2026-02-01 12:13:22.117660,NG,2.17,2.15,2.19,800000.0,800000.0,0,0,0,0,0,0,0
3.0,1.0,1.0,,You are logged in as a DISTRIBUTOR,,11,2026-02-01 12:13:22.117660,ELEC-day2,0.0,0.0,0.0,,,0,0,0,0,0,0,0
2.0,1.0,1.0,,FINES,"The fine for open positions of ELEC-dayX at the end of the day is $20,000/contract.",11,2026-02-01 12:13:22.117660,ELEC-day3,0.0,0.0,0.0,,,0,0,0,0,0,0,0
1.0,1.0,1.0,,Welcome to the RITC2026 GBE Energy Electricity Trading Case - practice server,,11,2026-02-01 12:13:22.117660,ELEC-day4,0.0,0.0,0.0,,,0,0,0,0,0,0,0
,,,,,,11,2026-02-01 12:13:22.117660,ELEC-day5,0.0,0.0,0.0,,,0,0,0,0,0,0,0
,,,,,,11,2026-02-01 12:13:22.117660,ELEC-day6,0.0,0.0,0.0,,,0,0,0,0,0,0,0
,,,,,,11,2026-02-01 12:13:22.117660,ELEC-F,0.0,0.0,0.0,,,0,0,0,0,0,0,0
4.0,1.0,1.0,,TEMPERATURE Forecast for DAY 2,The average temperature tomorrow is forecasted to be between 8 and 18 degrees Celsius.,12,2026-02-01 12:13:23.151179,NG,2.17,2.15,2.19,800000.0,800000.0,0,0,0,0,0,0,0
3.0,1.0,1.0,,You are logged in as a DISTRIBUTOR,,12,2026-02-01 12:13:23.151179,ELEC-day2,0.0,0.0,0.0,,,0,0,0,0,0,0,0
2.0,1.0,1.0,,FINES,"The fine for open positions of ELEC-dayX at the end of the day is $20,000/contract.",12,2026-02-01 12:13:23.151179,ELEC-day3,0.0,0.0,0.0,,,0,0,0,0,0,0,0
1.0,1.0,1.0,,Welcome to the RITC2026 GBE Energy Electricity Trading Case - practice server,,12,2026-02-01 12:13:23.151179,ELEC-day4,0.0,0.0,0.0,,,0,0,0,0,0,0,0
,,,,,,12,2026-02-01 12:13:23.151179,ELEC-day5,0.0,0.0,0.0,,,0,0,0,0,0,0,0
,,,,,,12,2026-02-01 12:13:23.151179,ELEC-day6,0.0,0.0,0.0,,,0,0,0,0,0,0,0
,,,,,,12,2026-02-01 12:13:23.151179,ELEC-F,0.0,0.0,0.0,,,0,0,0,0,0,0,0
4.0,1.0,1.0,,TEMPERATURE Forecast for DAY 2,The average temperature tomorrow is forecasted to be between 8 and 18 degrees Celsius.,13,2026-02-01 12:13:24.186230,NG,2.16,2.14,2.18,800000.0,800000.0,0,0,0,0,0,0,0
3.0,1.0,1.0,,You are logged in as a DISTRIBUTOR,,13,2026-02-01 12:13:24.186230,ELEC-day2,0.0,0.0,0.0,,,0,0,0,0,0,0,0
2.0,1.0,1.0,,FINES,"The fine for open positions of ELEC-dayX at the end of the day is $20,000/contract.",13,2026-02-01 12:13:24.186230,ELEC-day3,0.0,0.0,0.0,,,0,0,0,0,0,0,0
1.0,1.0,1.0,,Welcome to the RITC2026 GBE Energy Electricity Trading Case - practice server,,13,2026-02-01 12:13:24.186230,ELEC-day4,0.0,0.0,0.0,,,0,0,0,0,0,0,0
,,,,,,13,2026-02-01 12:13:24.186230,ELEC-day5,0.0,0.0,0.0,,,0,0,0,0,0,0,0
,,,,,,13,2026-02-01 12:13:24.186230,ELEC-day6,0.0,0.0,0.0,,,0,0,0,0,0,0,0
,,,,,,13,2026-02-01 12:13:24.186230,ELEC-F,0.0,0.0,0.0,,,0,0,0,0,0,0,0
4.0,1.0,1.0,,TEMPERATURE Forecast for DAY 2,The average temperature tomorrow is forecasted to be between 8 and 18 degrees Celsius.,14,2026-02-01 12:13:25.218533,NG,2.16,2.14,2.18,800000.0,800000.0,0,0,0,0,0,0,0
3.0,1.0,1.0,,You are logged in as a DISTRIBUTOR,,14,2026-02-01 12:13:25.218533,ELEC-day2,0.0,0.0,0.0,,,0,0,0,0,0,0,0
2.0,1.0,1.0,,FINES,"The fine for open positions of ELEC-dayX at the end of the day is $20,000/contract.",14,2026-02-01 12:13:25.218533,ELEC-day3,0.0,0.0,0.0,,,0,0,0,0,0,0,0
1.0,1.0,1.0,,Welcome to the RITC2026 GBE Energy Electricity Trading Case - practice server,,14,2026-02-01 12:13:25.218533,ELEC-day4,0.0,0.0,0.0,,,0,0,0,0,0,0,0
,,,,,,14,2026-02-01 12:13:25.218533,ELEC-day5,0.0,0.0,0.0,,,0,0,0,0,0,0,0
,,,,,,14,2026-02-01 12:13:25.218533,ELEC-day6,0.0,0.0,0.0,,,0,0,0,0,0,0,0
,,,,,,14,2026-02-01 12:13:25.218533,ELEC-F,0.0,0.0,0.0,,,0,0,0,0,0,0,0
4.0,1.0,1.0,,TEMPERATURE Forecast for DAY 2,The average temperature tomorrow is forecasted to be between 8 and 18 degrees Celsius.,15,2026-02-01 12:13:26.277457,NG,2.16,2.14,2.18,800000.0,800000.0,0,0,0,0,0,0,0
3.0,1.0,1.0,,You are logged in as a DISTRIBUTOR,,15,2026-02-01 12:13:26.277457,ELEC-day2,0.0,0.0,0.0,,,0,0,0,0,0,0,0
2.0,1.0,1.0,,FINES,"The fine for open positions of ELEC-dayX at the end of the day is $20,000/contract.",15,2026-02-01 12:13:26.277457,ELEC-day3,0.0,0.0,0.0,,,0,0,0,0,0,0,0
1.0,1.0,1.0,,Welcome to the RITC2026 GBE Energy Electricity Trading Case - practice server,,15,2026-02-01 12:13:26.277457,ELEC-day4,0.0,0.0,0.0,,,0,0,0,0,0,0,0
,,,,,,15,2026-02-01 12:13:26.277457,ELEC-day5,0.0,0.0,0.0,,,0,0,0,0,0,0,0
,,,,,,15,2026-02-01 12:13:26.277457,ELEC-day6,0.0,0.0,0.0,,,0,0,0,0,0,0,0
,,,,,,15,2026-02-01 12:13:26.277457,ELEC-F,0.0,0.0,0.0,,,0,0,0,0,0,0,0
4.0,1.0,1.0,,TEMPERATURE Forecast for DAY 2,The average temperature tomorrow is forecasted to be between 8 and 18 degrees Celsius.,17,2026-02-01 12:13:27.300575,NG,2.17,2.15,2.19,800000.0,800000.0,0,0,0,0,0,0,0
3.0,1.0,1.0,,You are logged in as a DISTRIBUTOR,,17,2026-02-01 12:13:27.300575,ELEC-day2,0.0,0.0,0.0,,,0,0,0,0,0,0,0
2.0,1.0,1.0,,FINES,"The fine for open positions of ELEC-dayX at the end of the day is $20,000/contract.",17,2026-02-01 12:13:27.300575,ELEC-day3,0.0,0.0,0.0,,,0,0,0,0,0,0,0
1.0,1.0,1.0,,Welcome to the RITC2026 GBE Energy Electricity Trading Case - practice server,,17,2026-02-01 12:13:27.300575,ELEC-day4,0.0,0.0,0.0,,,0,0,0,0,0,0,0
,,,,,,17,2026-02-01 12:13:27.300575,ELEC-day5,0.0,0.0,0.0,,,0,0,0,0,0,0,0
,,,,,,17,2026-02-01 12:13:27.300575,ELEC-day6,0.0,0.0,0.0,,,0,0,0,0,0,0,0
,,,,,,17,2026-02-01 12:13:27.300575,ELEC-F,0.0,0.0,0.0,,,0,0,0,0,0,0,0
4.0,1.0,1.0,,TEMPERATURE Forecast for DAY 2,The average temperature tomorrow is forecasted to be between 8 and 18 degrees Celsius.,18,2026-02-01 12:13:28.334388,NG,2.16,2.14,2.18,800000.0,800000.0,0,0,0,0,0,0,0
3.0,1.0,1.0,,You are logged in as a DISTRIBUTOR,,18,2026-02-01 12:13:28.334388,ELEC-day2,0.0,0.0,0.0,,,0,0,0,0,0,0,0
2.0,1.0,1.0,,FINES,"The fine for open positions of ELEC-dayX at the end of the day is $20,000/contract.",18,2026-02-01 12:13:28.334388,ELEC-day3,0.0,0.0,0.0,,,0,0,0,0,0,0,0
1.0,1.0,1.0,,Welcome to the RITC2026 GBE Energy Electricity Trading Case - practice server,,18,2026-02-01 12:13:28.334388,ELEC-day4,0.0,0.0,0.0,,,0,0,0,0,0,0,0
,,,,,,18,2026-02-01 12:13:28.334388,ELEC-day5,0.0,0.0,0.0,,,0,0,0,0,0,0,0
,,,,,,18,2026-02-01 12:13:28.334388,ELEC-day6,0.0,0.0,0.0,,,0,0,0,0,0,0,0
,,,,,,18,2026-02-01 12:13:28.334388,ELEC-F,0.0,0.0,0.0,,,0,0,0,0,0,0,0
4.0,1.0,1.0,,TEMPERATURE Forecast for DAY 2,The average temperature tomorrow is forecasted to be between 8 and 18 degrees Celsius.,19,2026-02-01 12:13:29.367481,NG,2.16,2.14,2.18,800000.0,800000.0,0,0,0,0,0,0,0
3.0,1.0,1.0,,You are logged in as a DISTRIBUTOR,,19,2026-02-01 12:13:29.367481,ELEC-day2,0.0,0.0,0.0,,,0,0,0,0,0,0,0
2.0,1.0,1.0,,FINES,"The fine for open positions of ELEC-dayX at the end of the day is $20,000/contract.",19,2026-02-01 12:13:29.367481,ELEC-day3,0.0,0.0,0.0,,,0,0,0,0,0,0,0
1.0,1.0,1.0,,Welcome to the RITC2026 GBE Energy Electricity Trading Case - practice server,,19,2026-02-01 12:13:29.367481,ELEC-day4,0.0,0.0,0.0,,,0,0,0,0,0,0,0
,,,,,,19,2026-02-01 12:13:29.367481,ELEC-day5,0.0,0.0,0.0,,,0,0,0,0,0,0,0
,,,,,,19,2026-02-01 12:13:29.367481,ELEC-day6,0.0,0.0,0.0,,,0,0,0,0,0,0,0
,,,,,,19,2026-02-01 12:13:29.367481,ELEC-F,0.0,0.0,0.0,,,0,0,0,0,0,0,0
4.0,1.0,1.0,,TEMPERATURE Forecast for DAY 2,The average temperature tomorrow is forecasted to be between 8 and 18 degrees Celsius.,20,2026-02-01 12:13:30.400725,NG,2.15,2.13,2.17,800000.0,800000.0,0,0,0,0,0,0,0
3.0,1.0,1.0,,You are logged in as a DISTRIBUTOR,,20,2026-02-01 12:13:30.400725,ELEC-day2,0.0,0.0,0.0,,,0,0,0,0,0,0,0
2.0,1.0,1.0,,FINES,"The fine for open positions of ELEC-dayX at the end of the day is $20,000/contract.",20,2026-02-01 12:13:30.400725,ELEC-day3,0.0,0.0,0.0,,,0,0,0,0,0,0,0
1.0,1.0,1.0,,Welcome to the RITC2026 GBE Energy Electricity Trading Case - practice server,,20,2026-02-01 12:13:30.400725,ELEC-day4,0.0,0.0,0.0,,,0,0,0,0,0,0,0
,,,,,,20,2026-02-01 12:13:30.400725,ELEC-day5,0.0,0.0,0.0,,,0,0,0,0,0,0,0
,,,,,,20,2026-02-01 12:13:30.400725,ELEC-day6,0.0,0.0,0.0,,,0,0,0,0,0,0,0
,,,,,,20,2026-02-01 12:13:30.400725,ELEC-F,0.0,0.0,0.0,,,0,0,0,0,0,0,0
4.0,1.0,1.0,,TEMPERATURE Forecast for DAY 2,The average temperature tomorrow is forecasted to be between 8 and 18 degrees Celsius.,21,2026-02-01 12:13:31.431815,NG,2.15,2.13,2.17,800000.0,800000.0,0,0,0,0,0,0,0
3.0,1.0,1.0,,You are logged in as a DISTRIBUTOR,,21,2026-02-01 12:13:31.431815,ELEC-day2,0.0,0.0,0.0,,,0,0,0,0,0,0,0
2.0,1.0,1.0,,FINES,"The fine for open positions of ELEC-dayX at the end of the day is $20,000/contract.",21,2026-02-01 12:13:31.431815,ELEC-day3,0.0,0.0,0.0,,,0,0,0,0,0,0,0
1.0,1.0,1.0,,Welcome to the RITC2026 GBE Energy Electricity Trading Case - practice server,,21,2026-02-01 12:13:31.431815,ELEC-day4,0.0,0.0,0.0,,,0,0,0,0,0,0,0
,,,,,,21,2026-02-01 12:13:31.431815,ELEC-day5,0.0,0.0,0.0,,,0,0,0,0,0,0,0
,,,,,,21,2026-02-01 12:13:31.431815,ELEC-day6,0.0,0.0,0.0,,,0,0,0,0,0,0,0
,,,,,,21,2026-02-01 12:13:31.431815,ELEC-F,0.0,0.0,0.0,,,0,0,0,0,0,0,0
4.0,1.0,1.0,,TEMPERATURE Forecast for DAY 2,The average temperature tomorrow is forecasted to be between 8 and 18 degrees Celsius.,22,2026-02-01 12:13:32.467787,NG,2.15,2.13,2.17,800000.0,800000.0,0,0,0,0,0,0,0
3.0,1.0,1.0,,You are logged in as a DISTRIBUTOR,,22,2026-02-01 12:13:32.467787,ELEC-day2,0.0,0.0,0.0,,,0,0,0,0,0,0,0
2.0,1.0,1.0,,FINES,"The fine for open positions of ELEC-dayX at the end of the day is $20,000/contract.",22,2026-02-01 12:13:32.467787,ELEC-day3,0.0,0.0,0.0,,,0,0,0,0,0,0,0
1.0,1.0,1.0,,Welcome to the RITC2026 GBE Energy Electricity Trading Case - practice server,,22,2026-02-01 12:13:32.467787,ELEC-day4,0.0,0.0,0.0,,,0,0,0,0,0,0,0
,,,,,,22,2026-02-01 12:13:32.467787,ELEC-day5,0.0,0.0,0.0,,,0,0,0,0,0,0,0
,,,,,,22,2026-02-01 12:13:32.467787,ELEC-day6,0.0,0.0,0.0,,,0,0,0,0,0,0,0
,,,,,,22,2026-02-01 12:13:32.467787,ELEC-F,0.0,0.0,0.0,,,0,0,0,0,0,0,0
4.0,1.0,1.0,,TEMPERATURE Forecast for DAY 2,The average temperature tomorrow is forecasted to be between 8 and 18 degrees Celsius.,23,2026-02-01 12:13:33.503191,NG,2.15,2.13,2.17,800000.0,800000.0,0,0,0,0,0,0,0
3.0,1.0,1.0,,You are logged in as a DISTRIBUTOR,,23,2026-02-01 12:13:33.503191,ELEC-day2,0.0,0.0,0.0,,,0,0,0,0,0,0,0
2.0,1.0,1.0,,FINES,"The fine for open positions of ELEC-dayX at the end of the day is $20,000/contract.",23,2026-02-01 12:13:33.503191,ELEC-day3,0.0,0.0,0.0,,,0,0,0,0,0,0,0
1.0,1.0,1.0,,Welcome to the RITC2026 GBE Energy Electricity Trading Case - practice server,,23,2026-02-01 12:13:33.503191,ELEC-day4,0.0,0.0,0.0,,,0,0,0,0,0,0,0
,,,,,,23,2026-02-01 12:13:33.503191,ELEC-day5,0.0,0.0,0.0,,,0,0,0,0,0,0,0
,,,,,,23,2026-02-01 12:13:33.503191,ELEC-day6,0.0,0.0,0.0,,,0,0,0,0,0,0,0
,,,,,,23,2026-02-01 12:13:33.503191,ELEC-F,0.0,0.0,0.0,,,0,0,0,0,0,0,0
4.0,1.0,1.0,,TEMPERATURE Forecast for DAY 2,The average temperature tomorrow is forecasted to be between 8 and 18 degrees Celsius.,24,2026-02-01 12:13:34.536411,NG,2.14,2.12,2.16,800000.0,800000.0,0,0,0,0,0,0,0
3.0,1.0,1.0,,You are logged in as a DISTRIBUTOR,,24,2026-02-01 12:13:34.536411,ELEC-day2,0.0,0.0,0.0,,,0,0,0,0,0,0,0
2.0,1.0,1.0,,FINES,"The fine for open positions of ELEC-dayX at the end of the day is $20,000/contract.",24,2026-02-01 12:13:34.536411,ELEC-day3,0.0,0.0,0.0,,,0,0,0,0,0,0,0
1.0,1.0,1.0,,Welcome to the RITC2026 GBE Energy Electricity Trading Case - practice server,,24,2026-02-01 12:13:34.536411,ELEC-day4,0.0,0.0,0.0,,,0,0,0,0,0,0,0
,,,,,,24,2026-02-01 12:13:34.536411,ELEC-day5,0.0,0.0,0.0,,,0,0,0,0,0,0,0
,,,,,,24,2026-02-01 12:13:34.536411,ELEC-day6,0.0,0.0,0.0,,,0,0,0,0,0,0,0
,,,,,,24,2026-02-01 12:13:34.536411,ELEC-F,0.0,0.0,0.0,,,0,0,0,0,0,0,0
4.0,1.0,1.0,,TEMPERATURE Forecast for DAY 2,The average temperature tomorrow is forecasted to be between 8 and 18 degrees Celsius.,25,2026-02-01 12:13:35.567569,NG,2.14,2.12,2.16,800000.0,800000.0,0,0,0,0,0,0,0
3.0,1.0,1.0,,You are logged in as a DISTRIBUTOR,,25,2026-02-01 12:13:35.567569,ELEC-day2,0.0,0.0,0.0,,,0,0,0,0,0,0,0
2.0,1.0,1.0,,FINES,"The fine for open positions of ELEC-dayX at the end of the day is $20,000/contract.",25,2026-02-01 12:13:35.567569,ELEC-day3,0.0,0.0,0.0,,,0,0,0,0,0,0,0
1.0,1.0,1.0,,Welcome to the RITC2026 GBE Energy Electricity Trading Case - practice server,,25,2026-02-01 12:13:35.567569,ELEC-day4,0.0,0.0,0.0,,,0,0,0,0,0,0,0
,,,,,,25,2026-02-01 12:13:35.567569,ELEC-day5,0.0,0.0,0.0,,,0,0,0,0,0,0,0
,,,,,,25,2026-02-01 12:13:35.567569,ELEC-day6,0.0,0.0,0.0,,,0,0,0,0,0,0,0
,,,,,,25,2026-02-01 12:13:35.567569,ELEC-F,0.0,0.0,0.0,,,0,0,0,0,0,0,0
4.0,1.0,1.0,,TEMPERATURE Forecast for DAY 2,The average temperature tomorrow is forecasted to be between 8 and 18 degrees Celsius.,26,2026-02-01 12:13:36.600680,NG,2.14,2.12,2.16,800000.0,800000.0,0,0,0,0,0,0,0
3.0,1.0,1.0,,You are logged in as a DISTRIBUTOR,,26,2026-02-01 12:13:36.600680,ELEC-day2,0.0,0.0,0.0,,,0,0,0,0,0,0,0
2.0,1.0,1.0,,FINES,"The fine for open positions of ELEC-dayX at the end of the day is $20,000/contract.",26,2026-02-01 12:13:36.600680,ELEC-day3,0.0,0.0,0.0,,,0,0,0,0,0,0,0
1.0,1.0,1.0,,Welcome to the RITC2026 GBE Energy Electricity Trading Case - practice server,,26,2026-02-01 12:13:36.600680,ELEC-day4,0.0,0.0,0.0,,,0,0,0,0,0,0,0
,,,,,,26,2026-02-01 12:13:36.600680,ELEC-day5,0.0,0.0,0.0,,,0,0,0,0,0,0,0
,,,,,,26,2026-02-01 12:13:36.600680,ELEC-day6,0.0,0.0,0.0,,,0,0,0,0,0,0,0
,,,,,,26,2026-02-01 12:13:36.600680,ELEC-F,0.0,0.0,0.0,,,0,0,0,0,0,0,0
4.0,1.0,1.0,,TEMPERATURE Forecast for DAY 2,The average temperature tomorrow is forecasted to be between 8 and 18 degrees Celsius.,27,2026-02-01 12:13:37.636242,NG,2.14,2.12,2.16,800000.0,800000.0,0,0,0,0,0,0,0
3.0,1.0,1.0,,You are logged in as a DISTRIBUTOR,,27,2026-02-01 12:13:37.636242,ELEC-day2,0.0,0.0,0.0,,,0,0,0,0,0,0,0
2.0,1.0,1.0,,FINES,"The fine for open positions of ELEC-dayX at the end of the day is $20,000/contract.",27,2026-02-01 12:13:37.636242,ELEC-day3,0.0,0.0,0.0,,,0,0,0,0,0,0,0
1.0,1.0,1.0,,Welcome to the RITC2026 GBE Energy Electricity Trading Case - practice server,,27,2026-02-01 12:13:37.636242,ELEC-day4,0.0,0.0,0.0,,,0,0,0,0,0,0,0
,,,,,,27,2026-02-01 12:13:37.636242,ELEC-day5,0.0,0.0,0.0,,,0,0,0,0,0,0,0
,,,,,,27,2026-02-01 12:13:37.636242,ELEC-day6,0.0,0.0,0.0,,,0,0,0,0,0,0,0
,,,,,,27,2026-02-01 12:13:37.636242,ELEC-F,0.0,0.0,0.0,,,0,0,0,0,0,0,0
4.0,1.0,1.0,,TEMPERATURE Forecast for DAY 2,The average temperature tomorrow is forecasted to be between 8 and 18 degrees Celsius.,28,2026-02-01 12:13:38.672477,NG,2.13,2.11,2.15,800000.0,800000.0,0,0,0,0,0,0,0
3.0,1.0,1.0,,You are logged in as a DISTRIBUTOR,,28,2026-02-01 12:13:38.672477,ELEC-day2,0.0,0.0,0.0,,,0,0,0,0,0,0,0
2.0,1.0,1.0,,FINES,"The fine for open positions of ELEC-dayX at the end of the day is $20,000/contract.",28,2026-02-01 12:13:38.672477,ELEC-day3,0.0,0.0,0.0,,,0,0,0,0,0,0,0
1.0,1.0,1.0,,Welcome to the RITC2026 GBE Energy Electricity Trading Case - practice server,,28,2026-02-01 12:13:38.672477,ELEC-day4,0.0,0.0,0.0,,,0,0,0,0,0,0,0
,,,,,,28,2026-02-01 12:13:38.672477,ELEC-day5,0.0,0.0,0.0,,,0,0,0,0,0,0,0
,,,,,,28,2026-02-01 12:13:38.672477,ELEC-day6,0.0,0.0,0.0,,,0,0,0,0,0,0,0
,,,,,,28,2026-02-01 12:13:38.672477,ELEC-F,0.0,0.0,0.0,,,0,0,0,0,0,0,0
4.0,1.0,1.0,,TEMPERATURE Forecast for DAY 2,The average temperature tomorrow is forecasted to be between 8 and 18 degrees Celsius.,29,2026-02-01 12:13:39.700873,NG,2.13,2.11,2.15,800000.0,800000.0,0,0,0,0,0,0,0
3.0,1.0,1.0,,You are logged in as a DISTRIBUTOR,,29,2026-02-01 12:13:39.700873,ELEC-day2,0.0,0.0,0.0,,,0,0,0,0,0,0,0
2.0,1.0,1.0,,FINES,"The fine for open positions of ELEC-dayX at the end of the day is $20,000/contract.",29,2026-02-01 12:13:39.700873,ELEC-day3,0.0,0.0,0.0,,,0,0,0,0,0,0,0
1.0,1.0,1.0,,Welcome to the RITC2026 GBE Energy Electricity Trading Case - practice server,,29,2026-02-01 12:13:39.700873,ELEC-day4,0.0,0.0,0.0,,,0,0,0,0,0,0,0
,,,,,,29,2026-02-01 12:13:39.700873,ELEC-day5,0.0,0.0,0.0,,,0,0,0,0,0,0,0
,,,,,,29,2026-02-01 12:13:39.700873,ELEC-day6,0.0,0.0,0.0,,,0,0,0,0,0,0,0
,,,,,,29,2026-02-01 12:13:39.700873,ELEC-F,0.0,0.0,0.0,,,0,0,0,0,0,0,0
4.0,1.0,1.0,,TEMPERATURE Forecast for DAY 2,The average temperature tomorrow is forecasted to be between 8 and 18 degrees Celsius.,30,2026-02-01 12:13:40.737657,NG,2.13,2.11,2.15,800000.0,800000.0,0,0,0,0,0,0,0
3.0,1.0,1.0,,You are logged in as a DISTRIBUTOR,,30,2026-02-01 12:13:40.737657,ELEC-day2,0.0,0.0,0.0,,,0,0,0,0,0,0,0
2.0,1.0,1.0,,FINES,"The fine for open positions of ELEC-dayX at the end of the day is $20,000/contract.",30,2026-02-01 12:13:40.737657,ELEC-day3,0.0,0.0,0.0,,,0,0,0,0,0,0,0
1.0,1.0,1.0,,Welcome to the RITC2026 GBE Energy Electricity Trading Case - practice server,,30,2026-02-01 12:13:40.737657,ELEC-day4,0.0,0.0,0.0,,,0,0,0,0,0,0,0
,,,,,,30,2026-02-01 12:13:40.737657,ELEC-day5,0.0,0.0,0.0,,,0,0,0,0,0,0,0
,,,,,,30,2026-02-01 12:13:40.737657,ELEC-day6,0.0,0.0,0.0,,,0,0,0,0,0,0,0
,,,,,,30,2026-02-01 12:13:40.737657,ELEC-F,0.0,0.0,0.0,,,0,0,0,0,0,0,0
4.0,1.0,1.0,,TEMPERATURE Forecast for DAY 2,The average temperature tomorrow is forecasted to be between 8 and 18 degrees Celsius.,31,2026-02-01 12:13:41.776261,NG,2.14,2.12,2.16,800000.0,800000.0,0,0,0,0,0,0,0
3.0,1.0,1.0,,You are logged in as a DISTRIBUTOR,,31,2026-02-01 12:13:41.776261,ELEC-day2,0.0,0.0,0.0,,,0,0,0,0,0,0,0
2.0,1.0,1.0,,FINES,"The fine for open positions of ELEC-dayX at the end of the day is $20,000/contract.",31,2026-02-01 12:13:41.776261,ELEC-day3,0.0,0.0,0.0,,,0,0,0,0,0,0,0
1.0,1.0,1.0,,Welcome to the RITC2026 GBE Energy Electricity Trading Case - practice server,,31,2026-02-01 12:13:41.776261,ELEC-day4,0.0,0.0,0.0,,,0,0,0,0,0,0,0
,,,,,,31,2026-02-01 12:13:41.776261,ELEC-day5,0.0,0.0,0.0,,,0,0,0,0,0,0,0
,,,,,,31,2026-02-01 12:13:41.776261,ELEC-day6,0.0,0.0,0.0,,,0,0,0,0,0,0,0
,,,,,,31,2026-02-01 12:13:41.776261,ELEC-F,0.0,0.0,0.0,,,0,0,0,0,0,0,0
4.0,1.0,1.0,,TEMPERATURE Forecast for DAY 2,The average temperature tomorrow is forecasted to be between 8 and 18 degrees Celsius.,32,2026-02-01 12:13:42.816564,NG,2.13,2.11,2.15,800000.0,800000.0,0,0,0,0,0,0,0
3.0,1.0,1.0,,You are logged in as a DISTRIBUTOR,,32,2026-02-01 12:13:42.816564,ELEC-day2,0.0,0.0,0.0,,,0,0,0,0,0,0,0
2.0,1.0,1.0,,FINES,"The fine for open positions of ELEC-dayX at the end of the day is $20,000/contract.",32,2026-02-01 12:13:42.816564,ELEC-day3,0.0,0.0,0.0,,,0,0,0,0,0,0,0
1.0,1.0,1.0,,Welcome to the RITC2026 GBE Energy Electricity Trading Case - practice server,,32,2026-02-01 12:13:42.816564,ELEC-day4,0.0,0.0,0.0,,,0,0,0,0,0,0,0
,,,,,,32,2026-02-01 12:13:42.816564,ELEC-day5,0.0,0.0,0.0,,,0,0,0,0,0,0,0
,,,,,,32,2026-02-01 12:13:42.816564,ELEC-day6,0.0,0.0,0.0,,,0,0,0,0,0,0,0
,,,,,,32,2026-02-01 12:13:42.816564,ELEC-F,0.0,0.0,0.0,,,0,0,0,0,0,0,0
4.0,1.0,1.0,,TEMPERATURE Forecast for DAY 2,The average temperature tomorrow is forecasted to be between 8 and 18 degrees Celsius.,33,2026-02-01 12:13:43.852848,NG,2.14,2.12,2.16,800000.0,800000.0,0,0,0,0,0,0,0
3.0,1.0,1.0,,You are logged in as a DISTRIBUTOR,,33,2026-02-01 12:13:43.852848,ELEC-day2,0.0,0.0,0.0,,,0,0,0,0,0,0,0
2.0,1.0,1.0,,FINES,"The fine for open positions of ELEC-dayX at the end of the day is $20,000/contract.",33,2026-02-01 12:13:43.852848,ELEC-day3,0.0,0.0,0.0,,,0,0,0,0,0,0,0
1.0,1.0,1.0,,Welcome to the RITC2026 GBE Energy Electricity Trading Case - practice server,,33,2026-02-01 12:13:43.852848,ELEC-day4,0.0,0.0,0.0,,,0,0,0,0,0,0,0
,,,,,,33,2026-02-01 12:13:43.852848,ELEC-day5,0.0,0.0,0.0,,,0,0,0,0,0,0,0
,,,,,,33,2026-02-01 12:13:43.852848,ELEC-day6,0.0,0.0,0.0,,,0,0,0,0,0,0,0
,,,,,,33,2026-02-01 12:13:43.852848,ELEC-F,0.0,0.0,0.0,,,0,0,0,0,0,0,0
4.0,1.0,1.0,,TEMPERATURE Forecast for DAY 2,The average temperature tomorrow is forecasted to be between 8 and 18 degrees Celsius.,34,2026-02-01 12:13:44.887062,NG,2.13,2.11,2.15,800000.0,800000.0,0,0,0,0,0,0,0
3.0,1.0,1.0,,You are logged in as a DISTRIBUTOR,,34,2026-02-01 12:13:44.887062,ELEC-day2,0.0,0.0,0.0,,,0,0,0,0,0,0,0
2.0,1.0,1.0,,FINES,"The fine for open positions of ELEC-dayX at the end of the day is $20,000/contract.",34,2026-02-01 12:13:44.887062,ELEC-day3,0.0,0.0,0.0,,,0,0,0,0,0,0,0
1.0,1.0,1.0,,Welcome to the RITC2026 GBE Energy Electricity Trading Case - practice server,,34,2026-02-01 12:13:44.887062,ELEC-day4,0.0,0.0,0.0,,,0,0,0,0,0,0,0
,,,,,,34,2026-02-01 12:13:44.887062,ELEC-day5,0.0,0.0,0.0,,,0,0,0,0,0,0,0
,,,,,,34,2026-02-01 12:13:44.887062,ELEC-day6,0.0,0.0,0.0,,,0,0,0,0,0,0,0
,,,,,,34,2026-02-01 12:13:44.887062,ELEC-F,0.0,0.0,0.0,,,0,0,0,0,0,0,0
4.0,1.0,1.0,,TEMPERATURE Forecast for DAY 2,The average temperature tomorrow is forecasted to be between 8 and 18 degrees Celsius.,35,2026-02-01 12:13:45.926487,NG,2.13,2.11,2.15,800000.0,800000.0,0,0,0,0,0,0,0
3.0,1.0,1.0,,You are logged in as a DISTRIBUTOR,,35,2026-02-01 12:13:45.926487,ELEC-day2,0.0,0.0,0.0,,,0,0,0,0,0,0,0
2.0,1.0,1.0,,FINES,"The fine for open positions of ELEC-dayX at the end of the day is $20,000/contract.",35,2026-02-01 12:13:45.926487,ELEC-day3,0.0,0.0,0.0,,,0,0,0,0,0,0,0
1.0,1.0,1.0,,Welcome to the RITC2026 GBE Energy Electricity Trading Case - practice server,,35,2026-02-01 12:13:45.926487,ELEC-day4,0.0,0.0,0.0,,,0,0,0,0,0,0,0
,,,,,,35,2026-02-01 12:13:45.926487,ELEC-day5,0.0,0.0,0.0,,,0,0,0,0,0,0,0
,,,,,,35,2026-02-01 12:13:45.926487,ELEC-day6,0.0,0.0,0.0,,,0,0,0,0,0,0,0
,,,,,,35,2026-02-01 12:13:45.926487,ELEC-F,0.0,0.0,0.0,,,0,0,0,0,0,0,0
4.0,1.0,1.0,,TEMPERATURE Forecast for DAY 2,The average temperature tomorrow is forecasted to be between 8 and 18 degrees Celsius.,36,2026-02-01 12:13:46.956771,NG,2.13,2.11,2.15,800000.0,800000.0,0,0,0,0,0,0,0
3.0,1.0,1.0,,You are logged in as a DISTRIBUTOR,,36,2026-02-01 12:13:46.956771,ELEC-day2,0.0,0.0,0.0,,,0,0,0,0,0,0,0
2.0,1.0,1.0,,FINES,"The fine for open positions of ELEC-dayX at the end of the day is $20,000/contract.",36,2026-02-01 12:13:46.956771,ELEC-day3,0.0,0.0,0.0,,,0,0,0,0,0,0,0
1.0,1.0,1.0,,Welcome to the RITC2026 GBE Energy Electricity Trading Case - practice server,,36,2026-02-01 12:13:46.956771,ELEC-day4,0.0,0.0,0.0,,,0,0,0,0,0,0,0
,,,,,,36,2026-02-01 12:13:46.956771,ELEC-day5,0.0,0.0,0.0,,,0,0,0,0,0,0,0
,,,,,,36,2026-02-01 12:13:46.956771,ELEC-day6,0.0,0.0,0.0,,,0,0,0,0,0,0,0
,,,,,,36,2026-02-01 12:13:46.956771,ELEC-F,0.0,0.0,0.0,,,0,0,0,0,0,0,0
4.0,1.0,1.0,,TEMPERATURE Forecast for DAY 2,The average temperature tomorrow is forecasted to be between 8 and 18 degrees Celsius.,37,2026-02-01 12:13:47.986585,NG,2.14,2.12,2.16,800000.0,800000.0,0,0,0,0,0,0,0
3.0,1.0,1.0,,You are logged in as a DISTRIBUTOR,,37,2026-02-01 12:13:47.986585,ELEC-day2,0.0,0.0,0.0,,,0,0,0,0,0,0,0
2.0,1.0,1.0,,FINES,"The fine for open positions of ELEC-dayX at the end of the day is $20,000/contract.",37,2026-02-01 12:13:47.986585,ELEC-day3,0.0,0.0,0.0,,,0,0,0,0,0,0,0
1.0,1.0,1.0,,Welcome to the RITC2026 GBE Energy Electricity Trading Case - practice server,,37,2026-02-01 12:13:47.986585,ELEC-day4,0.0,0.0,0.0,,,0,0,0,0,0,0,0
,,,,,,37,2026-02-01 12:13:47.986585,ELEC-day5,0.0,0.0,0.0,,,0,0,0,0,0,0,0
,,,,,,37,2026-02-01 12:13:47.986585,ELEC-day6,0.0,0.0,0.0,,,0,0,0,0,0,0,0
,,,,,,37,2026-02-01 12:13:47.986585,ELEC-F,0.0,0.0,0.0,,,0,0,0,0,0,0,0
4.0,1.0,1.0,,TEMPERATURE Forecast for DAY 2,The average temperature tomorrow is forecasted to be between 8 and 18 degrees Celsius.,38,2026-02-01 12:13:49.032088,NG,2.13,2.11,2.15,800000.0,800000.0,0,0,0,0,0,0,0
3.0,1.0,1.0,,You are logged in as a DISTRIBUTOR,,38,2026-02-01 12:13:49.032088,ELEC-day2,0.0,0.0,0.0,,,0,0,0,0,0,0,0
2.0,1.0,1.0,,FINES,"The fine for open positions of ELEC-dayX at the end of the day is $20,000/contract.",38,2026-02-01 12:13:49.032088,ELEC-day3,0.0,0.0,0.0,,,0,0,0,0,0,0,0
1.0,1.0,1.0,,Welcome to the RITC2026 GBE Energy Electricity Trading Case - practice server,,38,2026-02-01 12:13:49.032088,ELEC-day4,0.0,0.0,0.0,,,0,0,0,0,0,0,0
,,,,,,38,2026-02-01 12:13:49.032088,ELEC-day5,0.0,0.0,0.0,,,0,0,0,0,0,0,0
,,,,,,38,2026-02-01 12:13:49.032088,ELEC-day6,0.0,0.0,0.0,,,0,0,0,0,0,0,0
,,,,,,38,2026-02-01 12:13:49.032088,ELEC-F,0.0,0.0,0.0,,,0,0,0,0,0,0,0
4.0,1.0,1.0,,TEMPERATURE Forecast for DAY 2,The average temperature tomorrow is forecasted to be between 8 and 18 degrees Celsius.,39,2026-02-01 12:13:50.065356,NG,2.12,2.1,2.14,800000.0,800000.0,0,0,0,0,0,0,0
3.0,1.0,1.0,,You are logged in as a DISTRIBUTOR,,39,2026-02-01 12:13:50.065356,ELEC-day2,0.0,0.0,0.0,,,0,0,0,0,0,0,0
2.0,1.0,1.0,,FINES,"The fine for open positions of ELEC-dayX at the end of the day is $20,000/contract.",39,2026-02-01 12:13:50.065356,ELEC-day3,0.0,0.0,0.0,,,0,0,0,0,0,0,0
1.0,1.0,1.0,,Welcome to the RITC2026 GBE Energy Electricity Trading Case - practice server,,39,2026-02-01 12:13:50.065356,ELEC-day4,0.0,0.0,0.0,,,0,0,0,0,0,0,0
,,,,,,39,2026-02-01 12:13:50.065356,ELEC-day5,0.0,0.0,0.0,,,0,0,0,0,0,0,0
,,,,,,39,2026-02-01 12:13:50.065356,ELEC-day6,0.0,0.0,0.0,,,0,0,0,0,0,0,0
,,,,,,39,2026-02-01 12:13:50.065356,ELEC-F,0.0,0.0,0.0,,,0,0,0,0,0,0,0
4.0,1.0,1.0,,TEMPERATURE Forecast for DAY 2,The average temperature tomorrow is forecasted to be between 8 and 18 degrees Celsius.,40,2026-02-01 12:13:51.091564,NG,2.13,2.11,2.15,800000.0,800000.0,0,0,0,0,0,0,0
3.0,1.0,1.0,,You are logged in as a DISTRIBUTOR,,40,2026-02-01 12:13:51.091564,ELEC-day2,0.0,0.0,0.0,,,0,0,0,0,0,0,0
2.0,1.0,1.0,,FINES,"The fine for open positions of ELEC-dayX at the end of the day is $20,000/contract.",40,2026-02-01 12:13:51.091564,ELEC-day3,0.0,0.0,0.0,,,0,0,0,0,0,0,0
1.0,1.0,1.0,,Welcome to the RITC2026 GBE Energy Electricity Trading Case - practice server,,40,2026-02-01 12:13:51.091564,ELEC-day4,0.0,0.0,0.0,,,0,0,0,0,0,0,0
,,,,,,40,2026-02-01 12:13:51.091564,ELEC-day5,0.0,0.0,0.0,,,0,0,0,0,0,0,0
,,,,,,40,2026-02-01 12:13:51.091564,ELEC-day6,0.0,0.0,0.0,,,0,0,0,0,0,0,0
,,,,,,40,2026-02-01 12:13:51.091564,ELEC-F,0.0,0.0,0.0,,,0,0,0,0,0,0,0
4.0,1.0,1.0,,TEMPERATURE Forecast for DAY 2,The average temperature tomorrow is forecasted to be between 8 and 18 degrees Celsius.,41,2026-02-01 12:13:52.131350,NG,2.14,2.12,2.16,800000.0,800000.0,0,0,0,0,0,0,0
3.0,1.0,1.0,,You are logged in as a DISTRIBUTOR,,41,2026-02-01 12:13:52.131350,ELEC-day2,0.0,0.0,0.0,,,0,0,0,0,0,0,0
2.0,1.0,1.0,,FINES,"The fine for open positions of ELEC-dayX at the end of the day is $20,000/contract.",41,2026-02-01 12:13:52.131350,ELEC-day3,0.0,0.0,0.0,,,0,0,0,0,0,0,0
1.0,1.0,1.0,,Welcome to the RITC2026 GBE Energy Electricity Trading Case - practice server,,41,2026-02-01 12:13:52.131350,ELEC-day4,0.0,0.0,0.0,,,0,0,0,0,0,0,0
,,,,,,41,2026-02-01 12:13:52.131350,ELEC-day5,0.0,0.0,0.0,,,0,0,0,0,0,0,0
,,,,,,41,2026-02-01 12:13:52.131350,ELEC-day6,0.0,0.0,0.0,,,0,0,0,0,0,0,0
,,,,,,41,2026-02-01 12:13:52.131350,ELEC-F,0.0,0.0,0.0,,,0,0,0,0,0,0,0
4.0,1.0,1.0,,TEMPERATURE Forecast for DAY 2,The average temperature tomorrow is forecasted to be between 8 and 18 degrees Celsius.,42,2026-02-01 12:13:53.153478,NG,2.14,2.12,2.16,800000.0,800000.0,0,0,0,0,0,0,0
3.0,1.0,1.0,,You are logged in as a DISTRIBUTOR,,42,2026-02-01 12:13:53.153478,ELEC-day2,0.0,0.0,0.0,,,0,0,0,0,0,0,0
2.0,1.0,1.0,,FINES,"The fine for open positions of ELEC-dayX at the end of the day is $20,000/contract.",42,2026-02-01 12:13:53.153478,ELEC-day3,0.0,0.0,0.0,,,0,0,0,0,0,0,0
1.0,1.0,1.0,,Welcome to the RITC2026 GBE Energy Electricity Trading Case - practice server,,42,2026-02-01 12:13:53.153478,ELEC-day4,0.0,0.0,0.0,,,0,0,0,0,0,0,0
,,,,,,42,2026-02-01 12:13:53.153478,ELEC-day5,0.0,0.0,0.0,,,0,0,0,0,0,0,0
,,,,,,42,2026-02-01 12:13:53.153478,ELEC-day6,0.0,0.0,0.0,,,0,0,0,0,0,0,0
,,,,,,42,2026-02-01 12:13:53.153478,ELEC-F,0.0,0.0,0.0,,,0,0,0,0,0,0,0
4.0,1.0,1.0,,TEMPERATURE Forecast for DAY 2,The average temperature tomorrow is forecasted to be between 8 and 18 degrees Celsius.,43,2026-02-01 12:13:54.186586,NG,2.14,2.12,2.16,800000.0,800000.0,0,0,0,0,0,0,0
3.0,1.0,1.0,,You are logged in as a DISTRIBUTOR,,43,2026-02-01 12:13:54.186586,ELEC-day2,0.0,0.0,0.0,,,0,0,0,0,0,0,0
2.0,1.0,1.0,,FINES,"The fine for open positions of ELEC-dayX at the end of the day is $20,000/contract.",43,2026-02-01 12:13:54.186586,ELEC-day3,0.0,0.0,0.0,,,0,0,0,0,0,0,0
1.0,1.0,1.0,,Welcome to the RITC2026 GBE Energy Electricity Trading Case - practice server,,43,2026-02-01 12:13:54.186586,ELEC-day4,0.0,0.0,0.0,,,0,0,0,0,0,0,0
,,,,,,43,2026-02-01 12:13:54.186586,ELEC-day5,0.0,0.0,0.0,,,0,0,0,0,0,0,0
,,,,,,43,2026-02-01 12:13:54.186586,ELEC-day6,0.0,0.0,0.0,,,0,0,0,0,0,0,0
,,,,,,43,2026-02-01 12:13:54.186586,ELEC-F,0.0,0.0,0.0,,,0,0,0,0,0,0,0
4.0,1.0,1.0,,TEMPERATURE Forecast for DAY 2,The average temperature tomorrow is forecasted to be between 8 and 18 degrees Celsius.,44,2026-02-01 12:13:55.229915,NG,2.14,2.12,2.16,800000.0,800000.0,0,0,0,0,0,0,0
3.0,1.0,1.0,,You are logged in as a DISTRIBUTOR,,44,2026-02-01 12:13:55.229915,ELEC-day2,0.0,0.0,0.0,,,0,0,0,0,0,0,0
2.0,1.0,1.0,,FINES,"The fine for open positions of ELEC-dayX at the end of the day is $20,000/contract.",44,2026-02-01 12:13:55.229915,ELEC-day3,0.0,0.0,0.0,,,0,0,0,0,0,0,0
1.0,1.0,1.0,,Welcome to the RITC2026 GBE Energy Electricity Trading Case - practice server,,44,2026-02-01 12:13:55.229915,ELEC-day4,0.0,0.0,0.0,,,0,0,0,0,0,0,0
,,,,,,44,2026-02-01 12:13:55.229915,ELEC-day5,0.0,0.0,0.0,,,0,0,0,0,0,0,0
,,,,,,44,2026-02-01 12:13:55.229915,ELEC-day6,0.0,0.0,0.0,,,0,0,0,0,0,0,0
,,,,,,44,2026-02-01 12:13:55.229915,ELEC-F,0.0,0.0,0.0,,,0,0,0,0,0,0,0
4.0,1.0,1.0,,TEMPERATURE Forecast for DAY 2,The average temperature tomorrow is forecasted to be between 8 and 18 degrees Celsius.,45,2026-02-01 12:13:56.251630,NG,2.14,2.12,2.16,800000.0,800000.0,0,0,0,0,0,0,0
3.0,1.0,1.0,,You are logged in as a DISTRIBUTOR,,45,2026-02-01 12:13:56.251630,ELEC-day2,0.0,0.0,0.0,,,0,0,0,0,0,0,0
2.0,1.0,1.0,,FINES,"The fine for open positions of ELEC-dayX at the end of the day is $20,000/contract.",45,2026-02-01 12:13:56.251630,ELEC-day3,0.0,0.0,0.0,,,0,0,0,0,0,0,0
1.0,1.0,1.0,,Welcome to the RITC2026 GBE Energy Electricity Trading Case - practice server,,45,2026-02-01 12:13:56.251630,ELEC-day4,0.0,0.0,0.0,,,0,0,0,0,0,0,0
,,,,,,45,2026-02-01 12:13:56.251630,ELEC-day5,0.0,0.0,0.0,,,0,0,0,0,0,0,0
,,,,,,45,2026-02-01 12:13:56.251630,ELEC-day6,0.0,0.0,0.0,,,0,0,0,0,0,0,0
,,,,,,45,2026-02-01 12:13:56.251630,ELEC-F,0.0,0.0,0.0,,,0,0,0,0,0,0,0
4.0,1.0,1.0,,TEMPERATURE Forecast for DAY 2,The average temperature tomorrow is forecasted to be between 8 and 18 degrees Celsius.,46,2026-02-01 12:13:57.276549,NG,2.14,2.12,2.16,800000.0,800000.0,0,0,0,0,0,0,0
3.0,1.0,1.0,,You are logged in as a DISTRIBUTOR,,46,2026-02-01 12:13:57.276549,ELEC-day2,0.0,0.0,0.0,,,0,0,0,0,0,0,0
2.0,1.0,1.0,,FINES,"The fine for open positions of ELEC-dayX at the end of the day is $20,000/contract.",46,2026-02-01 12:13:57.276549,ELEC-day3,0.0,0.0,0.0,,,0,0,0,0,0,0,0
1.0,1.0,1.0,,Welcome to the RITC2026 GBE Energy Electricity Trading Case - practice server,,46,2026-02-01 12:13:57.276549,ELEC-day4,0.0,0.0,0.0,,,0,0,0,0,0,0,0
,,,,,,46,2026-02-01 12:13:57.276549,ELEC-day5,0.0,0.0,0.0,,,0,0,0,0,0,0,0
,,,,,,46,2026-02-01 12:13:57.276549,ELEC-day6,0.0,0.0,0.0,,,0,0,0,0,0,0,0
,,,,,,46,2026-02-01 12:13:57.276549,ELEC-F,0.0,0.0,0.0,,,0,0,0,0,0,0,0
4.0,1.0,1.0,,TEMPERATURE Forecast for DAY 2,The average temperature tomorrow is forecasted to be between 8 and 18 degrees Celsius.,47,2026-02-01 12:13:58.296690,NG,2.14,2.12,2.16,800000.0,800000.0,0,0,0,0,0,0,0
3.0,1.0,1.0,,You are logged in as a DISTRIBUTOR,,47,2026-02-01 12:13:58.296690,ELEC-day2,0.0,0.0,0.0,,,0,0,0,0,0,0,0
2.0,1.0,1.0,,FINES,"The fine for open positions of ELEC-dayX at the end of the day is $20,000/contract.",47,2026-02-01 12:13:58.296690,ELEC-day3,0.0,0.0,0.0,,,0,0,0,0,0,0,0
1.0,1.0,1.0,,Welcome to the RITC2026 GBE Energy Electricity Trading Case - practice server,,47,2026-02-01 12:13:58.296690,ELEC-day4,0.0,0.0,0.0,,,0,0,0,0,0,0,0
,,,,,,47,2026-02-01 12:13:58.296690,ELEC-day5,0.0,0.0,0.0,,,0,0,0,0,0,0,0
,,,,,,47,2026-02-01 12:13:58.296690,ELEC-day6,0.0,0.0,0.0,,,0,0,0,0,0,0,0
,,,,,,47,2026-02-01 12:13:58.296690,ELEC-F,0.0,0.0,0.0,,,0,0,0,0,0,0,0
4.0,1.0,1.0,,TEMPERATURE Forecast for DAY 2,The average temperature tomorrow is forecasted to be between 8 and 18 degrees Celsius.,48,2026-02-01 12:13:59.326408,NG,2.14,2.12,2.16,800000.0,800000.0,0,0,0,0,0,0,0
3.0,1.0,1.0,,You are logged in as a DISTRIBUTOR,,48,2026-02-01 12:13:59.326408,ELEC-day2,0.0,0.0,0.0,,,0,0,0,0,0,0,0
2.0,1.0,1.0,,FINES,"The fine for open positions of ELEC-dayX at the end of the day is $20,000/contract.",48,2026-02-01 12:13:59.326408,ELEC-day3,0.0,0.0,0.0,,,0,0,0,0,0,0,0
1.0,1.0,1.0,,Welcome to the RITC2026 GBE Energy Electricity Trading Case - practice server,,48,2026-02-01 12:13:59.326408,ELEC-day4,0.0,0.0,0.0,,,0,0,0,0,0,0,0
,,,,,,48,2026-02-01 12:13:59.326408,ELEC-day5,0.0,0.0,0.0,,,0,0,0,0,0,0,0
,,,,,,48,2026-02-01 12:13:59.326408,ELEC-day6,0.0,0.0,0.0,,,0,0,0,0,0,0,0
,,,,,,48,2026-02-01 12:13:59.326408,ELEC-F,0.0,0.0,0.0,,,0,0,0,0,0,0,0
4.0,1.0,1.0,,TEMPERATURE Forecast for DAY 2,The average temperature tomorrow is forecasted to be between 8 and 18 degrees Celsius.,49,2026-02-01 12:14:00.346332,NG,2.14,2.12,2.16,800000.0,800000.0,0,0,0,0,0,0,0
3.0,1.0,1.0,,You are logged in as a DISTRIBUTOR,,49,2026-02-01 12:14:00.346332,ELEC-day2,0.0,0.0,0.0,,,0,0,0,0,0,0,0
2.0,1.0,1.0,,FINES,"The fine for open positions of ELEC-dayX at the end of the day is $20,000/contract.",49,2026-02-01 12:14:00.346332,ELEC-day3,0.0,0.0,0.0,,,0,0,0,0,0,0,0
1.0,1.0,1.0,,Welcome to the RITC2026 GBE Energy Electricity Trading Case - practice server,,49,2026-02-01 12:14:00.346332,ELEC-day4,0.0,0.0,0.0,,,0,0,0,0,0,0,0
,,,,,,49,2026-02-01 12:14:00.346332,ELEC-day5,0.0,0.0,0.0,,,0,0,0,0,0,0,0
,,,,,,49,2026-02-01 12:14:00.346332,ELEC-day6,0.0,0.0,0.0,,,0,0,0,0,0,0,0
,,,,,,49,2026-02-01 12:14:00.346332,ELEC-F,0.0,0.0,0.0,,,0,0,0,0,0,0,0
4.0,1.0,1.0,,TEMPERATURE Forecast for DAY 2,The average temperature tomorrow is forecasted to be between 8 and 18 degrees Celsius.,50,2026-02-01 12:14:01.361546,NG,2.15,2.13,2.17,800000.0,800000.0,0,0,0,0,0,0,0
3.0,1.0,1.0,,You are logged in as a DISTRIBUTOR,,50,2026-02-01 12:14:01.361546,ELEC-day2,0.0,0.0,0.0,,,0,0,0,0,0,0,0
2.0,1.0,1.0,,FINES,"The fine for open positions of ELEC-dayX at the end of the day is $20,000/contract.",50,2026-02-01 12:14:01.361546,ELEC-day3,0.0,0.0,0.0,,,0,0,0,0,0,0,0
1.0,1.0,1.0,,Welcome to the RITC2026 GBE Energy Electricity Trading Case - practice server,,50,2026-02-01 12:14:01.361546,ELEC-day4,0.0,0.0,0.0,,,0,0,0,0,0,0,0
,,,,,,50,2026-02-01 12:14:01.361546,ELEC-day5,0.0,0.0,0.0,,,0,0,0,0,0,0,0
,,,,,,50,2026-02-01 12:14:01.361546,ELEC-day6,0.0,0.0,0.0,,,0,0,0,0,0,0,0
,,,,,,50,2026-02-01 12:14:01.361546,ELEC-F,0.0,0.0,0.0,,,0,0,0,0,0,0,0
4.0,1.0,1.0,,TEMPERATURE Forecast for DAY 2,The average temperature tomorrow is forecasted to be between 8 and 18 degrees Celsius.,51,2026-02-01 12:14:02.381161,NG,2.15,2.13,2.17,800000.0,800000.0,0,0,0,0,0,0,0
3.0,1.0,1.0,,You are logged in as a DISTRIBUTOR,,51,2026-02-01 12:14:02.381161,ELEC-day2,0.0,0.0,0.0,,,0,0,0,0,0,0,0
2.0,1.0,1.0,,FINES,"The fine for open positions of ELEC-dayX at the end of the day is $20,000/contract.",51,2026-02-01 12:14:02.381161,ELEC-day3,0.0,0.0,0.0,,,0,0,0,0,0,0,0
1.0,1.0,1.0,,Welcome to the RITC2026 GBE Energy Electricity Trading Case - practice server,,51,2026-02-01 12:14:02.381161,ELEC-day4,0.0,0.0,0.0,,,0,0,0,0,0,0,0
,,,,,,51,2026-02-01 12:14:02.381161,ELEC-day5,0.0,0.0,0.0,,,0,0,0,0,0,0,0
,,,,,,51,2026-02-01 12:14:02.381161,ELEC-day6,0.0,0.0,0.0,,,0,0,0,0,0,0,0
,,,,,,51,2026-02-01 12:14:02.381161,ELEC-F,0.0,0.0,0.0,,,0,0,0,0,0,0,0
4.0,1.0,1.0,,TEMPERATURE Forecast for DAY 2,The average temperature tomorrow is forecasted to be between 8 and 18 degrees Celsius.,52,2026-02-01 12:14:03.446278,NG,2.15,2.13,2.17,800000.0,800000.0,0,0,0,0,0,0,0
3.0,1.0,1.0,,You are logged in as a DISTRIBUTOR,,52,2026-02-01 12:14:03.446278,ELEC-day2,0.0,0.0,0.0,,,0,0,0,0,0,0,0
2.0,1.0,1.0,,FINES,"The fine for open positions of ELEC-dayX at the end of the day is $20,000/contract.",52,2026-02-01 12:14:03.446278,ELEC-day3,0.0,0.0,0.0,,,0,0,0,0,0,0,0
1.0,1.0,1.0,,Welcome to the RITC2026 GBE Energy Electricity Trading Case - practice server,,52,2026-02-01 12:14:03.446278,ELEC-day4,0.0,0.0,0.0,,,0,0,0,0,0,0,0
,,,,,,52,2026-02-01 12:14:03.446278,ELEC-day5,0.0,0.0,0.0,,,0,0,0,0,0,0,0
,,,,,,52,2026-02-01 12:14:03.446278,ELEC-day6,0.0,0.0,0.0,,,0,0,0,0,0,0,0
,,,,,,52,2026-02-01 12:14:03.446278,ELEC-F,0.0,0.0,0.0,,,0,0,0,0,0,0,0
4.0,1.0,1.0,,TEMPERATURE Forecast for DAY 2,The average temperature tomorrow is forecasted to be between 8 and 18 degrees Celsius.,54,2026-02-01 12:14:04.481229,NG,2.15,2.13,2.17,800000.0,800000.0,0,0,0,0,0,0,0
3.0,1.0,1.0,,You are logged in as a DISTRIBUTOR,,54,2026-02-01 12:14:04.481229,ELEC-day2,0.0,0.0,0.0,,,0,0,0,0,0,0,0
2.0,1.0,1.0,,FINES,"The fine for open positions of ELEC-dayX at the end of the day is $20,000/contract.",54,2026-02-01 12:14:04.481229,ELEC-day3,0.0,0.0,0.0,,,0,0,0,0,0,0,0
1.0,1.0,1.0,,Welcome to the RITC2026 GBE Energy Electricity Trading Case - practice server,,54,2026-02-01 12:14:04.481229,ELEC-day4,0.0,0.0,0.0,,,0,0,0,0,0,0,0
,,,,,,54,2026-02-01 12:14:04.481229,ELEC-day5,0.0,0.0,0.0,,,0,0,0,0,0,0,0
,,,,,,54,2026-02-01 12:14:04.481229,ELEC-day6,0.0,0.0,0.0,,,0,0,0,0,0,0,0
,,,,,,54,2026-02-01 12:14:04.481229,ELEC-F,0.0,0.0,0.0,,,0,0,0,0,0,0,0
4.0,1.0,1.0,,TEMPERATURE Forecast for DAY 2,The average temperature tomorrow is forecasted to be between 8 and 18 degrees Celsius.,55,2026-02-01 12:14:05.506272,NG,2.14,2.12,2.16,800000.0,800000.0,0,0,0,0,0,0,0
3.0,1.0,1.0,,You are logged in as a DISTRIBUTOR,,55,2026-02-01 12:14:05.506272,ELEC-day2,0.0,0.0,0.0,,,0,0,0,0,0,0,0
2.0,1.0,1.0,,FINES,"The fine for open positions of ELEC-dayX at the end of the day is $20,000/contract.",55,2026-02-01 12:14:05.506272,ELEC-day3,0.0,0.0,0.0,,,0,0,0,0,0,0,0
1.0,1.0,1.0,,Welcome to the RITC2026 GBE Energy Electricity Trading Case - practice server,,55,2026-02-01 12:14:05.506272,ELEC-day4,0.0,0.0,0.0,,,0,0,0,0,0,0,0
,,,,,,55,2026-02-01 12:14:05.506272,ELEC-day5,0.0,0.0,0.0,,,0,0,0,0,0,0,0
,,,,,,55,2026-02-01 12:14:05.506272,ELEC-day6,0.0,0.0,0.0,,,0,0,0,0,0,0,0
,,,,,,55,2026-02-01 12:14:05.506272,ELEC-F,0.0,0.0,0.0,,,0,0,0,0,0,0,0
4.0,1.0,1.0,,TEMPERATURE Forecast for DAY 2,The average temperature tomorrow is forecasted to be between 8 and 18 degrees Celsius.,56,2026-02-01 12:14:06.531383,NG,2.15,2.13,2.17,800000.0,800000.0,0,0,0,0,0,0,0
3.0,1.0,1.0,,You are logged in as a DISTRIBUTOR,,56,2026-02-01 12:14:06.531383,ELEC-day2,0.0,0.0,0.0,,,0,0,0,0,0,0,0
2.0,1.0,1.0,,FINES,"The fine for open positions of ELEC-dayX at the end of the day is $20,000/contract.",56,2026-02-01 12:14:06.531383,ELEC-day3,0.0,0.0,0.0,,,0,0,0,0,0,0,0
1.0,1.0,1.0,,Welcome to the RITC2026 GBE Energy Electricity Trading Case - practice server,,56,2026-02-01 12:14:06.531383,ELEC-day4,0.0,0.0,0.0,,,0,0,0,0,0,0,0
,,,,,,56,2026-02-01 12:14:06.531383,ELEC-day5,0.0,0.0,0.0,,,0,0,0,0,0,0,0
,,,,,,56,2026-02-01 12:14:06.531383,ELEC-day6,0.0,0.0,0.0,,,0,0,0,0,0,0,0
,,,,,,56,2026-02-01 12:14:06.531383,ELEC-F,0.0,0.0,0.0,,,0,0,0,0,0,0,0
4.0,1.0,1.0,,TEMPERATURE Forecast for DAY 2,The average temperature tomorrow is forecasted to be between 8 and 18 degrees Celsius.,57,2026-02-01 12:14:07.566445,NG,2.15,2.13,2.17,800000.0,800000.0,0,0,0,0,0,0,0
3.0,1.0,1.0,,You are logged in as a DISTRIBUTOR,,57,2026-02-01 12:14:07.566445,ELEC-day2,0.0,0.0,0.0,,,0,0,0,0,0,0,0
2.0,1.0,1.0,,FINES,"The fine for open positions of ELEC-dayX at the end of the day is $20,000/contract.",57,2026-02-01 12:14:07.566445,ELEC-day3,0.0,0.0,0.0,,,0,0,0,0,0,0,0
1.0,1.0,1.0,,Welcome to the RITC2026 GBE Energy Electricity Trading Case - practice server,,57,2026-02-01 12:14:07.566445,ELEC-day4,0.0,0.0,0.0,,,0,0,0,0,0,0,0
,,,,,,57,2026-02-01 12:14:07.566445,ELEC-day5,0.0,0.0,0.0,,,0,0,0,0,0,0,0
,,,,,,57,2026-02-01 12:14:07.566445,ELEC-day6,0.0,0.0,0.0,,,0,0,0,0,0,0,0
,,,,,,57,2026-02-01 12:14:07.566445,ELEC-F,0.0,0.0,0.0,,,0,0,0,0,0,0,0
4.0,1.0,1.0,,TEMPERATURE Forecast for DAY 2,The average temperature tomorrow is forecasted to be between 8 and 18 degrees Celsius.,58,2026-02-01 12:14:08.596364,NG,2.15,2.13,2.17,800000.0,800000.0,0,0,0,0,0,0,0
3.0,1.0,1.0,,You are logged in as a DISTRIBUTOR,,58,2026-02-01 12:14:08.596364,ELEC-day2,0.0,0.0,0.0,,,0,0,0,0,0,0,0
2.0,1.0,1.0,,FINES,"The fine for open positions of ELEC-dayX at the end of the day is $20,000/contract.",58,2026-02-01 12:14:08.596364,ELEC-day3,0.0,0.0,0.0,,,0,0,0,0,0,0,0
1.0,1.0,1.0,,Welcome to the RITC2026 GBE Energy Electricity Trading Case - practice server,,58,2026-02-01 12:14:08.596364,ELEC-day4,0.0,0.0,0.0,,,0,0,0,0,0,0,0
,,,,,,58,2026-02-01 12:14:08.596364,ELEC-day5,0.0,0.0,0.0,,,0,0,0,0,0,0,0
,,,,,,58,2026-02-01 12:14:08.596364,ELEC-day6,0.0,0.0,0.0,,,0,0,0,0,0,0,0
,,,,,,58,2026-02-01 12:14:08.596364,ELEC-F,0.0,0.0,0.0,,,0,0,0,0,0,0,0
4.0,1.0,1.0,,TEMPERATURE Forecast for DAY 2,The average temperature tomorrow is forecasted to be between 8 and 18 degrees Celsius.,59,2026-02-01 12:14:09.634722,NG,2.15,2.13,2.17,800000.0,800000.0,0,0,0,0,0,0,0
3.0,1.0,1.0,,You are logged in as a DISTRIBUTOR,,59,2026-02-01 12:14:09.634722,ELEC-day2,0.0,0.0,0.0,,,0,0,0,0,0,0,0
2.0,1.0,1.0,,FINES,"The fine for open positions of ELEC-dayX at the end of the day is $20,000/contract.",59,2026-02-01 12:14:09.634722,ELEC-day3,0.0,0.0,0.0,,,0,0,0,0,0,0,0
1.0,1.0,1.0,,Welcome to the RITC2026 GBE Energy Electricity Trading Case - practice server,,59,2026-02-01 12:14:09.634722,ELEC-day4,0.0,0.0,0.0,,,0,0,0,0,0,0,0
,,,,,,59,2026-02-01 12:14:09.634722,ELEC-day5,0.0,0.0,0.0,,,0,0,0,0,0,0,0
,,,,,,59,2026-02-01 12:14:09.634722,ELEC-day6,0.0,0.0,0.0,,,0,0,0,0,0,0,0
,,,,,,59,2026-02-01 12:14:09.634722,ELEC-F,0.0,0.0,0.0,,,0,0,0,0,0,0,0
4.0,1.0,1.0,,TEMPERATURE Forecast for DAY 2,The average temperature tomorrow is forecasted to be between 8 and 18 degrees Celsius.,60,2026-02-01 12:14:10.661560,NG,2.15,2.13,2.17,800000.0,800000.0,0,0,0,0,0,0,0
3.0,1.0,1.0,,You are logged in as a DISTRIBUTOR,,60,2026-02-01 12:14:10.661560,ELEC-day2,0.0,0.0,0.0,,,0,0,0,0,0,0,0
2.0,1.0,1.0,,FINES,"The fine for open positions of ELEC-dayX at the end of the day is $20,000/contract.",60,2026-02-01 12:14:10.661560,ELEC-day3,0.0,0.0,0.0,,,0,0,0,0,0,0,0
1.0,1.0,1.0,,Welcome to the RITC2026 GBE Energy Electricity Trading Case - practice server,,60,2026-02-01 12:14:10.661560,ELEC-day4,0.0,0.0,0.0,,,0,0,0,0,0,0,0
,,,,,,60,2026-02-01 12:14:10.661560,ELEC-day5,0.0,0.0,0.0,,,0,0,0,0,0,0,0
,,,,,,60,2026-02-01 12:14:10.661560,ELEC-day6,0.0,0.0,0.0,,,0,0,0,0,0,0,0
,,,,,,60,2026-02-01 12:14:10.661560,ELEC-F,0.0,0.0,0.0,,,0,0,0,0,0,0,0
4.0,1.0,1.0,,TEMPERATURE Forecast for DAY 2,The average temperature tomorrow is forecasted to be between 8 and 18 degrees Celsius.,61,2026-02-01 12:14:11.702739,NG,2.16,2.14,2.18,800000.0,800000.0,0,0,0,0,0,0,0
3.0,1.0,1.0,,You are logged in as a DISTRIBUTOR,,61,2026-02-01 12:14:11.702739,ELEC-day2,0.0,0.0,0.0,,,0,0,0,0,0,0,0
2.0,1.0,1.0,,FINES,"The fine for open positions of ELEC-dayX at the end of the day is $20,000/contract.",61,2026-02-01 12:14:11.702739,ELEC-day3,0.0,0.0,0.0,,,0,0,0,0,0,0,0
1.0,1.0,1.0,,Welcome to the RITC2026 GBE Energy Electricity Trading Case - practice server,,61,2026-02-01 12:14:11.702739,ELEC-day4,0.0,0.0,0.0,,,0,0,0,0,0,0,0
,,,,,,61,2026-02-01 12:14:11.702739,ELEC-day5,0.0,0.0,0.0,,,0,0,0,0,0,0,0
,,,,,,61,2026-02-01 12:14:11.702739,ELEC-day6,0.0,0.0,0.0,,,0,0,0,0,0,0,0
,,,,,,61,2026-02-01 12:14:11.702739,ELEC-F,0.0,0.0,0.0,,,0,0,0,0,0,0,0
4.0,1.0,1.0,,TEMPERATURE Forecast for DAY 2,The average temperature tomorrow is forecasted to be between 8 and 18 degrees Celsius.,62,2026-02-01 12:14:12.716829,NG,2.14,2.12,2.16,800000.0,800000.0,0,0,0,0,0,0,0
3.0,1.0,1.0,,You are logged in as a DISTRIBUTOR,,62,2026-02-01 12:14:12.716829,ELEC-day2,0.0,0.0,0.0,,,0,0,0,0,0,0,0
2.0,1.0,1.0,,FINES,"The fine for open positions of ELEC-dayX at the end of the day is $20,000/contract.",62,2026-02-01 12:14:12.716829,ELEC-day3,0.0,0.0,0.0,,,0,0,0,0,0,0,0
1.0,1.0,1.0,,Welcome to the RITC2026 GBE Energy Electricity Trading Case - practice server,,62,2026-02-01 12:14:12.716829,ELEC-day4,0.0,0.0,0.0,,,0,0,0,0,0,0,0
,,,,,,62,2026-02-01 12:14:12.716829,ELEC-day5,0.0,0.0,0.0,,,0,0,0,0,0,0,0
,,,,,,62,2026-02-01 12:14:12.716829,ELEC-day6,0.0,0.0,0.0,,,0,0,0,0,0,0,0
,,,,,,62,2026-02-01 12:14:12.716829,ELEC-F,0.0,0.0,0.0,,,0,0,0,0,0,0,0
4.0,1.0,1.0,,TEMPERATURE Forecast for DAY 2,The average temperature tomorrow is forecasted to be between 8 and 18 degrees Celsius.,63,2026-02-01 12:14:13.756439,NG,2.14,2.12,2.16,800000.0,800000.0,0,0,0,0,0,0,0
3.0,1.0,1.0,,You are logged in as a DISTRIBUTOR,,63,2026-02-01 12:14:13.756439,ELEC-day2,0.0,0.0,0.0,,,0,0,0,0,0,0,0
2.0,1.0,1.0,,FINES,"The fine for open positions of ELEC-dayX at the end of the day is $20,000/contract.",63,2026-02-01 12:14:13.756439,ELEC-day3,0.0,0.0,0.0,,,0,0,0,0,0,0,0
1.0,1.0,1.0,,Welcome to the RITC2026 GBE Energy Electricity Trading Case - practice server,,63,2026-02-01 12:14:13.756439,ELEC-day4,0.0,0.0,0.0,,,0,0,0,0,0,0,0
,,,,,,63,2026-02-01 12:14:13.756439,ELEC-day5,0.0,0.0,0.0,,,0,0,0,0,0,0,0
,,,,,,63,2026-02-01 12:14:13.756439,ELEC-day6,0.0,0.0,0.0,,,0,0,0,0,0,0,0
,,,,,,63,2026-02-01 12:14:13.756439,ELEC-F,0.0,0.0,0.0,,,0,0,0,0,0,0,0
4.0,1.0,1.0,,TEMPERATURE Forecast for DAY 2,The average temperature tomorrow is forecasted to be between 8 and 18 degrees Celsius.,64,2026-02-01 12:14:14.790228,NG,2.14,2.12,2.16,800000.0,800000.0,0,0,0,0,0,0,0
3.0,1.0,1.0,,You are logged in as a DISTRIBUTOR,,64,2026-02-01 12:14:14.790228,ELEC-day2,0.0,0.0,0.0,,,0,0,0,0,0,0,0
2.0,1.0,1.0,,FINES,"The fine for open positions of ELEC-dayX at the end of the day is $20,000/contract.",64,2026-02-01 12:14:14.790228,ELEC-day3,0.0,0.0,0.0,,,0,0,0,0,0,0,0
1.0,1.0,1.0,,Welcome to the RITC2026 GBE Energy Electricity Trading Case - practice server,,64,2026-02-01 12:14:14.790228,ELEC-day4,0.0,0.0,0.0,,,0,0,0,0,0,0,0
,,,,,,64,2026-02-01 12:14:14.790228,ELEC-day5,0.0,0.0,0.0,,,0,0,0,0,0,0,0
,,,,,,64,2026-02-01 12:14:14.790228,ELEC-day6,0.0,0.0,0.0,,,0,0,0,0,0,0,0
,,,,,,64,2026-02-01 12:14:14.790228,ELEC-F,0.0,0.0,0.0,,,0,0,0,0,0,0,0
4.0,1.0,1.0,,TEMPERATURE Forecast for DAY 2,The average temperature tomorrow is forecasted to be between 8 and 18 degrees Celsius.,65,2026-02-01 12:14:15.821429,NG,2.14,2.12,2.16,800000.0,800000.0,0,0,0,0,0,0,0
3.0,1.0,1.0,,You are logged in as a DISTRIBUTOR,,65,2026-02-01 12:14:15.821429,ELEC-day2,0.0,0.0,0.0,,,0,0,0,0,0,0,0
2.0,1.0,1.0,,FINES,"The fine for open positions of ELEC-dayX at the end of the day is $20,000/contract.",65,2026-02-01 12:14:15.821429,ELEC-day3,0.0,0.0,0.0,,,0,0,0,0,0,0,0
1.0,1.0,1.0,,Welcome to the RITC2026 GBE Energy Electricity Trading Case - practice server,,65,2026-02-01 12:14:15.821429,ELEC-day4,0.0,0.0,0.0,,,0,0,0,0,0,0,0
,,,,,,65,2026-02-01 12:14:15.821429,ELEC-day5,0.0,0.0,0.0,,,0,0,0,0,0,0,0
,,,,,,65,2026-02-01 12:14:15.821429,ELEC-day6,0.0,0.0,0.0,,,0,0,0,0,0,0,0
,,,,,,65,2026-02-01 12:14:15.821429,ELEC-F,0.0,0.0,0.0,,,0,0,0,0,0,0,0
4.0,1.0,1.0,,TEMPERATURE Forecast for DAY 2,The average temperature tomorrow is forecasted to be between 8 and 18 degrees Celsius.,66,2026-02-01 12:14:16.856562,NG,2.14,2.12,2.16,800000.0,800000.0,0,0,0,0,0,0,0
3.0,1.0,1.0,,You are logged in as a DISTRIBUTOR,,66,2026-02-01 12:14:16.856562,ELEC-day2,0.0,0.0,0.0,,,0,0,0,0,0,0,0
2.0,1.0,1.0,,FINES,"The fine for open positions of ELEC-dayX at the end of the day is $20,000/contract.",66,2026-02-01 12:14:16.856562,ELEC-day3,0.0,0.0,0.0,,,0,0,0,0,0,0,0
1.0,1.0,1.0,,Welcome to the RITC2026 GBE Energy Electricity Trading Case - practice server,,66,2026-02-01 12:14:16.856562,ELEC-day4,0.0,0.0,0.0,,,0,0,0,0,0,0,0
,,,,,,66,2026-02-01 12:14:16.856562,ELEC-day5,0.0,0.0,0.0,,,0,0,0,0,0,0,0
,,,,,,66,2026-02-01 12:14:16.856562,ELEC-day6,0.0,0.0,0.0,,,0,0,0,0,0,0,0
,,,,,,66,2026-02-01 12:14:16.856562,ELEC-F,0.0,0.0,0.0,,,0,0,0,0,0,0,0
4.0,1.0,1.0,,TEMPERATURE Forecast for DAY 2,The average temperature tomorrow is forecasted to be between 8 and 18 degrees Celsius.,67,2026-02-01 12:14:17.876994,NG,2.14,2.12,2.16,800000.0,800000.0,0,0,0,0,0,0,0
3.0,1.0,1.0,,You are logged in as a DISTRIBUTOR,,67,2026-02-01 12:14:17.876994,ELEC-day2,0.0,0.0,0.0,,,0,0,0,0,0,0,0
2.0,1.0,1.0,,FINES,"The fine for open positions of ELEC-dayX at the end of the day is $20,000/contract.",67,2026-02-01 12:14:17.876994,ELEC-day3,0.0,0.0,0.0,,,0,0,0,0,0,0,0
1.0,1.0,1.0,,Welcome to the RITC2026 GBE Energy Electricity Trading Case - practice server,,67,2026-02-01 12:14:17.876994,ELEC-day4,0.0,0.0,0.0,,,0,0,0,0,0,0,0
,,,,,,67,2026-02-01 12:14:17.876994,ELEC-day5,0.0,0.0,0.0,,,0,0,0,0,0,0,0
,,,,,,67,2026-02-01 12:14:17.876994,ELEC-day6,0.0,0.0,0.0,,,0,0,0,0,0,0,0
,,,,,,67,2026-02-01 12:14:17.876994,ELEC-F,0.0,0.0,0.0,,,0,0,0,0,0,0,0
4.0,1.0,1.0,,TEMPERATURE Forecast for DAY 2,The average temperature tomorrow is forecasted to be between 8 and 18 degrees Celsius.,68,2026-02-01 12:14:18.906676,NG,2.13,2.11,2.15,800000.0,800000.0,0,0,0,0,0,0,0
3.0,1.0,1.0,,You are logged in as a DISTRIBUTOR,,68,2026-02-01 12:14:18.906676,ELEC-day2,0.0,0.0,0.0,,,0,0,0,0,0,0,0
2.0,1.0,1.0,,FINES,"The fine for open positions of ELEC-dayX at the end of the day is $20,000/contract.",68,2026-02-01 12:14:18.906676,ELEC-day3,0.0,0.0,0.0,,,0,0,0,0,0,0,0
1.0,1.0,1.0,,Welcome to the RITC2026 GBE Energy Electricity Trading Case - practice server,,68,2026-02-01 12:14:18.906676,ELEC-day4,0.0,0.0,0.0,,,0,0,0,0,0,0,0
,,,,,,68,2026-02-01 12:14:18.906676,ELEC-day5,0.0,0.0,0.0,,,0,0,0,0,0,0,0
,,,,,,68,2026-02-01 12:14:18.906676,ELEC-day6,0.0,0.0,0.0,,,0,0,0,0,0,0,0
,,,,,,68,2026-02-01 12:14:18.906676,ELEC-F,0.0,0.0,0.0,,,0,0,0,0,0,0,0
4.0,1.0,1.0,,TEMPERATURE Forecast for DAY 2,The average temperature tomorrow is forecasted to be between 8 and 18 degrees Celsius.,69,2026-02-01 12:14:19.926515,NG,2.13,2.11,2.15,800000.0,800000.0,0,0,0,0,0,0,0
3.0,1.0,1.0,,You are logged in as a DISTRIBUTOR,,69,2026-02-01 12:14:19.926515,ELEC-day2,0.0,0.0,0.0,,,0,0,0,0,0,0,0
2.0,1.0,1.0,,FINES,"The fine for open positions of ELEC-dayX at the end of the day is $20,000/contract.",69,2026-02-01 12:14:19.926515,ELEC-day3,0.0,0.0,0.0,,,0,0,0,0,0,0,0
1.0,1.0,1.0,,Welcome to the RITC2026 GBE Energy Electricity Trading Case - practice server,,69,2026-02-01 12:14:19.926515,ELEC-day4,0.0,0.0,0.0,,,0,0,0,0,0,0,0
,,,,,,69,2026-02-01 12:14:19.926515,ELEC-day5,0.0,0.0,0.0,,,0,0,0,0,0,0,0
,,,,,,69,2026-02-01 12:14:19.926515,ELEC-day6,0.0,0.0,0.0,,,0,0,0,0,0,0,0
,,,,,,69,2026-02-01 12:14:19.926515,ELEC-F,0.0,0.0,0.0,,,0,0,0,0,0,0,0
4.0,1.0,1.0,,TEMPERATURE Forecast for DAY 2,The average temperature tomorrow is forecasted to be between 8 and 18 degrees Celsius.,70,2026-02-01 12:14:20.951090,NG,2.12,2.1,2.14,800000.0,800000.0,0,0,0,0,0,0,0
3.0,1.0,1.0,,You are logged in as a DISTRIBUTOR,,70,2026-02-01 12:14:20.951090,ELEC-day2,0.0,0.0,0.0,,,0,0,0,0,0,0,0
2.0,1.0,1.0,,FINES,"The fine for open positions of ELEC-dayX at the end of the day is $20,000/contract.",70,2026-02-01 12:14:20.951090,ELEC-day3,0.0,0.0,0.0,,,0,0,0,0,0,0,0
1.0,1.0,1.0,,Welcome to the RITC2026 GBE Energy Electricity Trading Case - practice server,,70,2026-02-01 12:14:20.951090,ELEC-day4,0.0,0.0,0.0,,,0,0,0,0,0,0,0
,,,,,,70,2026-02-01 12:14:20.951090,ELEC-day5,0.0,0.0,0.0,,,0,0,0,0,0,0,0
,,,,,,70,2026-02-01 12:14:20.951090,ELEC-day6,0.0,0.0,0.0,,,0,0,0,0,0,0,0
,,,,,,70,2026-02-01 12:14:20.951090,ELEC-F,0.0,0.0,0.0,,,0,0,0,0,0,0,0
4.0,1.0,1.0,,TEMPERATURE Forecast for DAY 2,The average temperature tomorrow is forecasted to be between 8 and 18 degrees Celsius.,71,2026-02-01 12:14:21.966657,NG,2.12,2.1,2.14,800000.0,800000.0,0,0,0,0,0,0,0
3.0,1.0,1.0,,You are logged in as a DISTRIBUTOR,,71,2026-02-01 12:14:21.966657,ELEC-day2,0.0,0.0,0.0,,,0,0,0,0,0,0,0
2.0,1.0,1.0,,FINES,"The fine for open positions of ELEC-dayX at the end of the day is $20,000/contract.",71,2026-02-01 12:14:21.966657,ELEC-day3,0.0,0.0,0.0,,,0,0,0,0,0,0,0
1.0,1.0,1.0,,Welcome to the RITC2026 GBE Energy Electricity Trading Case - practice server,,71,2026-02-01 12:14:21.966657,ELEC-day4,0.0,0.0,0.0,,,0,0,0,0,0,0,0
,,,,,,71,2026-02-01 12:14:21.966657,ELEC-day5,0.0,0.0,0.0,,,0,0,0,0,0,0,0
,,,,,,71,2026-02-01 12:14:21.966657,ELEC-day6,0.0,0.0,0.0,,,0,0,0,0,0,0,0
,,,,,,71,2026-02-01 12:14:21.966657,ELEC-F,0.0,0.0,0.0,,,0,0,0,0,0,0,0
4.0,1.0,1.0,,TEMPERATURE Forecast for DAY 2,The average temperature tomorrow is forecasted to be between 8 and 18 degrees Celsius.,72,2026-02-01 12:14:22.999115,NG,2.13,2.11,2.15,800000.0,800000.0,0,0,0,0,0,0,0
3.0,1.0,1.0,,You are logged in as a DISTRIBUTOR,,72,2026-02-01 12:14:22.999115,ELEC-day2,0.0,0.0,0.0,,,0,0,0,0,0,0,0
2.0,1.0,1.0,,FINES,"The fine for open positions of ELEC-dayX at the end of the day is $20,000/contract.",72,2026-02-01 12:14:22.999115,ELEC-day3,0.0,0.0,0.0,,,0,0,0,0,0,0,0
1.0,1.0,1.0,,Welcome to the RITC2026 GBE Energy Electricity Trading Case - practice server,,72,2026-02-01 12:14:22.999115,ELEC-day4,0.0,0.0,0.0,,,0,0,0,0,0,0,0
,,,,,,72,2026-02-01 12:14:22.999115,ELEC-day5,0.0,0.0,0.0,,,0,0,0,0,0,0,0
,,,,,,72,2026-02-01 12:14:22.999115,ELEC-day6,0.0,0.0,0.0,,,0,0,0,0,0,0,0
,,,,,,72,2026-02-01 12:14:22.999115,ELEC-F,0.0,0.0,0.0,,,0,0,0,0,0,0,0
4.0,1.0,1.0,,TEMPERATURE Forecast for DAY 2,The average temperature tomorrow is forecasted to be between 8 and 18 degrees Celsius.,73,2026-02-01 12:14:24.016400,NG,2.13,2.11,2.15,800000.0,800000.0,0,0,0,0,0,0,0
3.0,1.0,1.0,,You are logged in as a DISTRIBUTOR,,73,2026-02-01 12:14:24.016400,ELEC-day2,0.0,0.0,0.0,,,0,0,0,0,0,0,0
2.0,1.0,1.0,,FINES,"The fine for open positions of ELEC-dayX at the end of the day is $20,000/contract.",73,2026-02-01 12:14:24.016400,ELEC-day3,0.0,0.0,0.0,,,0,0,0,0,0,0,0
1.0,1.0,1.0,,Welcome to the RITC2026 GBE Energy Electricity Trading Case - practice server,,73,2026-02-01 12:14:24.016400,ELEC-day4,0.0,0.0,0.0,,,0,0,0,0,0,0,0
,,,,,,73,2026-02-01 12:14:24.016400,ELEC-day5,0.0,0.0,0.0,,,0,0,0,0,0,0,0
,,,,,,73,2026-02-01 12:14:24.016400,ELEC-day6,0.0,0.0,0.0,,,0,0,0,0,0,0,0
,,,,,,73,2026-02-01 12:14:24.016400,ELEC-F,0.0,0.0,0.0,,,0,0,0,0,0,0,0
4.0,1.0,1.0,,TEMPERATURE Forecast for DAY 2,The average temperature tomorrow is forecasted to be between 8 and 18 degrees Celsius.,74,2026-02-01 12:14:25.032948,NG,2.14,2.12,2.16,800000.0,800000.0,0,0,0,0,0,0,0
3.0,1.0,1.0,,You are logged in as a DISTRIBUTOR,,74,2026-02-01 12:14:25.032948,ELEC-day2,0.0,0.0,0.0,,,0,0,0,0,0,0,0
2.0,1.0,1.0,,FINES,"The fine for open positions of ELEC-dayX at the end of the day is $20,000/contract.",74,2026-02-01 12:14:25.032948,ELEC-day3,0.0,0.0,0.0,,,0,0,0,0,0,0,0
1.0,1.0,1.0,,Welcome to the RITC2026 GBE Energy Electricity Trading Case - practice server,,74,2026-02-01 12:14:25.032948,ELEC-day4,0.0,0.0,0.0,,,0,0,0,0,0,0,0
,,,,,,74,2026-02-01 12:14:25.032948,ELEC-day5,0.0,0.0,0.0,,,0,0,0,0,0,0,0
,,,,,,74,2026-02-01 12:14:25.032948,ELEC-day6,0.0,0.0,0.0,,,0,0,0,0,0,0,0
,,,,,,74,2026-02-01 12:14:25.032948,ELEC-F,0.0,0.0,0.0,,,0,0,0,0,0,0,0
4.0,1.0,1.0,,TEMPERATURE Forecast for DAY 2,The average temperature tomorrow is forecasted to be between 8 and 18 degrees Celsius.,75,2026-02-01 12:14:26.061557,NG,2.14,2.12,2.16,800000.0,800000.0,0,0,0,0,0,0,0
3.0,1.0,1.0,,You are logged in as a DISTRIBUTOR,,75,2026-02-01 12:14:26.061557,ELEC-day2,0.0,0.0,0.0,,,0,0,0,0,0,0,0
2.0,1.0,1.0,,FINES,"The fine for open positions of ELEC-dayX at the end of the day is $20,000/contract.",75,2026-02-01 12:14:26.061557,ELEC-day3,0.0,0.0,0.0,,,0,0,0,0,0,0,0
1.0,1.0,1.0,,Welcome to the RITC2026 GBE Energy Electricity Trading Case - practice server,,75,2026-02-01 12:14:26.061557,ELEC-day4,0.0,0.0,0.0,,,0,0,0,0,0,0,0
,,,,,,75,2026-02-01 12:14:26.061557,ELEC-day5,0.0,0.0,0.0,,,0,0,0,0,0,0,0
,,,,,,75,2026-02-01 12:14:26.061557,ELEC-day6,0.0,0.0,0.0,,,0,0,0,0,0,0,0
,,,,,,75,2026-02-01 12:14:26.061557,ELEC-F,0.0,0.0,0.0,,,0,0,0,0,0,0,0
4.0,1.0,1.0,,TEMPERATURE Forecast for DAY 2,The average temperature tomorrow is forecasted to be between 8 and 18 degrees Celsius.,76,2026-02-01 12:14:27.096493,NG,2.14,2.12,2.16,800000.0,800000.0,0,0,0,0,0,0,0
3.0,1.0,1.0,,You are logged in as a DISTRIBUTOR,,76,2026-02-01 12:14:27.096493,ELEC-day2,0.0,0.0,0.0,,,0,0,0,0,0,0,0
2.0,1.0,1.0,,FINES,"The fine for open positions of ELEC-dayX at the end of the day is $20,000/contract.",76,2026-02-01 12:14:27.096493,ELEC-day3,0.0,0.0,0.0,,,0,0,0,0,0,0,0
1.0,1.0,1.0,,Welcome to the RITC2026 GBE Energy Electricity Trading Case - practice server,,76,2026-02-01 12:14:27.096493,ELEC-day4,0.0,0.0,0.0,,,0,0,0,0,0,0,0
,,,,,,76,2026-02-01 12:14:27.096493,ELEC-day5,0.0,0.0,0.0,,,0,0,0,0,0,0,0
,,,,,,76,2026-02-01 12:14:27.096493,ELEC-day6,0.0,0.0,0.0,,,0,0,0,0,0,0,0
,,,,,,76,2026-02-01 12:14:27.096493,ELEC-F,0.0,0.0,0.0,,,0,0,0,0,0,0,0
4.0,1.0,1.0,,TEMPERATURE Forecast for DAY 2,The average temperature tomorrow is forecasted to be between 8 and 18 degrees Celsius.,77,2026-02-01 12:14:28.126286,NG,2.15,2.13,2.17,800000.0,800000.0,0,0,0,0,0,0,0
3.0,1.0,1.0,,You are logged in as a DISTRIBUTOR,,77,2026-02-01 12:14:28.126286,ELEC-day2,0.0,0.0,0.0,,,0,0,0,0,0,0,0
2.0,1.0,1.0,,FINES,"The fine for open positions of ELEC-dayX at the end of the day is $20,000/contract.",77,2026-02-01 12:14:28.126286,ELEC-day3,0.0,0.0,0.0,,,0,0,0,0,0,0,0
1.0,1.0,1.0,,Welcome to the RITC2026 GBE Energy Electricity Trading Case - practice server,,77,2026-02-01 12:14:28.126286,ELEC-day4,0.0,0.0,0.0,,,0,0,0,0,0,0,0
,,,,,,77,2026-02-01 12:14:28.126286,ELEC-day5,0.0,0.0,0.0,,,0,0,0,0,0,0,0
,,,,,,77,2026-02-01 12:14:28.126286,ELEC-day6,0.0,0.0,0.0,,,0,0,0,0,0,0,0
,,,,,,77,2026-02-01 12:14:28.126286,ELEC-F,0.0,0.0,0.0,,,0,0,0,0,0,0,0
4.0,1.0,1.0,,TEMPERATURE Forecast for DAY 2,The average temperature tomorrow is forecasted to be between 8 and 18 degrees Celsius.,78,2026-02-01 12:14:29.166593,NG,2.15,2.13,2.17,800000.0,800000.0,0,0,0,0,0,0,0
3.0,1.0,1.0,,You are logged in as a DISTRIBUTOR,,78,2026-02-01 12:14:29.166593,ELEC-day2,0.0,0.0,0.0,,,0,0,0,0,0,0,0
2.0,1.0,1.0,,FINES,"The fine for open positions of ELEC-dayX at the end of the day is $20,000/contract.",78,2026-02-01 12:14:29.166593,ELEC-day3,0.0,0.0,0.0,,,0,0,0,0,0,0,0
1.0,1.0,1.0,,Welcome to the RITC2026 GBE Energy Electricity Trading Case - practice server,,78,2026-02-01 12:14:29.166593,ELEC-day4,0.0,0.0,0.0,,,0,0,0,0,0,0,0
,,,,,,78,2026-02-01 12:14:29.166593,ELEC-day5,0.0,0.0,0.0,,,0,0,0,0,0,0,0
,,,,,,78,2026-02-01 12:14:29.166593,ELEC-day6,0.0,0.0,0.0,,,0,0,0,0,0,0,0
,,,,,,78,2026-02-01 12:14:29.166593,ELEC-F,0.0,0.0,0.0,,,0,0,0,0,0,0,0
4.0,1.0,1.0,,TEMPERATURE Forecast for DAY 2,The average temperature tomorrow is forecasted to be between 8 and 18 degrees Celsius.,79,2026-02-01 12:14:30.186500,NG,2.14,2.12,2.16,800000.0,800000.0,0,0,0,0,0,0,0
3.0,1.0,1.0,,You are logged in as a DISTRIBUTOR,,79,2026-02-01 12:14:30.186500,ELEC-day2,0.0,0.0,0.0,,,0,0,0,0,0,0,0
2.0,1.0,1.0,,FINES,"The fine for open positions of ELEC-dayX at the end of the day is $20,000/contract.",79,2026-02-01 12:14:30.186500,ELEC-day3,0.0,0.0,0.0,,,0,0,0,0,0,0,0
1.0,1.0,1.0,,Welcome to the RITC2026 GBE Energy Electricity Trading Case - practice server,,79,2026-02-01 12:14:30.186500,ELEC-day4,0.0,0.0,0.0,,,0,0,0,0,0,0,0
,,,,,,79,2026-02-01 12:14:30.186500,ELEC-day5,0.0,0.0,0.0,,,0,0,0,0,0,0,0
,,,,,,79,2026-02-01 12:14:30.186500,ELEC-day6,0.0,0.0,0.0,,,0,0,0,0,0,0,0
,,,,,,79,2026-02-01 12:14:30.186500,ELEC-F,0.0,0.0,0.0,,,0,0,0,0,0,0,0
4.0,1.0,1.0,,TEMPERATURE Forecast for DAY 2,The average temperature tomorrow is forecasted to be between 8 and 18 degrees Celsius.,80,2026-02-01 12:14:31.206878,NG,2.14,2.12,2.16,800000.0,800000.0,0,0,0,0,0,0,0
3.0,1.0,1.0,,You are logged in as a DISTRIBUTOR,,80,2026-02-01 12:14:31.206878,ELEC-day2,0.0,0.0,0.0,,,0,0,0,0,0,0,0
2.0,1.0,1.0,,FINES,"The fine for open positions of ELEC-dayX at the end of the day is $20,000/contract.",80,2026-02-01 12:14:31.206878,ELEC-day3,0.0,0.0,0.0,,,0,0,0,0,0,0,0
1.0,1.0,1.0,,Welcome to the RITC2026 GBE Energy Electricity Trading Case - practice server,,80,2026-02-01 12:14:31.206878,ELEC-day4,0.0,0.0,0.0,,,0,0,0,0,0,0,0
,,,,,,80,2026-02-01 12:14:31.206878,ELEC-day5,0.0,0.0,0.0,,,0,0,0,0,0,0,0
,,,,,,80,2026-02-01 12:14:31.206878,ELEC-day6,0.0,0.0,0.0,,,0,0,0,0,0,0,0
,,,,,,80,2026-02-01 12:14:31.206878,ELEC-F,0.0,0.0,0.0,,,0,0,0,0,0,0,0
4.0,1.0,1.0,,TEMPERATURE Forecast for DAY 2,The average temperature tomorrow is forecasted to be between 8 and 18 degrees Celsius.,81,2026-02-01 12:14:32.236562,NG,2.15,2.13,2.17,800000.0,800000.0,0,0,0,0,0,0,0
3.0,1.0,1.0,,You are logged in as a DISTRIBUTOR,,81,2026-02-01 12:14:32.236562,ELEC-day2,0.0,0.0,0.0,,,0,0,0,0,0,0,0
2.0,1.0,1.0,,FINES,"The fine for open positions of ELEC-dayX at the end of the day is $20,000/contract.",81,2026-02-01 12:14:32.236562,ELEC-day3,0.0,0.0,0.0,,,0,0,0,0,0,0,0
1.0,1.0,1.0,,Welcome to the RITC2026 GBE Energy Electricity Trading Case - practice server,,81,2026-02-01 12:14:32.236562,ELEC-day4,0.0,0.0,0.0,,,0,0,0,0,0,0,0
,,,,,,81,2026-02-01 12:14:32.236562,ELEC-day5,0.0,0.0,0.0,,,0,0,0,0,0,0,0
,,,,,,81,2026-02-01 12:14:32.236562,ELEC-day6,0.0,0.0,0.0,,,0,0,0,0,0,0,0
,,,,,,81,2026-02-01 12:14:32.236562,ELEC-F,0.0,0.0,0.0,,,0,0,0,0,0,0,0
4.0,1.0,1.0,,TEMPERATURE Forecast for DAY 2,The average temperature tomorrow is forecasted to be between 8 and 18 degrees Celsius.,82,2026-02-01 12:14:33.266562,NG,2.15,2.13,2.17,800000.0,800000.0,0,0,0,0,0,0,0
3.0,1.0,1.0,,You are logged in as a DISTRIBUTOR,,82,2026-02-01 12:14:33.266562,ELEC-day2,0.0,0.0,0.0,,,0,0,0,0,0,0,0
2.0,1.0,1.0,,FINES,"The fine for open positions of ELEC-dayX at the end of the day is $20,000/contract.",82,2026-02-01 12:14:33.266562,ELEC-day3,0.0,0.0,0.0,,,0,0,0,0,0,0,0
1.0,1.0,1.0,,Welcome to the RITC2026 GBE Energy Electricity Trading Case - practice server,,82,2026-02-01 12:14:33.266562,ELEC-day4,0.0,0.0,0.0,,,0,0,0,0,0,0,0
,,,,,,82,2026-02-01 12:14:33.266562,ELEC-day5,0.0,0.0,0.0,,,0,0,0,0,0,0,0
,,,,,,82,2026-02-01 12:14:33.266562,ELEC-day6,0.0,0.0,0.0,,,0,0,0,0,0,0,0
,,,,,,82,2026-02-01 12:14:33.266562,ELEC-F,0.0,0.0,0.0,,,0,0,0,0,0,0,0
4.0,1.0,1.0,,TEMPERATURE Forecast for DAY 2,The average temperature tomorrow is forecasted to be between 8 and 18 degrees Celsius.,83,2026-02-01 12:14:34.286545,NG,2.15,2.13,2.17,800000.0,800000.0,0,0,0,0,0,0,0
3.0,1.0,1.0,,You are logged in as a DISTRIBUTOR,,83,2026-02-01 12:14:34.286545,ELEC-day2,0.0,0.0,0.0,,,0,0,0,0,0,0,0
2.0,1.0,1.0,,FINES,"The fine for open positions of ELEC-dayX at the end of the day is $20,000/contract.",83,2026-02-01 12:14:34.286545,ELEC-day3,0.0,0.0,0.0,,,0,0,0,0,0,0,0
1.0,1.0,1.0,,Welcome to the RITC2026 GBE Energy Electricity Trading Case - practice server,,83,2026-02-01 12:14:34.286545,ELEC-day4,0.0,0.0,0.0,,,0,0,0,0,0,0,0
,,,,,,83,2026-02-01 12:14:34.286545,ELEC-day5,0.0,0.0,0.0,,,0,0,0,0,0,0,0
,,,,,,83,2026-02-01 12:14:34.286545,ELEC-day6,0.0,0.0,0.0,,,0,0,0,0,0,0,0
,,,,,,83,2026-02-01 12:14:34.286545,ELEC-F,0.0,0.0,0.0,,,0,0,0,0,0,0,0
4.0,1.0,1.0,,TEMPERATURE Forecast for DAY 2,The average temperature tomorrow is forecasted to be between 8 and 18 degrees Celsius.,84,2026-02-01 12:14:35.306719,NG,2.15,2.13,2.17,800000.0,800000.0,0,0,0,0,0,0,0
3.0,1.0,1.0,,You are logged in as a DISTRIBUTOR,,84,2026-02-01 12:14:35.306719,ELEC-day2,0.0,0.0,0.0,,,0,0,0,0,0,0,0
2.0,1.0,1.0,,FINES,"The fine for open positions of ELEC-dayX at the end of the day is $20,000/contract.",84,2026-02-01 12:14:35.306719,ELEC-day3,0.0,0.0,0.0,,,0,0,0,0,0,0,0
1.0,1.0,1.0,,Welcome to the RITC2026 GBE Energy Electricity Trading Case - practice server,,84,2026-02-01 12:14:35.306719,ELEC-day4,0.0,0.0,0.0,,,0,0,0,0,0,0,0
,,,,,,84,2026-02-01 12:14:35.306719,ELEC-day5,0.0,0.0,0.0,,,0,0,0,0,0,0,0
,,,,,,84,2026-02-01 12:14:35.306719,ELEC-day6,0.0,0.0,0.0,,,0,0,0,0,0,0,0
,,,,,,84,2026-02-01 12:14:35.306719,ELEC-F,0.0,0.0,0.0,,,0,0,0,0,0,0,0
4.0,1.0,1.0,,TEMPERATURE Forecast for DAY 2,The average temperature tomorrow is forecasted to be between 8 and 18 degrees Celsius.,85,2026-02-01 12:14:36.326662,NG,2.15,2.13,2.17,800000.0,800000.0,0,0,0,0,0,0,0
3.0,1.0,1.0,,You are logged in as a DISTRIBUTOR,,85,2026-02-01 12:14:36.326662,ELEC-day2,0.0,0.0,0.0,,,0,0,0,0,0,0,0
2.0,1.0,1.0,,FINES,"The fine for open positions of ELEC-dayX at the end of the day is $20,000/contract.",85,2026-02-01 12:14:36.326662,ELEC-day3,0.0,0.0,0.0,,,0,0,0,0,0,0,0
1.0,1.0,1.0,,Welcome to the RITC2026 GBE Energy Electricity Trading Case - practice server,,85,2026-02-01 12:14:36.326662,ELEC-day4,0.0,0.0,0.0,,,0,0,0,0,0,0,0
,,,,,,85,2026-02-01 12:14:36.326662,ELEC-day5,0.0,0.0,0.0,,,0,0,0,0,0,0,0
,,,,,,85,2026-02-01 12:14:36.326662,ELEC-day6,0.0,0.0,0.0,,,0,0,0,0,0,0,0
,,,,,,85,2026-02-01 12:14:36.326662,ELEC-F,0.0,0.0,0.0,,,0,0,0,0,0,0,0
4.0,1.0,1.0,,TEMPERATURE Forecast for DAY 2,The average temperature tomorrow is forecasted to be between 8 and 18 degrees Celsius.,86,2026-02-01 12:14:37.359641,NG,2.16,2.14,2.18,800000.0,800000.0,0,0,0,0,0,0,0
3.0,1.0,1.0,,You are logged in as a DISTRIBUTOR,,86,2026-02-01 12:14:37.359641,ELEC-day2,0.0,0.0,0.0,,,0,0,0,0,0,0,0
2.0,1.0,1.0,,FINES,"The fine for open positions of ELEC-dayX at the end of the day is $20,000/contract.",86,2026-02-01 12:14:37.359641,ELEC-day3,0.0,0.0,0.0,,,0,0,0,0,0,0,0
1.0,1.0,1.0,,Welcome to the RITC2026 GBE Energy Electricity Trading Case - practice server,,86,2026-02-01 12:14:37.359641,ELEC-day4,0.0,0.0,0.0,,,0,0,0,0,0,0,0
,,,,,,86,2026-02-01 12:14:37.359641,ELEC-day5,0.0,0.0,0.0,,,0,0,0,0,0,0,0
,,,,,,86,2026-02-01 12:14:37.359641,ELEC-day6,0.0,0.0,0.0,,,0,0,0,0,0,0,0
,,,,,,86,2026-02-01 12:14:37.359641,ELEC-F,0.0,0.0,0.0,,,0,0,0,0,0,0,0
4.0,1.0,1.0,,TEMPERATURE Forecast for DAY 2,The average temperature tomorrow is forecasted to be between 8 and 18 degrees Celsius.,87,2026-02-01 12:14:38.406454,NG,2.16,2.14,2.18,800000.0,800000.0,0,0,0,0,0,0,0
3.0,1.0,1.0,,You are logged in as a DISTRIBUTOR,,87,2026-02-01 12:14:38.406454,ELEC-day2,0.0,0.0,0.0,,,0,0,0,0,0,0,0
2.0,1.0,1.0,,FINES,"The fine for open positions of ELEC-dayX at the end of the day is $20,000/contract.",87,2026-02-01 12:14:38.406454,ELEC-day3,0.0,0.0,0.0,,,0,0,0,0,0,0,0
1.0,1.0,1.0,,Welcome to the RITC2026 GBE Energy Electricity Trading Case - practice server,,87,2026-02-01 12:14:38.406454,ELEC-day4,0.0,0.0,0.0,,,0,0,0,0,0,0,0
,,,,,,87,2026-02-01 12:14:38.406454,ELEC-day5,0.0,0.0,0.0,,,0,0,0,0,0,0,0
,,,,,,87,2026-02-01 12:14:38.406454,ELEC-day6,0.0,0.0,0.0,,,0,0,0,0,0,0,0
,,,,,,87,2026-02-01 12:14:38.406454,ELEC-F,0.0,0.0,0.0,,,0,0,0,0,0,0,0
4.0,1.0,1.0,,TEMPERATURE Forecast for DAY 2,The average temperature tomorrow is forecasted to be between 8 and 18 degrees Celsius.,88,2026-02-01 12:14:39.434661,NG,2.16,2.14,2.18,800000.0,800000.0,0,0,0,0,0,0,0
3.0,1.0,1.0,,You are logged in as a DISTRIBUTOR,,88,2026-02-01 12:14:39.434661,ELEC-day2,0.0,0.0,0.0,,,0,0,0,0,0,0,0
2.0,1.0,1.0,,FINES,"The fine for open positions of ELEC-dayX at the end of the day is $20,000/contract.",88,2026-02-01 12:14:39.434661,ELEC-day3,0.0,0.0,0.0,,,0,0,0,0,0,0,0
1.0,1.0,1.0,,Welcome to the RITC2026 GBE Energy Electricity Trading Case - practice server,,88,2026-02-01 12:14:39.434661,ELEC-day4,0.0,0.0,0.0,,,0,0,0,0,0,0,0
,,,,,,88,2026-02-01 12:14:39.434661,ELEC-day5,0.0,0.0,0.0,,,0,0,0,0,0,0,0
,,,,,,88,2026-02-01 12:14:39.434661,ELEC-day6,0.0,0.0,0.0,,,0,0,0,0,0,0,0
,,,,,,88,2026-02-01 12:14:39.434661,ELEC-F,0.0,0.0,0.0,,,0,0,0,0,0,0,0
4.0,1.0,1.0,,TEMPERATURE Forecast for DAY 2,The average temperature tomorrow is forecasted to be between 8 and 18 degrees Celsius.,89,2026-02-01 12:14:40.446466,NG,2.17,2.15,2.19,800000.0,800000.0,0,0,0,0,0,0,0
3.0,1.0,1.0,,You are logged in as a DISTRIBUTOR,,89,2026-02-01 12:14:40.446466,ELEC-day2,0.0,0.0,0.0,,,0,0,0,0,0,0,0
2.0,1.0,1.0,,FINES,"The fine for open positions of ELEC-dayX at the end of the day is $20,000/contract.",89,2026-02-01 12:14:40.446466,ELEC-day3,0.0,0.0,0.0,,,0,0,0,0,0,0,0
1.0,1.0,1.0,,Welcome to the RITC2026 GBE Energy Electricity Trading Case - practice server,,89,2026-02-01 12:14:40.446466,ELEC-day4,0.0,0.0,0.0,,,0,0,0,0,0,0,0
,,,,,,89,2026-02-01 12:14:40.446466,ELEC-day5,0.0,0.0,0.0,,,0,0,0,0,0,0,0
,,,,,,89,2026-02-01 12:14:40.446466,ELEC-day6,0.0,0.0,0.0,,,0,0,0,0,0,0,0
,,,,,,89,2026-02-01 12:14:40.446466,ELEC-F,0.0,0.0,0.0,,,0,0,0,0,0,0,0
5.0,1.0,89.0,,TEMPERATURE Forecast for DAY 2,The average temperature tomorrow is forecasted to be between 7 and 13 degrees Celsius.,90,2026-02-01 12:14:41.466895,NG,2.16,2.14,2.18,800000.0,800000.0,0,0,0,0,0,0,0
4.0,1.0,1.0,,TEMPERATURE Forecast for DAY 2,The average temperature tomorrow is forecasted to be between 8 and 18 degrees Celsius.,90,2026-02-01 12:14:41.466895,ELEC-day2,0.0,0.0,0.0,,,0,0,0,0,0,0,0
3.0,1.0,1.0,,You are logged in as a DISTRIBUTOR,,90,2026-02-01 12:14:41.466895,ELEC-day3,0.0,0.0,0.0,,,0,0,0,0,0,0,0
2.0,1.0,1.0,,FINES,"The fine for open positions of ELEC-dayX at the end of the day is $20,000/contract.",90,2026-02-01 12:14:41.466895,ELEC-day4,0.0,0.0,0.0,,,0,0,0,0,0,0,0
1.0,1.0,1.0,,Welcome to the RITC2026 GBE Energy Electricity Trading Case - practice server,,90,2026-02-01 12:14:41.466895,ELEC-day5,0.0,0.0,0.0,,,0,0,0,0,0,0,0
,,,,,,90,2026-02-01 12:14:41.466895,ELEC-day6,0.0,0.0,0.0,,,0,0,0,0,0,0,0
,,,,,,90,2026-02-01 12:14:41.466895,ELEC-F,0.0,0.0,0.0,,,0,0,0,0,0,0,0
5.0,1.0,89.0,,TEMPERATURE Forecast for DAY 2,The average temperature tomorrow is forecasted to be between 7 and 13 degrees Celsius.,91,2026-02-01 12:14:42.486618,NG,2.16,2.14,2.18,800000.0,800000.0,0,0,0,0,0,0,0
4.0,1.0,1.0,,TEMPERATURE Forecast for DAY 2,The average temperature tomorrow is forecasted to be between 8 and 18 degrees Celsius.,91,2026-02-01 12:14:42.486618,ELEC-day2,0.0,0.0,0.0,,,0,0,0,0,0,0,0
3.0,1.0,1.0,,You are logged in as a DISTRIBUTOR,,91,2026-02-01 12:14:42.486618,ELEC-day3,0.0,0.0,0.0,,,0,0,0,0,0,0,0
2.0,1.0,1.0,,FINES,"The fine for open positions of ELEC-dayX at the end of the day is $20,000/contract.",91,2026-02-01 12:14:42.486618,ELEC-day4,0.0,0.0,0.0,,,0,0,0,0,0,0,0
1.0,1.0,1.0,,Welcome to the RITC2026 GBE Energy Electricity Trading Case - practice server,,91,2026-02-01 12:14:42.486618,ELEC-day5,0.0,0.0,0.0,,,0,0,0,0,0,0,0
,,,,,,91,2026-02-01 12:14:42.486618,ELEC-day6,0.0,0.0,0.0,,,0,0,0,0,0,0,0
,,,,,,91,2026-02-01 12:14:42.486618,ELEC-F,0.0,0.0,0.0,,,0,0,0,0,0,0,0
5.0,1.0,89.0,,TEMPERATURE Forecast for DAY 2,The average temperature tomorrow is forecasted to be between 7 and 13 degrees Celsius.,92,2026-02-01 12:14:43.510157,NG,2.15,2.13,2.17,800000.0,800000.0,0,0,0,0,0,0,0
4.0,1.0,1.0,,TEMPERATURE Forecast for DAY 2,The average temperature tomorrow is forecasted to be between 8 and 18 degrees Celsius.,92,2026-02-01 12:14:43.510157,ELEC-day2,0.0,0.0,0.0,,,0,0,0,0,0,0,0
3.0,1.0,1.0,,You are logged in as a DISTRIBUTOR,,92,2026-02-01 12:14:43.510157,ELEC-day3,0.0,0.0,0.0,,,0,0,0,0,0,0,0
2.0,1.0,1.0,,FINES,"The fine for open positions of ELEC-dayX at the end of the day is $20,000/contract.",92,2026-02-01 12:14:43.510157,ELEC-day4,0.0,0.0,0.0,,,0,0,0,0,0,0,0
1.0,1.0,1.0,,Welcome to the RITC2026 GBE Energy Electricity Trading Case - practice server,,92,2026-02-01 12:14:43.510157,ELEC-day5,0.0,0.0,0.0,,,0,0,0,0,0,0,0
,,,,,,92,2026-02-01 12:14:43.510157,ELEC-day6,0.0,0.0,0.0,,,0,0,0,0,0,0,0
,,,,,,92,2026-02-01 12:14:43.510157,ELEC-F,0.0,0.0,0.0,,,0,0,0,0,0,0,0
5.0,1.0,89.0,,TEMPERATURE Forecast for DAY 2,The average temperature tomorrow is forecasted to be between 7 and 13 degrees Celsius.,93,2026-02-01 12:14:44.526513,NG,2.14,2.12,2.16,800000.0,800000.0,0,0,0,0,0,0,0
4.0,1.0,1.0,,TEMPERATURE Forecast for DAY 2,The average temperature tomorrow is forecasted to be between 8 and 18 degrees Celsius.,93,2026-02-01 12:14:44.526513,ELEC-day2,0.0,0.0,0.0,,,0,0,0,0,0,0,0
3.0,1.0,1.0,,You are logged in as a DISTRIBUTOR,,93,2026-02-01 12:14:44.526513,ELEC-day3,0.0,0.0,0.0,,,0,0,0,0,0,0,0
2.0,1.0,1.0,,FINES,"The fine for open positions of ELEC-dayX at the end of the day is $20,000/contract.",93,2026-02-01 12:14:44.526513,ELEC-day4,0.0,0.0,0.0,,,0,0,0,0,0,0,0
1.0,1.0,1.0,,Welcome to the RITC2026 GBE Energy Electricity Trading Case - practice server,,93,2026-02-01 12:14:44.526513,ELEC-day5,0.0,0.0,0.0,,,0,0,0,0,0,0,0
,,,,,,93,2026-02-01 12:14:44.526513,ELEC-day6,0.0,0.0,0.0,,,0,0,0,0,0,0,0
,,,,,,93,2026-02-01 12:14:44.526513,ELEC-F,0.0,0.0,0.0,,,0,0,0,0,0,0,0
5.0,1.0,89.0,,TEMPERATURE Forecast for DAY 2,The average temperature tomorrow is forecasted to be between 7 and 13 degrees Celsius.,94,2026-02-01 12:14:45.546658,NG,2.14,2.12,2.16,800000.0,800000.0,0,0,0,0,0,0,0
4.0,1.0,1.0,,TEMPERATURE Forecast for DAY 2,The average temperature tomorrow is forecasted to be between 8 and 18 degrees Celsius.,94,2026-02-01 12:14:45.546658,ELEC-day2,0.0,0.0,0.0,,,0,0,0,0,0,0,0
3.0,1.0,1.0,,You are logged in as a DISTRIBUTOR,,94,2026-02-01 12:14:45.546658,ELEC-day3,0.0,0.0,0.0,,,0,0,0,0,0,0,0
2.0,1.0,1.0,,FINES,"The fine for open positions of ELEC-dayX at the end of the day is $20,000/contract.",94,2026-02-01 12:14:45.546658,ELEC-day4,0.0,0.0,0.0,,,0,0,0,0,0,0,0
1.0,1.0,1.0,,Welcome to the RITC2026 GBE Energy Electricity Trading Case - practice server,,94,2026-02-01 12:14:45.546658,ELEC-day5,0.0,0.0,0.0,,,0,0,0,0,0,0,0
,,,,,,94,2026-02-01 12:14:45.546658,ELEC-day6,0.0,0.0,0.0,,,0,0,0,0,0,0,0
,,,,,,94,2026-02-01 12:14:45.546658,ELEC-F,0.0,0.0,0.0,,,0,0,0,0,0,0,0
5.0,1.0,89.0,,TEMPERATURE Forecast for DAY 2,The average temperature tomorrow is forecasted to be between 7 and 13 degrees Celsius.,95,2026-02-01 12:14:46.626540,NG,2.16,2.14,2.18,800000.0,800000.0,0,0,0,0,0,0,0
4.0,1.0,1.0,,TEMPERATURE Forecast for DAY 2,The average temperature tomorrow is forecasted to be between 8 and 18 degrees Celsius.,95,2026-02-01 12:14:46.626540,ELEC-day2,0.0,0.0,0.0,,,0,0,0,0,0,0,0
3.0,1.0,1.0,,You are logged in as a DISTRIBUTOR,,95,2026-02-01 12:14:46.626540,ELEC-day3,0.0,0.0,0.0,,,0,0,0,0,0,0,0
2.0,1.0,1.0,,FINES,"The fine for open positions of ELEC-dayX at the end of the day is $20,000/contract.",95,2026-02-01 12:14:46.626540,ELEC-day4,0.0,0.0,0.0,,,0,0,0,0,0,0,0
1.0,1.0,1.0,,Welcome to the RITC2026 GBE Energy Electricity Trading Case - practice server,,95,2026-02-01 12:14:46.626540,ELEC-day5,0.0,0.0,0.0,,,0,0,0,0,0,0,0
,,,,,,95,2026-02-01 12:14:46.626540,ELEC-day6,0.0,0.0,0.0,,,0,0,0,0,0,0,0
,,,,,,95,2026-02-01 12:14:46.626540,ELEC-F,0.0,0.0,0.0,,,0,0,0,0,0,0,0
5.0,1.0,89.0,,TEMPERATURE Forecast for DAY 2,The average temperature tomorrow is forecasted to be between 7 and 13 degrees Celsius.,97,2026-02-01 12:14:47.651456,NG,2.16,2.14,2.18,800000.0,800000.0,0,0,0,0,0,0,0
4.0,1.0,1.0,,TEMPERATURE Forecast for DAY 2,The average temperature tomorrow is forecasted to be between 8 and 18 degrees Celsius.,97,2026-02-01 12:14:47.651456,ELEC-day2,0.0,0.0,0.0,,,0,0,0,0,0,0,0
3.0,1.0,1.0,,You are logged in as a DISTRIBUTOR,,97,2026-02-01 12:14:47.651456,ELEC-day3,0.0,0.0,0.0,,,0,0,0,0,0,0,0
2.0,1.0,1.0,,FINES,"The fine for open positions of ELEC-dayX at the end of the day is $20,000/contract.",97,2026-02-01 12:14:47.651456,ELEC-day4,0.0,0.0,0.0,,,0,0,0,0,0,0,0
1.0,1.0,1.0,,Welcome to the RITC2026 GBE Energy Electricity Trading Case - practice server,,97,2026-02-01 12:14:47.651456,ELEC-day5,0.0,0.0,0.0,,,0,0,0,0,0,0,0
,,,,,,97,2026-02-01 12:14:47.651456,ELEC-day6,0.0,0.0,0.0,,,0,0,0,0,0,0,0
,,,,,,97,2026-02-01 12:14:47.651456,ELEC-F,0.0,0.0,0.0,,,0,0,0,0,0,0,0
5.0,1.0,89.0,,TEMPERATURE Forecast for DAY 2,The average temperature tomorrow is forecasted to be between 7 and 13 degrees Celsius.,98,2026-02-01 12:14:48.686482,NG,2.15,2.13,2.17,800000.0,800000.0,0,0,0,0,0,0,0
4.0,1.0,1.0,,TEMPERATURE Forecast for DAY 2,The average temperature tomorrow is forecasted to be between 8 and 18 degrees Celsius.,98,2026-02-01 12:14:48.686482,ELEC-day2,0.0,0.0,0.0,,,0,0,0,0,0,0,0
3.0,1.0,1.0,,You are logged in as a DISTRIBUTOR,,98,2026-02-01 12:14:48.686482,ELEC-day3,0.0,0.0,0.0,,,0,0,0,0,0,0,0
2.0,1.0,1.0,,FINES,"The fine for open positions of ELEC-dayX at the end of the day is $20,000/contract.",98,2026-02-01 12:14:48.686482,ELEC-day4,0.0,0.0,0.0,,,0,0,0,0,0,0,0
1.0,1.0,1.0,,Welcome to the RITC2026 GBE Energy Electricity Trading Case - practice server,,98,2026-02-01 12:14:48.686482,ELEC-day5,0.0,0.0,0.0,,,0,0,0,0,0,0,0
,,,,,,98,2026-02-01 12:14:48.686482,ELEC-day6,0.0,0.0,0.0,,,0,0,0,0,0,0,0
,,,,,,98,2026-02-01 12:14:48.686482,ELEC-F,0.0,0.0,0.0,,,0,0,0,0,0,0,0
5.0,1.0,89.0,,TEMPERATURE Forecast for DAY 2,The average temperature tomorrow is forecasted to be between 7 and 13 degrees Celsius.,99,2026-02-01 12:14:49.721276,NG,2.15,2.13,2.17,800000.0,800000.0,0,0,0,0,0,0,0
4.0,1.0,1.0,,TEMPERATURE Forecast for DAY 2,The average temperature tomorrow is forecasted to be between 8 and 18 degrees Celsius.,99,2026-02-01 12:14:49.721276,ELEC-day2,0.0,0.0,0.0,,,0,0,0,0,0,0,0
3.0,1.0,1.0,,You are logged in as a DISTRIBUTOR,,99,2026-02-01 12:14:49.721276,ELEC-day3,0.0,0.0,0.0,,,0,0,0,0,0,0,0
2.0,1.0,1.0,,FINES,"The fine for open positions of ELEC-dayX at the end of the day is $20,000/contract.",99,2026-02-01 12:14:49.721276,ELEC-day4,0.0,0.0,0.0,,,0,0,0,0,0,0,0
1.0,1.0,1.0,,Welcome to the RITC2026 GBE Energy Electricity Trading Case - practice server,,99,2026-02-01 12:14:49.721276,ELEC-day5,0.0,0.0,0.0,,,0,0,0,0,0,0,0
,,,,,,99,2026-02-01 12:14:49.721276,ELEC-day6,0.0,0.0,0.0,,,0,0,0,0,0,0,0
,,,,,,99,2026-02-01 12:14:49.721276,ELEC-F,0.0,0.0,0.0,,,0,0,0,0,0,0,0
5.0,1.0,89.0,,TEMPERATURE Forecast for DAY 2,The average temperature tomorrow is forecasted to be between 7 and 13 degrees Celsius.,100,2026-02-01 12:14:50.749665,NG,2.15,2.13,2.17,800000.0,800000.0,0,0,0,0,0,0,0
4.0,1.0,1.0,,TEMPERATURE Forecast for DAY 2,The average temperature tomorrow is forecasted to be between 8 and 18 degrees Celsius.,100,2026-02-01 12:14:50.749665,ELEC-day2,0.0,0.0,0.0,,,0,0,0,0,0,0,0
3.0,1.0,1.0,,You are logged in as a DISTRIBUTOR,,100,2026-02-01 12:14:50.749665,ELEC-day3,0.0,0.0,0.0,,,0,0,0,0,0,0,0
2.0,1.0,1.0,,FINES,"The fine for open positions of ELEC-dayX at the end of the day is $20,000/contract.",100,2026-02-01 12:14:50.749665,ELEC-day4,0.0,0.0,0.0,,,0,0,0,0,0,0,0
1.0,1.0,1.0,,Welcome to the RITC2026 GBE Energy Electricity Trading Case - practice server,,100,2026-02-01 12:14:50.749665,ELEC-day5,0.0,0.0,0.0,,,0,0,0,0,0,0,0
,,,,,,100,2026-02-01 12:14:50.749665,ELEC-day6,0.0,0.0,0.0,,,0,0,0,0,0,0,0
,,,,,,100,2026-02-01 12:14:50.749665,ELEC-F,0.0,0.0,0.0,,,0,0,0,0,0,0,0
5.0,1.0,89.0,,TEMPERATURE Forecast for DAY 2,The average temperature tomorrow is forecasted to be between 7 and 13 degrees Celsius.,101,2026-02-01 12:14:51.776334,NG,2.15,2.13,2.17,800000.0,800000.0,0,0,0,0,0,0,0
4.0,1.0,1.0,,TEMPERATURE Forecast for DAY 2,The average temperature tomorrow is forecasted to be between 8 and 18 degrees Celsius.,101,2026-02-01 12:14:51.776334,ELEC-day2,0.0,0.0,0.0,,,0,0,0,0,0,0,0
3.0,1.0,1.0,,You are logged in as a DISTRIBUTOR,,101,2026-02-01 12:14:51.776334,ELEC-day3,0.0,0.0,0.0,,,0,0,0,0,0,0,0
2.0,1.0,1.0,,FINES,"The fine for open positions of ELEC-dayX at the end of the day is $20,000/contract.",101,2026-02-01 12:14:51.776334,ELEC-day4,0.0,0.0,0.0,,,0,0,0,0,0,0,0
1.0,1.0,1.0,,Welcome to the RITC2026 GBE Energy Electricity Trading Case - practice server,,101,2026-02-01 12:14:51.776334,ELEC-day5,0.0,0.0,0.0,,,0,0,0,0,0,0,0
,,,,,,101,2026-02-01 12:14:51.776334,ELEC-day6,0.0,0.0,0.0,,,0,0,0,0,0,0,0
,,,,,,101,2026-02-01 12:14:51.776334,ELEC-F,0.0,0.0,0.0,,,0,0,0,0,0,0,0
5.0,1.0,89.0,,TEMPERATURE Forecast for DAY 2,The average temperature tomorrow is forecasted to be between 7 and 13 degrees Celsius.,102,2026-02-01 12:14:52.810691,NG,2.15,2.13,2.17,800000.0,800000.0,0,0,0,0,0,0,0
4.0,1.0,1.0,,TEMPERATURE Forecast for DAY 2,The average temperature tomorrow is forecasted to be between 8 and 18 degrees Celsius.,102,2026-02-01 12:14:52.810691,ELEC-day2,0.0,0.0,0.0,,,0,0,0,0,0,0,0
3.0,1.0,1.0,,You are logged in as a DISTRIBUTOR,,102,2026-02-01 12:14:52.810691,ELEC-day3,0.0,0.0,0.0,,,0,0,0,0,0,0,0
2.0,1.0,1.0,,FINES,"The fine for open positions of ELEC-dayX at the end of the day is $20,000/contract.",102,2026-02-01 12:14:52.810691,ELEC-day4,0.0,0.0,0.0,,,0,0,0,0,0,0,0
1.0,1.0,1.0,,Welcome to the RITC2026 GBE Energy Electricity Trading Case - practice server,,102,2026-02-01 12:14:52.810691,ELEC-day5,0.0,0.0,0.0,,,0,0,0,0,0,0,0
,,,,,,102,2026-02-01 12:14:52.810691,ELEC-day6,0.0,0.0,0.0,,,0,0,0,0,0,0,0
,,,,,,102,2026-02-01 12:14:52.810691,ELEC-F,0.0,0.0,0.0,,,0,0,0,0,0,0,0
5.0,1.0,89.0,,TEMPERATURE Forecast for DAY 2,The average temperature tomorrow is forecasted to be between 7 and 13 degrees Celsius.,103,2026-02-01 12:14:53.826867,NG,2.15,2.13,2.17,800000.0,800000.0,0,0,0,0,0,0,0
4.0,1.0,1.0,,TEMPERATURE Forecast for DAY 2,The average temperature tomorrow is forecasted to be between 8 and 18 degrees Celsius.,103,2026-02-01 12:14:53.826867,ELEC-day2,0.0,0.0,0.0,,,0,0,0,0,0,0,0
3.0,1.0,1.0,,You are logged in as a DISTRIBUTOR,,103,2026-02-01 12:14:53.826867,ELEC-day3,0.0,0.0,0.0,,,0,0,0,0,0,0,0
2.0,1.0,1.0,,FINES,"The fine for open positions of ELEC-dayX at the end of the day is $20,000/contract.",103,2026-02-01 12:14:53.826867,ELEC-day4,0.0,0.0,0.0,,,0,0,0,0,0,0,0
1.0,1.0,1.0,,Welcome to the RITC2026 GBE Energy Electricity Trading Case - practice server,,103,2026-02-01 12:14:53.826867,ELEC-day5,0.0,0.0,0.0,,,0,0,0,0,0,0,0
,,,,,,103,2026-02-01 12:14:53.826867,ELEC-day6,0.0,0.0,0.0,,,0,0,0,0,0,0,0
,,,,,,103,2026-02-01 12:14:53.826867,ELEC-F,0.0,0.0,0.0,,,0,0,0,0,0,0,0
5.0,1.0,89.0,,TEMPERATURE Forecast for DAY 2,The average temperature tomorrow is forecasted to be between 7 and 13 degrees Celsius.,104,2026-02-01 12:14:54.846866,NG,2.16,2.14,2.18,800000.0,800000.0,0,0,0,0,0,0,0
4.0,1.0,1.0,,TEMPERATURE Forecast for DAY 2,The average temperature tomorrow is forecasted to be between 8 and 18 degrees Celsius.,104,2026-02-01 12:14:54.846866,ELEC-day2,0.0,0.0,0.0,,,0,0,0,0,0,0,0
3.0,1.0,1.0,,You are logged in as a DISTRIBUTOR,,104,2026-02-01 12:14:54.846866,ELEC-day3,0.0,0.0,0.0,,,0,0,0,0,0,0,0
2.0,1.0,1.0,,FINES,"The fine for open positions of ELEC-dayX at the end of the day is $20,000/contract.",104,2026-02-01 12:14:54.846866,ELEC-day4,0.0,0.0,0.0,,,0,0,0,0,0,0,0
1.0,1.0,1.0,,Welcome to the RITC2026 GBE Energy Electricity Trading Case - practice server,,104,2026-02-01 12:14:54.846866,ELEC-day5,0.0,0.0,0.0,,,0,0,0,0,0,0,0
,,,,,,104,2026-02-01 12:14:54.846866,ELEC-day6,0.0,0.0,0.0,,,0,0,0,0,0,0,0
,,,,,,104,2026-02-01 12:14:54.846866,ELEC-F,0.0,0.0,0.0,,,0,0,0,0,0,0,0
5.0,1.0,89.0,,TEMPERATURE Forecast for DAY 2,The average temperature tomorrow is forecasted to be between 7 and 13 degrees Celsius.,105,2026-02-01 12:14:55.856697,NG,2.16,2.14,2.18,800000.0,800000.0,0,0,0,0,0,0,0
4.0,1.0,1.0,,TEMPERATURE Forecast for DAY 2,The average temperature tomorrow is forecasted to be between 8 and 18 degrees Celsius.,105,2026-02-01 12:14:55.856697,ELEC-day2,0.0,0.0,0.0,,,0,0,0,0,0,0,0
3.0,1.0,1.0,,You are logged in as a DISTRIBUTOR,,105,2026-02-01 12:14:55.856697,ELEC-day3,0.0,0.0,0.0,,,0,0,0,0,0,0,0
2.0,1.0,1.0,,FINES,"The fine for open positions of ELEC-dayX at the end of the day is $20,000/contract.",105,2026-02-01 12:14:55.856697,ELEC-day4,0.0,0.0,0.0,,,0,0,0,0,0,0,0
1.0,1.0,1.0,,Welcome to the RITC2026 GBE Energy Electricity Trading Case - practice server,,105,2026-02-01 12:14:55.856697,ELEC-day5,0.0,0.0,0.0,,,0,0,0,0,0,0,0
,,,,,,105,2026-02-01 12:14:55.856697,ELEC-day6,0.0,0.0,0.0,,,0,0,0,0,0,0,0
,,,,,,105,2026-02-01 12:14:55.856697,ELEC-F,0.0,0.0,0.0,,,0,0,0,0,0,0,0
5.0,1.0,89.0,,TEMPERATURE Forecast for DAY 2,The average temperature tomorrow is forecasted to be between 7 and 13 degrees Celsius.,106,2026-02-01 12:14:56.886431,NG,2.16,2.14,2.18,800000.0,800000.0,0,0,0,0,0,0,0
4.0,1.0,1.0,,TEMPERATURE Forecast for DAY 2,The average temperature tomorrow is forecasted to be between 8 and 18 degrees Celsius.,106,2026-02-01 12:14:56.886431,ELEC-day2,0.0,0.0,0.0,,,0,0,0,0,0,0,0
3.0,1.0,1.0,,You are logged in as a DISTRIBUTOR,,106,2026-02-01 12:14:56.886431,ELEC-day3,0.0,0.0,0.0,,,0,0,0,0,0,0,0
2.0,1.0,1.0,,FINES,"The fine for open positions of ELEC-dayX at the end of the day is $20,000/contract.",106,2026-02-01 12:14:56.886431,ELEC-day4,0.0,0.0,0.0,,,0,0,0,0,0,0,0
1.0,1.0,1.0,,Welcome to the RITC2026 GBE Energy Electricity Trading Case - practice server,,106,2026-02-01 12:14:56.886431,ELEC-day5,0.0,0.0,0.0,,,0,0,0,0,0,0,0
,,,,,,106,2026-02-01 12:14:56.886431,ELEC-day6,0.0,0.0,0.0,,,0,0,0,0,0,0,0
,,,,,,106,2026-02-01 12:14:56.886431,ELEC-F,0.0,0.0,0.0,,,0,0,0,0,0,0,0
5.0,1.0,89.0,,TEMPERATURE Forecast for DAY 2,The average temperature tomorrow is forecasted to be between 7 and 13 degrees Celsius.,107,2026-02-01 12:14:57.921298,NG,2.15,2.13,2.17,800000.0,800000.0,0,0,0,0,0,0,0
4.0,1.0,1.0,,TEMPERATURE Forecast for DAY 2,The average temperature tomorrow is forecasted to be between 8 and 18 degrees Celsius.,107,2026-02-01 12:14:57.921298,ELEC-day2,0.0,0.0,0.0,,,0,0,0,0,0,0,0
3.0,1.0,1.0,,You are logged in as a DISTRIBUTOR,,107,2026-02-01 12:14:57.921298,ELEC-day3,0.0,0.0,0.0,,,0,0,0,0,0,0,0
2.0,1.0,1.0,,FINES,"The fine for open positions of ELEC-dayX at the end of the day is $20,000/contract.",107,2026-02-01 12:14:57.921298,ELEC-day4,0.0,0.0,0.0,,,0,0,0,0,0,0,0
1.0,1.0,1.0,,Welcome to the RITC2026 GBE Energy Electricity Trading Case - practice server,,107,2026-02-01 12:14:57.921298,ELEC-day5,0.0,0.0,0.0,,,0,0,0,0,0,0,0
,,,,,,107,2026-02-01 12:14:57.921298,ELEC-day6,0.0,0.0,0.0,,,0,0,0,0,0,0,0
,,,,,,107,2026-02-01 12:14:57.921298,ELEC-F,0.0,0.0,0.0,,,0,0,0,0,0,0,0
5.0,1.0,89.0,,TEMPERATURE Forecast for DAY 2,The average temperature tomorrow is forecasted to be between 7 and 13 degrees Celsius.,108,2026-02-01 12:14:58.951525,NG,2.16,2.14,2.18,800000.0,800000.0,0,0,0,0,0,0,0
4.0,1.0,1.0,,TEMPERATURE Forecast for DAY 2,The average temperature tomorrow is forecasted to be between 8 and 18 degrees Celsius.,108,2026-02-01 12:14:58.951525,ELEC-day2,0.0,0.0,0.0,,,0,0,0,0,0,0,0
3.0,1.0,1.0,,You are logged in as a DISTRIBUTOR,,108,2026-02-01 12:14:58.951525,ELEC-day3,0.0,0.0,0.0,,,0,0,0,0,0,0,0
2.0,1.0,1.0,,FINES,"The fine for open positions of ELEC-dayX at the end of the day is $20,000/contract.",108,2026-02-01 12:14:58.951525,ELEC-day4,0.0,0.0,0.0,,,0,0,0,0,0,0,0
1.0,1.0,1.0,,Welcome to the RITC2026 GBE Energy Electricity Trading Case - practice server,,108,2026-02-01 12:14:58.951525,ELEC-day5,0.0,0.0,0.0,,,0,0,0,0,0,0,0
,,,,,,108,2026-02-01 12:14:58.951525,ELEC-day6,0.0,0.0,0.0,,,0,0,0,0,0,0,0
,,,,,,108,2026-02-01 12:14:58.951525,ELEC-F,0.0,0.0,0.0,,,0,0,0,0,0,0,0
5.0,1.0,89.0,,TEMPERATURE Forecast for DAY 2,The average temperature tomorrow is forecasted to be between 7 and 13 degrees Celsius.,109,2026-02-01 12:14:59.996363,NG,2.16,2.14,2.18,800000.0,800000.0,0,0,0,0,0,0,0
4.0,1.0,1.0,,TEMPERATURE Forecast for DAY 2,The average temperature tomorrow is forecasted to be between 8 and 18 degrees Celsius.,109,2026-02-01 12:14:59.996363,ELEC-day2,0.0,0.0,0.0,,,0,0,0,0,0,0,0
3.0,1.0,1.0,,You are logged in as a DISTRIBUTOR,,109,2026-02-01 12:14:59.996363,ELEC-day3,0.0,0.0,0.0,,,0,0,0,0,0,0,0
2.0,1.0,1.0,,FINES,"The fine for open positions of ELEC-dayX at the end of the day is $20,000/contract.",109,2026-02-01 12:14:59.996363,ELEC-day4,0.0,0.0,0.0,,,0,0,0,0,0,0,0
1.0,1.0,1.0,,Welcome to the RITC2026 GBE Energy Electricity Trading Case - practice server,,109,2026-02-01 12:14:59.996363,ELEC-day5,0.0,0.0,0.0,,,0,0,0,0,0,0,0
,,,,,,109,2026-02-01 12:14:59.996363,ELEC-day6,0.0,0.0,0.0,,,0,0,0,0,0,0,0
,,,,,,109,2026-02-01 12:14:59.996363,ELEC-F,0.0,0.0,0.0,,,0,0,0,0,0,0,0
5.0,1.0,89.0,,TEMPERATURE Forecast for DAY 2,The average temperature tomorrow is forecasted to be between 7 and 13 degrees Celsius.,110,2026-02-01 12:15:01.036326,NG,2.17,2.15,2.19,800000.0,800000.0,0,0,0,0,0,0,0
4.0,1.0,1.0,,TEMPERATURE Forecast for DAY 2,The average temperature tomorrow is forecasted to be between 8 and 18 degrees Celsius.,110,2026-02-01 12:15:01.036326,ELEC-day2,0.0,0.0,0.0,,,0,0,0,0,0,0,0
3.0,1.0,1.0,,You are logged in as a DISTRIBUTOR,,110,2026-02-01 12:15:01.036326,ELEC-day3,0.0,0.0,0.0,,,0,0,0,0,0,0,0
2.0,1.0,1.0,,FINES,"The fine for open positions of ELEC-dayX at the end of the day is $20,000/contract.",110,2026-02-01 12:15:01.036326,ELEC-day4,0.0,0.0,0.0,,,0,0,0,0,0,0,0
1.0,1.0,1.0,,Welcome to the RITC2026 GBE Energy Electricity Trading Case - practice server,,110,2026-02-01 12:15:01.036326,ELEC-day5,0.0,0.0,0.0,,,0,0,0,0,0,0,0
,,,,,,110,2026-02-01 12:15:01.036326,ELEC-day6,0.0,0.0,0.0,,,0,0,0,0,0,0,0
,,,,,,110,2026-02-01 12:15:01.036326,ELEC-F,0.0,0.0,0.0,,,0,0,0,0,0,0,0
5.0,1.0,89.0,,TEMPERATURE Forecast for DAY 2,The average temperature tomorrow is forecasted to be between 7 and 13 degrees Celsius.,111,2026-02-01 12:15:02.076310,NG,2.16,2.14,2.18,800000.0,800000.0,0,0,0,0,0,0,0
4.0,1.0,1.0,,TEMPERATURE Forecast for DAY 2,The average temperature tomorrow is forecasted to be between 8 and 18 degrees Celsius.,111,2026-02-01 12:15:02.076310,ELEC-day2,0.0,0.0,0.0,,,0,0,0,0,0,0,0
3.0,1.0,1.0,,You are logged in as a DISTRIBUTOR,,111,2026-02-01 12:15:02.076310,ELEC-day3,0.0,0.0,0.0,,,0,0,0,0,0,0,0
2.0,1.0,1.0,,FINES,"The fine for open positions of ELEC-dayX at the end of the day is $20,000/contract.",111,2026-02-01 12:15:02.076310,ELEC-day4,0.0,0.0,0.0,,,0,0,0,0,0,0,0
1.0,1.0,1.0,,Welcome to the RITC2026 GBE Energy Electricity Trading Case - practice server,,111,2026-02-01 12:15:02.076310,ELEC-day5,0.0,0.0,0.0,,,0,0,0,0,0,0,0
,,,,,,111,2026-02-01 12:15:02.076310,ELEC-day6,0.0,0.0,0.0,,,0,0,0,0,0,0,0
,,,,,,111,2026-02-01 12:15:02.076310,ELEC-F,0.0,0.0,0.0,,,0,0,0,0,0,0,0
5.0,1.0,89.0,,TEMPERATURE Forecast for DAY 2,The average temperature tomorrow is forecasted to be between 7 and 13 degrees Celsius.,112,2026-02-01 12:15:03.111620,NG,2.16,2.14,2.18,800000.0,800000.0,0,0,0,0,0,0,0
4.0,1.0,1.0,,TEMPERATURE Forecast for DAY 2,The average temperature tomorrow is forecasted to be between 8 and 18 degrees Celsius.,112,2026-02-01 12:15:03.111620,ELEC-day2,0.0,0.0,0.0,,,0,0,0,0,0,0,0
3.0,1.0,1.0,,You are logged in as a DISTRIBUTOR,,112,2026-02-01 12:15:03.111620,ELEC-day3,0.0,0.0,0.0,,,0,0,0,0,0,0,0
2.0,1.0,1.0,,FINES,"The fine for open positions of ELEC-dayX at the end of the day is $20,000/contract.",112,2026-02-01 12:15:03.111620,ELEC-day4,0.0,0.0,0.0,,,0,0,0,0,0,0,0
1.0,1.0,1.0,,Welcome to the RITC2026 GBE Energy Electricity Trading Case - practice server,,112,2026-02-01 12:15:03.111620,ELEC-day5,0.0,0.0,0.0,,,0,0,0,0,0,0,0
,,,,,,112,2026-02-01 12:15:03.111620,ELEC-day6,0.0,0.0,0.0,,,0,0,0,0,0,0,0
,,,,,,112,2026-02-01 12:15:03.111620,ELEC-F,0.0,0.0,0.0,,,0,0,0,0,0,0,0
5.0,1.0,89.0,,TEMPERATURE Forecast for DAY 2,The average temperature tomorrow is forecasted to be between 7 and 13 degrees Celsius.,113,2026-02-01 12:15:04.136561,NG,2.17,2.15,2.19,800000.0,800000.0,0,0,0,0,0,0,0
4.0,1.0,1.0,,TEMPERATURE Forecast for DAY 2,The average temperature tomorrow is forecasted to be between 8 and 18 degrees Celsius.,113,2026-02-01 12:15:04.136561,ELEC-day2,0.0,0.0,0.0,,,0,0,0,0,0,0,0
3.0,1.0,1.0,,You are logged in as a DISTRIBUTOR,,113,2026-02-01 12:15:04.136561,ELEC-day3,0.0,0.0,0.0,,,0,0,0,0,0,0,0
2.0,1.0,1.0,,FINES,"The fine for open positions of ELEC-dayX at the end of the day is $20,000/contract.",113,2026-02-01 12:15:04.136561,ELEC-day4,0.0,0.0,0.0,,,0,0,0,0,0,0,0
1.0,1.0,1.0,,Welcome to the RITC2026 GBE Energy Electricity Trading Case - practice server,,113,2026-02-01 12:15:04.136561,ELEC-day5,0.0,0.0,0.0,,,0,0,0,0,0,0,0
,,,,,,113,2026-02-01 12:15:04.136561,ELEC-day6,0.0,0.0,0.0,,,0,0,0,0,0,0,0
,,,,,,113,2026-02-01 12:15:04.136561,ELEC-F,0.0,0.0,0.0,,,0,0,0,0,0,0,0
