news_id,period,tick,ticker,headline,body,tick,timestamp,ticker,last_price,bid_price,ask_price,BUY_ANON,SELL_ANON,BUY_GIOT-P,SELL_GIOT-P
3.0,1.0,1.0,,You are logged in as a TRADER,,2,2026-02-01 03:15:17.793446,NG,2.2,2.18,2.22,800000.0,800000.0,0,0
2.0,1.0,1.0,,FINES,"The fine for open positions of ELEC-dayX at the end of the day is $20,000/contract.",2,2026-02-01 03:15:17.793446,ELEC-day2,0.0,0.0,0.0,,,0,0
1.0,1.0,1.0,,Welcome to the RITC2026 GBE Energy Electricity Trading Case - practice server,,2,2026-02-01 03:15:17.793446,ELEC-day3,0.0,0.0,0.0,,,0,0
,,,,,,2,2026-02-01 03:15:17.793446,ELEC-day4,0.0,0.0,0.0,,,0,0
,,,,,,2,2026-02-01 03:15:17.793446,ELEC-day5,0.0,0.0,0.0,,,0,0
,,,,,,2,2026-02-01 03:15:17.793446,ELEC-day6,0.0,0.0,0.0,,,0,0
,,,,,,2,2026-02-01 03:15:17.793446,ELEC-F,0.0,0.0,0.0,,,0,0
3.0,1.0,1.0,,You are logged in as a TRADER,,3,2026-02-01 03:15:18.838136,NG,2.2,2.18,2.22,800000.0,800000.0,0,0
2.0,1.0,1.0,,FINES,"The fine for open positions of ELEC-dayX at the end of the day is $20,000/contract.",3,2026-02-01 03:15:18.838136,ELEC-day2,0.0,0.0,0.0,,,0,0
1.0,1.0,1.0,,Welcome to the RITC2026 GBE Energy Electricity Trading Case - practice server,,3,2026-02-01 03:15:18.838136,ELEC-day3,0.0,0.0,0.0,,,0,0
,,,,,,3,2026-02-01 03:15:18.838136,ELEC-day4,0.0,0.0,0.0,,,0,0
,,,,,,3,2026-02-01 03:15:18.838136,ELEC-day5,0.0,0.0,0.0,,,0,0
,,,,,,3,2026-02-01 03:15:18.838136,ELEC-day6,0.0,0.0,0.0,,,0,0
,,,,,,3,2026-02-01 03:15:18.838136,ELEC-F,0.0,0.0,0.0,,,0,0
3.0,1.0,1.0,,You are logged in as a TRADER,,4,2026-02-01 03:15:19.875162,NG,2.2,2.18,2.22,800000.0,800000.0,0,0
2.0,1.0,1.0,,FINES,"The fine for open positions of ELEC-dayX at the end of the day is $20,000/contract.",4,2026-02-01 03:15:19.875162,ELEC-day2,0.0,0.0,0.0,,,0,0
1.0,1.0,1.0,,Welcome to the RITC2026 GBE Energy Electricity Trading Case - practice server,,4,2026-02-01 03:15:19.875162,ELEC-day3,0.0,0.0,0.0,,,0,0
,,,,,,4,2026-02-01 03:15:19.875162,ELEC-day4,0.0,0.0,0.0,,,0,0
,,,,,,4,2026-02-01 03:15:19.875162,ELEC-day5,0.0,0.0,0.0,,,0,0
,,,,,,4,2026-02-01 03:15:19.875162,ELEC-day6,0.0,0.0,0.0,,,0,0
,,,,,,4,2026-02-01 03:15:19.875162,ELEC-F,0.0,0.0,0.0,,,0,0
3.0,1.0,1.0,,You are logged in as a TRADER,,5,2026-02-01 03:15:20.910744,NG,2.2,2.18,2.22,800000.0,800000.0,0,0
2.0,1.0,1.0,,FINES,"The fine for open positions of ELEC-dayX at the end of the day is $20,000/contract.",5,2026-02-01 03:15:20.910744,ELEC-day2,0.0,0.0,0.0,,,0,0
1.0,1.0,1.0,,Welcome to the RITC2026 GBE Energy Electricity Trading Case - practice server,,5,2026-02-01 03:15:20.910744,ELEC-day3,0.0,0.0,0.0,,,0,0
,,,,,,5,2026-02-01 03:15:20.910744,ELEC-day4,0.0,0.0,0.0,,,0,0
,,,,,,5,2026-02-01 03:15:20.910744,ELEC-day5,0.0,0.0,0.0,,,0,0
,,,,,,5,2026-02-01 03:15:20.910744,ELEC-day6,0.0,0.0,0.0,,,0,0
,,,,,,5,2026-02-01 03:15:20.910744,ELEC-F,0.0,0.0,0.0,,,0,0
3.0,1.0,1.0,,You are logged in as a TRADER,,6,2026-02-01 03:15:21.941600,NG,2.19,2.17,2.21,800000.0,800000.0,0,0
2.0,1.0,1.0,,FINES,"The fine for open positions of ELEC-dayX at the end of the day is $20,000/contract.",6,2026-02-01 03:15:21.941600,ELEC-day2,0.0,0.0,0.0,,,0,0
1.0,1.0,1.0,,Welcome to the RITC2026 GBE Energy Electricity Trading Case - practice server,,6,2026-02-01 03:15:21.941600,ELEC-day3,0.0,0.0,0.0,,,0,0
,,,,,,6,2026-02-01 03:15:21.941600,ELEC-day4,0.0,0.0,0.0,,,0,0
,,,,,,6,2026-02-01 03:15:21.941600,ELEC-day5,0.0,0.0,0.0,,,0,0
,,,,,,6,2026-02-01 03:15:21.941600,ELEC-day6,0.0,0.0,0.0,,,0,0
,,,,,,6,2026-02-01 03:15:21.941600,ELEC-F,0.0,0.0,0.0,,,0,0
3.0,1.0,1.0,,You are logged in as a TRADER,,7,2026-02-01 03:15:22.977859,NG,2.19,2.17,2.21,800000.0,800000.0,0,0
2.0,1.0,1.0,,FINES,"The fine for open positions of ELEC-dayX at the end of the day is $20,000/contract.",7,2026-02-01 03:15:22.977859,ELEC-day2,0.0,0.0,0.0,,,0,0
1.0,1.0,1.0,,Welcome to the RITC2026 GBE Energy Electricity Trading Case - practice server,,7,2026-02-01 03:15:22.977859,ELEC-day3,0.0,0.0,0.0,,,0,0
,,,,,,7,2026-02-01 03:15:22.977859,ELEC-day4,0.0,0.0,0.0,,,0,0
,,,,,,7,2026-02-01 03:15:22.977859,ELEC-day5,0.0,0.0,0.0,,,0,0
,,,,,,7,2026-02-01 03:15:22.977859,ELEC-day6,0.0,0.0,0.0,,,0,0
,,,,,,7,2026-02-01 03:15:22.977859,ELEC-F,0.0,0.0,0.0,,,0,0
3.0,1.0,1.0,,You are logged in as a TRADER,,8,2026-02-01 03:15:24.003576,NG,2.19,2.17,2.21,800000.0,800000.0,0,0
2.0,1.0,1.0,,FINES,"The fine for open positions of ELEC-dayX at the end of the day is $20,000/contract.",8,2026-02-01 03:15:24.003576,ELEC-day2,0.0,0.0,0.0,,,0,0
1.0,1.0,1.0,,Welcome to the RITC2026 GBE Energy Electricity Trading Case - practice server,,8,2026-02-01 03:15:24.003576,ELEC-day3,0.0,0.0,0.0,,,0,0
,,,,,,8,2026-02-01 03:15:24.003576,ELEC-day4,0.0,0.0,0.0,,,0,0
,,,,,,8,2026-02-01 03:15:24.003576,ELEC-day5,0.0,0.0,0.0,,,0,0
,,,,,,8,2026-02-01 03:15:24.003576,ELEC-day6,0.0,0.0,0.0,,,0,0
,,,,,,8,2026-02-01 03:15:24.003576,ELEC-F,0.0,0.0,0.0,,,0,0
3.0,1.0,1.0,,You are logged in as a TRADER,,9,2026-02-01 03:15:25.029242,NG,2.19,2.17,2.21,800000.0,800000.0,0,0
2.0,1.0,1.0,,FINES,"The fine for open positions of ELEC-dayX at the end of the day is $20,000/contract.",9,2026-02-01 03:15:25.029242,ELEC-day2,0.0,0.0,0.0,,,0,0
1.0,1.0,1.0,,Welcome to the RITC2026 GBE Energy Electricity Trading Case - practice server,,9,2026-02-01 03:15:25.029242,ELEC-day3,0.0,0.0,0.0,,,0,0
,,,,,,9,2026-02-01 03:15:25.029242,ELEC-day4,0.0,0.0,0.0,,,0,0
,,,,,,9,2026-02-01 03:15:25.029242,ELEC-day5,0.0,0.0,0.0,,,0,0
,,,,,,9,2026-02-01 03:15:25.029242,ELEC-day6,0.0,0.0,0.0,,,0,0
,,,,,,9,2026-02-01 03:15:25.029242,ELEC-F,0.0,0.0,0.0,,,0,0
3.0,1.0,1.0,,You are logged in as a TRADER,,10,2026-02-01 03:15:26.058486,NG,2.19,2.17,2.21,800000.0,800000.0,0,0
2.0,1.0,1.0,,FINES,"The fine for open positions of ELEC-dayX at the end of the day is $20,000/contract.",10,2026-02-01 03:15:26.058486,ELEC-day2,0.0,0.0,0.0,,,0,0
1.0,1.0,1.0,,Welcome to the RITC2026 GBE Energy Electricity Trading Case - practice server,,10,2026-02-01 03:15:26.058486,ELEC-day3,0.0,0.0,0.0,,,0,0
,,,,,,10,2026-02-01 03:15:26.058486,ELEC-day4,0.0,0.0,0.0,,,0,0
,,,,,,10,2026-02-01 03:15:26.058486,ELEC-day5,0.0,0.0,0.0,,,0,0
,,,,,,10,2026-02-01 03:15:26.058486,ELEC-day6,0.0,0.0,0.0,,,0,0
,,,,,,10,2026-02-01 03:15:26.058486,ELEC-F,0.0,0.0,0.0,,,0,0
3.0,1.0,1.0,,You are logged in as a TRADER,,11,2026-02-01 03:15:27.092355,NG,2.17,2.15,2.19,800000.0,800000.0,0,0
2.0,1.0,1.0,,FINES,"The fine for open positions of ELEC-dayX at the end of the day is $20,000/contract.",11,2026-02-01 03:15:27.092355,ELEC-day2,0.0,0.0,0.0,,,0,0
1.0,1.0,1.0,,Welcome to the RITC2026 GBE Energy Electricity Trading Case - practice server,,11,2026-02-01 03:15:27.092355,ELEC-day3,0.0,0.0,0.0,,,0,0
,,,,,,11,2026-02-01 03:15:27.092355,ELEC-day4,0.0,0.0,0.0,,,0,0
,,,,,,11,2026-02-01 03:15:27.092355,ELEC-day5,0.0,0.0,0.0,,,0,0
,,,,,,11,2026-02-01 03:15:27.092355,ELEC-day6,0.0,0.0,0.0,,,0,0
,,,,,,11,2026-02-01 03:15:27.092355,ELEC-F,0.0,0.0,0.0,,,0,0
3.0,1.0,1.0,,You are logged in as a TRADER,,12,2026-02-01 03:15:28.127546,NG,2.17,2.15,2.19,800000.0,800000.0,0,0
2.0,1.0,1.0,,FINES,"The fine for open positions of ELEC-dayX at the end of the day is $20,000/contract.",12,2026-02-01 03:15:28.127546,ELEC-day2,0.0,0.0,0.0,,,0,0
1.0,1.0,1.0,,Welcome to the RITC2026 GBE Energy Electricity Trading Case - practice server,,12,2026-02-01 03:15:28.127546,ELEC-day3,0.0,0.0,0.0,,,0,0
,,,,,,12,2026-02-01 03:15:28.127546,ELEC-day4,0.0,0.0,0.0,,,0,0
,,,,,,12,2026-02-01 03:15:28.127546,ELEC-day5,0.0,0.0,0.0,,,0,0
,,,,,,12,2026-02-01 03:15:28.127546,ELEC-day6,0.0,0.0,0.0,,,0,0
,,,,,,12,2026-02-01 03:15:28.127546,ELEC-F,0.0,0.0,0.0,,,0,0
3.0,1.0,1.0,,You are logged in as a TRADER,,13,2026-02-01 03:15:29.151803,NG,2.16,2.14,2.18,800000.0,800000.0,0,0
2.0,1.0,1.0,,FINES,"The fine for open positions of ELEC-dayX at the end of the day is $20,000/contract.",13,2026-02-01 03:15:29.151803,ELEC-day2,0.0,0.0,0.0,,,0,0
1.0,1.0,1.0,,Welcome to the RITC2026 GBE Energy Electricity Trading Case - practice server,,13,2026-02-01 03:15:29.151803,ELEC-day3,0.0,0.0,0.0,,,0,0
,,,,,,13,2026-02-01 03:15:29.151803,ELEC-day4,0.0,0.0,0.0,,,0,0
,,,,,,13,2026-02-01 03:15:29.151803,ELEC-day5,0.0,0.0,0.0,,,0,0
,,,,,,13,2026-02-01 03:15:29.151803,ELEC-day6,0.0,0.0,0.0,,,0,0
,,,,,,13,2026-02-01 03:15:29.151803,ELEC-F,0.0,0.0,0.0,,,0,0
3.0,1.0,1.0,,You are logged in as a TRADER,,14,2026-02-01 03:15:30.186036,NG,2.16,2.14,2.18,800000.0,800000.0,0,0
2.0,1.0,1.0,,FINES,"The fine for open positions of ELEC-dayX at the end of the day is $20,000/contract.",14,2026-02-01 03:15:30.186036,ELEC-day2,0.0,0.0,0.0,,,0,0
1.0,1.0,1.0,,Welcome to the RITC2026 GBE Energy Electricity Trading Case - practice server,,14,2026-02-01 03:15:30.186036,ELEC-day3,0.0,0.0,0.0,,,0,0
,,,,,,14,2026-02-01 03:15:30.186036,ELEC-day4,0.0,0.0,0.0,,,0,0
,,,,,,14,2026-02-01 03:15:30.186036,ELEC-day5,0.0,0.0,0.0,,,0,0
,,,,,,14,2026-02-01 03:15:30.186036,ELEC-day6,0.0,0.0,0.0,,,0,0
,,,,,,14,2026-02-01 03:15:30.186036,ELEC-F,0.0,0.0,0.0,,,0,0
3.0,1.0,1.0,,You are logged in as a TRADER,,15,2026-02-01 03:15:31.213306,NG,2.16,2.14,2.18,800000.0,800000.0,0,0
2.0,1.0,1.0,,FINES,"The fine for open positions of ELEC-dayX at the end of the day is $20,000/contract.",15,2026-02-01 03:15:31.213306,ELEC-day2,0.0,0.0,0.0,,,0,0
1.0,1.0,1.0,,Welcome to the RITC2026 GBE Energy Electricity Trading Case - practice server,,15,2026-02-01 03:15:31.213306,ELEC-day3,0.0,0.0,0.0,,,0,0
,,,,,,15,2026-02-01 03:15:31.213306,ELEC-day4,0.0,0.0,0.0,,,0,0
,,,,,,15,2026-02-01 03:15:31.213306,ELEC-day5,0.0,0.0,0.0,,,0,0
,,,,,,15,2026-02-01 03:15:31.213306,ELEC-day6,0.0,0.0,0.0,,,0,0
,,,,,,15,2026-02-01 03:15:31.213306,ELEC-F,0.0,0.0,0.0,,,0,0
3.0,1.0,1.0,,You are logged in as a TRADER,,16,2026-02-01 03:15:32.252380,NG,2.16,2.14,2.18,800000.0,800000.0,0,0
2.0,1.0,1.0,,FINES,"The fine for open positions of ELEC-dayX at the end of the day is $20,000/contract.",16,2026-02-01 03:15:32.252380,ELEC-day2,0.0,0.0,0.0,,,0,0
1.0,1.0,1.0,,Welcome to the RITC2026 GBE Energy Electricity Trading Case - practice server,,16,2026-02-01 03:15:32.252380,ELEC-day3,0.0,0.0,0.0,,,0,0
,,,,,,16,2026-02-01 03:15:32.252380,ELEC-day4,0.0,0.0,0.0,,,0,0
,,,,,,16,2026-02-01 03:15:32.252380,ELEC-day5,0.0,0.0,0.0,,,0,0
,,,,,,16,2026-02-01 03:15:32.252380,ELEC-day6,0.0,0.0,0.0,,,0,0
,,,,,,16,2026-02-01 03:15:32.252380,ELEC-F,0.0,0.0,0.0,,,0,0
3.0,1.0,1.0,,You are logged in as a TRADER,,17,2026-02-01 03:15:33.290402,NG,2.17,2.15,2.19,800000.0,800000.0,0,0
2.0,1.0,1.0,,FINES,"The fine for open positions of ELEC-dayX at the end of the day is $20,000/contract.",17,2026-02-01 03:15:33.290402,ELEC-day2,0.0,0.0,0.0,,,0,0
1.0,1.0,1.0,,Welcome to the RITC2026 GBE Energy Electricity Trading Case - practice server,,17,2026-02-01 03:15:33.290402,ELEC-day3,0.0,0.0,0.0,,,0,0
,,,,,,17,2026-02-01 03:15:33.290402,ELEC-day4,0.0,0.0,0.0,,,0,0
,,,,,,17,2026-02-01 03:15:33.290402,ELEC-day5,0.0,0.0,0.0,,,0,0
,,,,,,17,2026-02-01 03:15:33.290402,ELEC-day6,0.0,0.0,0.0,,,0,0
,,,,,,17,2026-02-01 03:15:33.290402,ELEC-F,0.0,0.0,0.0,,,0,0
3.0,1.0,1.0,,You are logged in as a TRADER,,18,2026-02-01 03:15:34.327470,NG,2.16,2.14,2.18,800000.0,800000.0,0,0
2.0,1.0,1.0,,FINES,"The fine for open positions of ELEC-dayX at the end of the day is $20,000/contract.",18,2026-02-01 03:15:34.327470,ELEC-day2,0.0,0.0,0.0,,,0,0
1.0,1.0,1.0,,Welcome to the RITC2026 GBE Energy Electricity Trading Case - practice server,,18,2026-02-01 03:15:34.327470,ELEC-day3,0.0,0.0,0.0,,,0,0
,,,,,,18,2026-02-01 03:15:34.327470,ELEC-day4,0.0,0.0,0.0,,,0,0
,,,,,,18,2026-02-01 03:15:34.327470,ELEC-day5,0.0,0.0,0.0,,,0,0
,,,,,,18,2026-02-01 03:15:34.327470,ELEC-day6,0.0,0.0,0.0,,,0,0
,,,,,,18,2026-02-01 03:15:34.327470,ELEC-F,0.0,0.0,0.0,,,0,0
3.0,1.0,1.0,,You are logged in as a TRADER,,19,2026-02-01 03:15:35.355995,NG,2.16,2.14,2.18,800000.0,800000.0,0,0
2.0,1.0,1.0,,FINES,"The fine for open positions of ELEC-dayX at the end of the day is $20,000/contract.",19,2026-02-01 03:15:35.355995,ELEC-day2,0.0,0.0,0.0,,,0,0
1.0,1.0,1.0,,Welcome to the RITC2026 GBE Energy Electricity Trading Case - practice server,,19,2026-02-01 03:15:35.355995,ELEC-day3,0.0,0.0,0.0,,,0,0
,,,,,,19,2026-02-01 03:15:35.355995,ELEC-day4,0.0,0.0,0.0,,,0,0
,,,,,,19,2026-02-01 03:15:35.355995,ELEC-day5,0.0,0.0,0.0,,,0,0
,,,,,,19,2026-02-01 03:15:35.355995,ELEC-day6,0.0,0.0,0.0,,,0,0
,,,,,,19,2026-02-01 03:15:35.355995,ELEC-F,0.0,0.0,0.0,,,0,0
3.0,1.0,1.0,,You are logged in as a TRADER,,20,2026-02-01 03:15:36.382502,NG,2.15,2.13,2.17,800000.0,800000.0,0,0
2.0,1.0,1.0,,FINES,"The fine for open positions of ELEC-dayX at the end of the day is $20,000/contract.",20,2026-02-01 03:15:36.382502,ELEC-day2,0.0,0.0,0.0,,,0,0
1.0,1.0,1.0,,Welcome to the RITC2026 GBE Energy Electricity Trading Case - practice server,,20,2026-02-01 03:15:36.382502,ELEC-day3,0.0,0.0,0.0,,,0,0
,,,,,,20,2026-02-01 03:15:36.382502,ELEC-day4,0.0,0.0,0.0,,,0,0
,,,,,,20,2026-02-01 03:15:36.382502,ELEC-day5,0.0,0.0,0.0,,,0,0
,,,,,,20,2026-02-01 03:15:36.382502,ELEC-day6,0.0,0.0,0.0,,,0,0
,,,,,,20,2026-02-01 03:15:36.382502,ELEC-F,0.0,0.0,0.0,,,0,0
3.0,1.0,1.0,,You are logged in as a TRADER,,21,2026-02-01 03:15:37.420313,NG,2.15,2.13,2.17,800000.0,800000.0,0,0
2.0,1.0,1.0,,FINES,"The fine for open positions of ELEC-dayX at the end of the day is $20,000/contract.",21,2026-02-01 03:15:37.420313,ELEC-day2,0.0,0.0,0.0,,,0,0
1.0,1.0,1.0,,Welcome to the RITC2026 GBE Energy Electricity Trading Case - practice server,,21,2026-02-01 03:15:37.420313,ELEC-day3,0.0,0.0,0.0,,,0,0
,,,,,,21,2026-02-01 03:15:37.420313,ELEC-day4,0.0,0.0,0.0,,,0,0
,,,,,,21,2026-02-01 03:15:37.420313,ELEC-day5,0.0,0.0,0.0,,,0,0
,,,,,,21,2026-02-01 03:15:37.420313,ELEC-day6,0.0,0.0,0.0,,,0,0
,,,,,,21,2026-02-01 03:15:37.420313,ELEC-F,0.0,0.0,0.0,,,0,0
3.0,1.0,1.0,,You are logged in as a TRADER,,22,2026-02-01 03:15:38.446412,NG,2.15,2.13,2.17,800000.0,800000.0,0,0
2.0,1.0,1.0,,FINES,"The fine for open positions of ELEC-dayX at the end of the day is $20,000/contract.",22,2026-02-01 03:15:38.446412,ELEC-day2,0.0,0.0,0.0,,,0,0
1.0,1.0,1.0,,Welcome to the RITC2026 GBE Energy Electricity Trading Case - practice server,,22,2026-02-01 03:15:38.446412,ELEC-day3,0.0,0.0,0.0,,,0,0
,,,,,,22,2026-02-01 03:15:38.446412,ELEC-day4,0.0,0.0,0.0,,,0,0
,,,,,,22,2026-02-01 03:15:38.446412,ELEC-day5,0.0,0.0,0.0,,,0,0
,,,,,,22,2026-02-01 03:15:38.446412,ELEC-day6,0.0,0.0,0.0,,,0,0
,,,,,,22,2026-02-01 03:15:38.446412,ELEC-F,0.0,0.0,0.0,,,0,0
3.0,1.0,1.0,,You are logged in as a TRADER,,23,2026-02-01 03:15:39.473310,NG,2.15,2.13,2.17,800000.0,800000.0,0,0
2.0,1.0,1.0,,FINES,"The fine for open positions of ELEC-dayX at the end of the day is $20,000/contract.",23,2026-02-01 03:15:39.473310,ELEC-day2,0.0,0.0,0.0,,,0,0
1.0,1.0,1.0,,Welcome to the RITC2026 GBE Energy Electricity Trading Case - practice server,,23,2026-02-01 03:15:39.473310,ELEC-day3,0.0,0.0,0.0,,,0,0
,,,,,,23,2026-02-01 03:15:39.473310,ELEC-day4,0.0,0.0,0.0,,,0,0
,,,,,,23,2026-02-01 03:15:39.473310,ELEC-day5,0.0,0.0,0.0,,,0,0
,,,,,,23,2026-02-01 03:15:39.473310,ELEC-day6,0.0,0.0,0.0,,,0,0
,,,,,,23,2026-02-01 03:15:39.473310,ELEC-F,0.0,0.0,0.0,,,0,0
3.0,1.0,1.0,,You are logged in as a TRADER,,24,2026-02-01 03:15:40.510884,NG,2.14,2.12,2.16,800000.0,800000.0,0,0
2.0,1.0,1.0,,FINES,"The fine for open positions of ELEC-dayX at the end of the day is $20,000/contract.",24,2026-02-01 03:15:40.510884,ELEC-day2,0.0,0.0,0.0,,,0,0
1.0,1.0,1.0,,Welcome to the RITC2026 GBE Energy Electricity Trading Case - practice server,,24,2026-02-01 03:15:40.510884,ELEC-day3,0.0,0.0,0.0,,,0,0
,,,,,,24,2026-02-01 03:15:40.510884,ELEC-day4,0.0,0.0,0.0,,,0,0
,,,,,,24,2026-02-01 03:15:40.510884,ELEC-day5,0.0,0.0,0.0,,,0,0
,,,,,,24,2026-02-01 03:15:40.510884,ELEC-day6,0.0,0.0,0.0,,,0,0
,,,,,,24,2026-02-01 03:15:40.510884,ELEC-F,0.0,0.0,0.0,,,0,0
3.0,1.0,1.0,,You are logged in as a TRADER,,25,2026-02-01 03:15:41.534337,NG,2.14,2.12,2.16,800000.0,800000.0,0,0
2.0,1.0,1.0,,FINES,"The fine for open positions of ELEC-dayX at the end of the day is $20,000/contract.",25,2026-02-01 03:15:41.534337,ELEC-day2,0.0,0.0,0.0,,,0,0
1.0,1.0,1.0,,Welcome to the RITC2026 GBE Energy Electricity Trading Case - practice server,,25,2026-02-01 03:15:41.534337,ELEC-day3,0.0,0.0,0.0,,,0,0
,,,,,,25,2026-02-01 03:15:41.534337,ELEC-day4,0.0,0.0,0.0,,,0,0
,,,,,,25,2026-02-01 03:15:41.534337,ELEC-day5,0.0,0.0,0.0,,,0,0
,,,,,,25,2026-02-01 03:15:41.534337,ELEC-day6,0.0,0.0,0.0,,,0,0
,,,,,,25,2026-02-01 03:15:41.534337,ELEC-F,0.0,0.0,0.0,,,0,0
3.0,1.0,1.0,,You are logged in as a TRADER,,26,2026-02-01 03:15:42.562573,NG,2.14,2.12,2.16,800000.0,800000.0,0,0
2.0,1.0,1.0,,FINES,"The fine for open positions of ELEC-dayX at the end of the day is $20,000/contract.",26,2026-02-01 03:15:42.562573,ELEC-day2,0.0,0.0,0.0,,,0,0
1.0,1.0,1.0,,Welcome to the RITC2026 GBE Energy Electricity Trading Case - practice server,,26,2026-02-01 03:15:42.562573,ELEC-day3,0.0,0.0,0.0,,,0,0
,,,,,,26,2026-02-01 03:15:42.562573,ELEC-day4,0.0,0.0,0.0,,,0,0
,,,,,,26,2026-02-01 03:15:42.562573,ELEC-day5,0.0,0.0,0.0,,,0,0
,,,,,,26,2026-02-01 03:15:42.562573,ELEC-day6,0.0,0.0,0.0,,,0,0
,,,,,,26,2026-02-01 03:15:42.562573,ELEC-F,0.0,0.0,0.0,,,0,0
3.0,1.0,1.0,,You are logged in as a TRADER,,27,2026-02-01 03:15:43.591162,NG,2.14,2.12,2.16,800000.0,800000.0,0,0
2.0,1.0,1.0,,FINES,"The fine for open positions of ELEC-dayX at the end of the day is $20,000/contract.",27,2026-02-01 03:15:43.591162,ELEC-day2,0.0,0.0,0.0,,,0,0
1.0,1.0,1.0,,Welcome to the RITC2026 GBE Energy Electricity Trading Case - practice server,,27,2026-02-01 03:15:43.591162,ELEC-day3,0.0,0.0,0.0,,,0,0
,,,,,,27,2026-02-01 03:15:43.591162,ELEC-day4,0.0,0.0,0.0,,,0,0
,,,,,,27,2026-02-01 03:15:43.591162,ELEC-day5,0.0,0.0,0.0,,,0,0
,,,,,,27,2026-02-01 03:15:43.591162,ELEC-day6,0.0,0.0,0.0,,,0,0
,,,,,,27,2026-02-01 03:15:43.591162,ELEC-F,0.0,0.0,0.0,,,0,0
3.0,1.0,1.0,,You are logged in as a TRADER,,28,2026-02-01 03:15:44.624974,NG,2.13,2.11,2.15,800000.0,800000.0,0,0
2.0,1.0,1.0,,FINES,"The fine for open positions of ELEC-dayX at the end of the day is $20,000/contract.",28,2026-02-01 03:15:44.624974,ELEC-day2,0.0,0.0,0.0,,,0,0
1.0,1.0,1.0,,Welcome to the RITC2026 GBE Energy Electricity Trading Case - practice server,,28,2026-02-01 03:15:44.624974,ELEC-day3,0.0,0.0,0.0,,,0,0
,,,,,,28,2026-02-01 03:15:44.624974,ELEC-day4,0.0,0.0,0.0,,,0,0
,,,,,,28,2026-02-01 03:15:44.624974,ELEC-day5,0.0,0.0,0.0,,,0,0
,,,,,,28,2026-02-01 03:15:44.624974,ELEC-day6,0.0,0.0,0.0,,,0,0
,,,,,,28,2026-02-01 03:15:44.624974,ELEC-F,0.0,0.0,0.0,,,0,0
3.0,1.0,1.0,,You are logged in as a TRADER,,30,2026-02-01 03:15:45.719072,NG,2.13,2.11,2.15,800000.0,800000.0,0,0
2.0,1.0,1.0,,FINES,"The fine for open positions of ELEC-dayX at the end of the day is $20,000/contract.",30,2026-02-01 03:15:45.719072,ELEC-day2,0.0,0.0,0.0,,,0,0
1.0,1.0,1.0,,Welcome to the RITC2026 GBE Energy Electricity Trading Case - practice server,,30,2026-02-01 03:15:45.719072,ELEC-day3,0.0,0.0,0.0,,,0,0
,,,,,,30,2026-02-01 03:15:45.719072,ELEC-day4,0.0,0.0,0.0,,,0,0
,,,,,,30,2026-02-01 03:15:45.719072,ELEC-day5,0.0,0.0,0.0,,,0,0
,,,,,,30,2026-02-01 03:15:45.719072,ELEC-day6,0.0,0.0,0.0,,,0,0
,,,,,,30,2026-02-01 03:15:45.719072,ELEC-F,0.0,0.0,0.0,,,0,0
3.0,1.0,1.0,,You are logged in as a TRADER,,31,2026-02-01 03:15:46.886703,NG,2.14,2.12,2.16,800000.0,800000.0,0,0
2.0,1.0,1.0,,FINES,"The fine for open positions of ELEC-dayX at the end of the day is $20,000/contract.",31,2026-02-01 03:15:46.886703,ELEC-day2,0.0,0.0,0.0,,,0,0
1.0,1.0,1.0,,Welcome to the RITC2026 GBE Energy Electricity Trading Case - practice server,,31,2026-02-01 03:15:46.886703,ELEC-day3,0.0,0.0,0.0,,,0,0
,,,,,,31,2026-02-01 03:15:46.886703,ELEC-day4,0.0,0.0,0.0,,,0,0
,,,,,,31,2026-02-01 03:15:46.886703,ELEC-day5,0.0,0.0,0.0,,,0,0
,,,,,,31,2026-02-01 03:15:46.886703,ELEC-day6,0.0,0.0,0.0,,,0,0
,,,,,,31,2026-02-01 03:15:46.886703,ELEC-F,0.0,0.0,0.0,,,0,0
3.0,1.0,1.0,,You are logged in as a TRADER,,32,2026-02-01 03:15:47.916516,NG,2.13,2.11,2.15,800000.0,800000.0,0,0
2.0,1.0,1.0,,FINES,"The fine for open positions of ELEC-dayX at the end of the day is $20,000/contract.",32,2026-02-01 03:15:47.916516,ELEC-day2,0.0,0.0,0.0,,,0,0
1.0,1.0,1.0,,Welcome to the RITC2026 GBE Energy Electricity Trading Case - practice server,,32,2026-02-01 03:15:47.916516,ELEC-day3,0.0,0.0,0.0,,,0,0
,,,,,,32,2026-02-01 03:15:47.916516,ELEC-day4,0.0,0.0,0.0,,,0,0
,,,,,,32,2026-02-01 03:15:47.916516,ELEC-day5,0.0,0.0,0.0,,,0,0
,,,,,,32,2026-02-01 03:15:47.916516,ELEC-day6,0.0,0.0,0.0,,,0,0
,,,,,,32,2026-02-01 03:15:47.916516,ELEC-F,0.0,0.0,0.0,,,0,0
3.0,1.0,1.0,,You are logged in as a TRADER,,33,2026-02-01 03:15:48.947358,NG,2.14,2.12,2.16,800000.0,800000.0,0,0
2.0,1.0,1.0,,FINES,"The fine for open positions of ELEC-dayX at the end of the day is $20,000/contract.",33,2026-02-01 03:15:48.947358,ELEC-day2,0.0,0.0,0.0,,,0,0
1.0,1.0,1.0,,Welcome to the RITC2026 GBE Energy Electricity Trading Case - practice server,,33,2026-02-01 03:15:48.947358,ELEC-day3,0.0,0.0,0.0,,,0,0
,,,,,,33,2026-02-01 03:15:48.947358,ELEC-day4,0.0,0.0,0.0,,,0,0
,,,,,,33,2026-02-01 03:15:48.947358,ELEC-day5,0.0,0.0,0.0,,,0,0
,,,,,,33,2026-02-01 03:15:48.947358,ELEC-day6,0.0,0.0,0.0,,,0,0
,,,,,,33,2026-02-01 03:15:48.947358,ELEC-F,0.0,0.0,0.0,,,0,0
3.0,1.0,1.0,,You are logged in as a TRADER,,34,2026-02-01 03:15:49.970988,NG,2.13,2.11,2.15,800000.0,800000.0,0,0
2.0,1.0,1.0,,FINES,"The fine for open positions of ELEC-dayX at the end of the day is $20,000/contract.",34,2026-02-01 03:15:49.970988,ELEC-day2,0.0,0.0,0.0,,,0,0
1.0,1.0,1.0,,Welcome to the RITC2026 GBE Energy Electricity Trading Case - practice server,,34,2026-02-01 03:15:49.970988,ELEC-day3,0.0,0.0,0.0,,,0,0
,,,,,,34,2026-02-01 03:15:49.970988,ELEC-day4,0.0,0.0,0.0,,,0,0
,,,,,,34,2026-02-01 03:15:49.970988,ELEC-day5,0.0,0.0,0.0,,,0,0
,,,,,,34,2026-02-01 03:15:49.970988,ELEC-day6,0.0,0.0,0.0,,,0,0
,,,,,,34,2026-02-01 03:15:49.970988,ELEC-F,0.0,0.0,0.0,,,0,0
3.0,1.0,1.0,,You are logged in as a TRADER,,35,2026-02-01 03:15:50.997953,NG,2.13,2.11,2.15,800000.0,800000.0,0,0
2.0,1.0,1.0,,FINES,"The fine for open positions of ELEC-dayX at the end of the day is $20,000/contract.",35,2026-02-01 03:15:50.997953,ELEC-day2,0.0,0.0,0.0,,,0,0
1.0,1.0,1.0,,Welcome to the RITC2026 GBE Energy Electricity Trading Case - practice server,,35,2026-02-01 03:15:50.997953,ELEC-day3,0.0,0.0,0.0,,,0,0
,,,,,,35,2026-02-01 03:15:50.997953,ELEC-day4,0.0,0.0,0.0,,,0,0
,,,,,,35,2026-02-01 03:15:50.997953,ELEC-day5,0.0,0.0,0.0,,,0,0
,,,,,,35,2026-02-01 03:15:50.997953,ELEC-day6,0.0,0.0,0.0,,,0,0
,,,,,,35,2026-02-01 03:15:50.997953,ELEC-F,0.0,0.0,0.0,,,0,0
3.0,1.0,1.0,,You are logged in as a TRADER,,36,2026-02-01 03:15:52.029332,NG,2.13,2.11,2.15,800000.0,800000.0,0,0
2.0,1.0,1.0,,FINES,"The fine for open positions of ELEC-dayX at the end of the day is $20,000/contract.",36,2026-02-01 03:15:52.029332,ELEC-day2,0.0,0.0,0.0,,,0,0
1.0,1.0,1.0,,Welcome to the RITC2026 GBE Energy Electricity Trading Case - practice server,,36,2026-02-01 03:15:52.029332,ELEC-day3,0.0,0.0,0.0,,,0,0
,,,,,,36,2026-02-01 03:15:52.029332,ELEC-day4,0.0,0.0,0.0,,,0,0
,,,,,,36,2026-02-01 03:15:52.029332,ELEC-day5,0.0,0.0,0.0,,,0,0
,,,,,,36,2026-02-01 03:15:52.029332,ELEC-day6,0.0,0.0,0.0,,,0,0
,,,,,,36,2026-02-01 03:15:52.029332,ELEC-F,0.0,0.0,0.0,,,0,0
3.0,1.0,1.0,,You are logged in as a TRADER,,37,2026-02-01 03:15:53.055842,NG,2.14,2.12,2.16,800000.0,800000.0,0,0
2.0,1.0,1.0,,FINES,"The fine for open positions of ELEC-dayX at the end of the day is $20,000/contract.",37,2026-02-01 03:15:53.055842,ELEC-day2,0.0,0.0,0.0,,,0,0
1.0,1.0,1.0,,Welcome to the RITC2026 GBE Energy Electricity Trading Case - practice server,,37,2026-02-01 03:15:53.055842,ELEC-day3,0.0,0.0,0.0,,,0,0
,,,,,,37,2026-02-01 03:15:53.055842,ELEC-day4,0.0,0.0,0.0,,,0,0
,,,,,,37,2026-02-01 03:15:53.055842,ELEC-day5,0.0,0.0,0.0,,,0,0
,,,,,,37,2026-02-01 03:15:53.055842,ELEC-day6,0.0,0.0,0.0,,,0,0
,,,,,,37,2026-02-01 03:15:53.055842,ELEC-F,0.0,0.0,0.0,,,0,0
3.0,1.0,1.0,,You are logged in as a TRADER,,38,2026-02-01 03:15:54.088367,NG,2.13,2.11,2.15,800000.0,800000.0,0,0
2.0,1.0,1.0,,FINES,"The fine for open positions of ELEC-dayX at the end of the day is $20,000/contract.",38,2026-02-01 03:15:54.088367,ELEC-day2,0.0,0.0,0.0,,,0,0
1.0,1.0,1.0,,Welcome to the RITC2026 GBE Energy Electricity Trading Case - practice server,,38,2026-02-01 03:15:54.088367,ELEC-day3,0.0,0.0,0.0,,,0,0
,,,,,,38,2026-02-01 03:15:54.088367,ELEC-day4,0.0,0.0,0.0,,,0,0
,,,,,,38,2026-02-01 03:15:54.088367,ELEC-day5,0.0,0.0,0.0,,,0,0
,,,,,,38,2026-02-01 03:15:54.088367,ELEC-day6,0.0,0.0,0.0,,,0,0
,,,,,,38,2026-02-01 03:15:54.088367,ELEC-F,0.0,0.0,0.0,,,0,0
3.0,1.0,1.0,,You are logged in as a TRADER,,39,2026-02-01 03:15:55.122282,NG,2.12,2.1,2.14,800000.0,800000.0,0,0
2.0,1.0,1.0,,FINES,"The fine for open positions of ELEC-dayX at the end of the day is $20,000/contract.",39,2026-02-01 03:15:55.122282,ELEC-day2,0.0,0.0,0.0,,,0,0
1.0,1.0,1.0,,Welcome to the RITC2026 GBE Energy Electricity Trading Case - practice server,,39,2026-02-01 03:15:55.122282,ELEC-day3,0.0,0.0,0.0,,,0,0
,,,,,,39,2026-02-01 03:15:55.122282,ELEC-day4,0.0,0.0,0.0,,,0,0
,,,,,,39,2026-02-01 03:15:55.122282,ELEC-day5,0.0,0.0,0.0,,,0,0
,,,,,,39,2026-02-01 03:15:55.122282,ELEC-day6,0.0,0.0,0.0,,,0,0
,,,,,,39,2026-02-01 03:15:55.122282,ELEC-F,0.0,0.0,0.0,,,0,0
3.0,1.0,1.0,,You are logged in as a TRADER,,40,2026-02-01 03:15:56.150623,NG,2.13,2.11,2.15,800000.0,800000.0,0,0
2.0,1.0,1.0,,FINES,"The fine for open positions of ELEC-dayX at the end of the day is $20,000/contract.",40,2026-02-01 03:15:56.150623,ELEC-day2,0.0,0.0,0.0,,,0,0
1.0,1.0,1.0,,Welcome to the RITC2026 GBE Energy Electricity Trading Case - practice server,,40,2026-02-01 03:15:56.150623,ELEC-day3,0.0,0.0,0.0,,,0,0
,,,,,,40,2026-02-01 03:15:56.150623,ELEC-day4,0.0,0.0,0.0,,,0,0
,,,,,,40,2026-02-01 03:15:56.150623,ELEC-day5,0.0,0.0,0.0,,,0,0
,,,,,,40,2026-02-01 03:15:56.150623,ELEC-day6,0.0,0.0,0.0,,,0,0
,,,,,,40,2026-02-01 03:15:56.150623,ELEC-F,0.0,0.0,0.0,,,0,0
3.0,1.0,1.0,,You are logged in as a TRADER,,41,2026-02-01 03:15:57.186562,NG,2.14,2.12,2.16,800000.0,800000.0,0,0
2.0,1.0,1.0,,FINES,"The fine for open positions of ELEC-dayX at the end of the day is $20,000/contract.",41,2026-02-01 03:15:57.186562,ELEC-day2,0.0,0.0,0.0,,,0,0
1.0,1.0,1.0,,Welcome to the RITC2026 GBE Energy Electricity Trading Case - practice server,,41,2026-02-01 03:15:57.186562,ELEC-day3,0.0,0.0,0.0,,,0,0
,,,,,,41,2026-02-01 03:15:57.186562,ELEC-day4,0.0,0.0,0.0,,,0,0
,,,,,,41,2026-02-01 03:15:57.186562,ELEC-day5,0.0,0.0,0.0,,,0,0
,,,,,,41,2026-02-01 03:15:57.186562,ELEC-day6,0.0,0.0,0.0,,,0,0
,,,,,,41,2026-02-01 03:15:57.186562,ELEC-F,0.0,0.0,0.0,,,0,0
3.0,1.0,1.0,,You are logged in as a TRADER,,42,2026-02-01 03:15:58.221439,NG,2.14,2.12,2.16,800000.0,800000.0,0,0
2.0,1.0,1.0,,FINES,"The fine for open positions of ELEC-dayX at the end of the day is $20,000/contract.",42,2026-02-01 03:15:58.221439,ELEC-day2,0.0,0.0,0.0,,,0,0
1.0,1.0,1.0,,Welcome to the RITC2026 GBE Energy Electricity Trading Case - practice server,,42,2026-02-01 03:15:58.221439,ELEC-day3,0.0,0.0,0.0,,,0,0
,,,,,,42,2026-02-01 03:15:58.221439,ELEC-day4,0.0,0.0,0.0,,,0,0
,,,,,,42,2026-02-01 03:15:58.221439,ELEC-day5,0.0,0.0,0.0,,,0,0
,,,,,,42,2026-02-01 03:15:58.221439,ELEC-day6,0.0,0.0,0.0,,,0,0
,,,,,,42,2026-02-01 03:15:58.221439,ELEC-F,0.0,0.0,0.0,,,0,0
3.0,1.0,1.0,,You are logged in as a TRADER,,43,2026-02-01 03:15:59.249261,NG,2.14,2.12,2.16,800000.0,800000.0,0,0
2.0,1.0,1.0,,FINES,"The fine for open positions of ELEC-dayX at the end of the day is $20,000/contract.",43,2026-02-01 03:15:59.249261,ELEC-day2,0.0,0.0,0.0,,,0,0
1.0,1.0,1.0,,Welcome to the RITC2026 GBE Energy Electricity Trading Case - practice server,,43,2026-02-01 03:15:59.249261,ELEC-day3,0.0,0.0,0.0,,,0,0
,,,,,,43,2026-02-01 03:15:59.249261,ELEC-day4,0.0,0.0,0.0,,,0,0
,,,,,,43,2026-02-01 03:15:59.249261,ELEC-day5,0.0,0.0,0.0,,,0,0
,,,,,,43,2026-02-01 03:15:59.249261,ELEC-day6,0.0,0.0,0.0,,,0,0
,,,,,,43,2026-02-01 03:15:59.249261,ELEC-F,0.0,0.0,0.0,,,0,0
4.0,1.0,43.0,,FACTORY TENDER REPORT,There is increased speculation of small sized factory tenders to BUY electricity from the local market.,44,2026-02-01 03:16:00.278745,NG,2.14,2.12,2.16,800000.0,800000.0,0,0
3.0,1.0,1.0,,You are logged in as a TRADER,,44,2026-02-01 03:16:00.278745,ELEC-day2,0.0,0.0,0.0,,,0,0
2.0,1.0,1.0,,FINES,"The fine for open positions of ELEC-dayX at the end of the day is $20,000/contract.",44,2026-02-01 03:16:00.278745,ELEC-day3,0.0,0.0,0.0,,,0,0
1.0,1.0,1.0,,Welcome to the RITC2026 GBE Energy Electricity Trading Case - practice server,,44,2026-02-01 03:16:00.278745,ELEC-day4,0.0,0.0,0.0,,,0,0
,,,,,,44,2026-02-01 03:16:00.278745,ELEC-day5,0.0,0.0,0.0,,,0,0
,,,,,,44,2026-02-01 03:16:00.278745,ELEC-day6,0.0,0.0,0.0,,,0,0
,,,,,,44,2026-02-01 03:16:00.278745,ELEC-F,0.0,0.0,0.0,,,0,0
4.0,1.0,43.0,,FACTORY TENDER REPORT,There is increased speculation of small sized factory tenders to BUY electricity from the local market.,45,2026-02-01 03:16:01.307866,NG,2.14,2.12,2.16,800000.0,800000.0,0,0
3.0,1.0,1.0,,You are logged in as a TRADER,,45,2026-02-01 03:16:01.307866,ELEC-day2,0.0,0.0,0.0,,,0,0
2.0,1.0,1.0,,FINES,"The fine for open positions of ELEC-dayX at the end of the day is $20,000/contract.",45,2026-02-01 03:16:01.307866,ELEC-day3,0.0,0.0,0.0,,,0,0
1.0,1.0,1.0,,Welcome to the RITC2026 GBE Energy Electricity Trading Case - practice server,,45,2026-02-01 03:16:01.307866,ELEC-day4,0.0,0.0,0.0,,,0,0
,,,,,,45,2026-02-01 03:16:01.307866,ELEC-day5,0.0,0.0,0.0,,,0,0
,,,,,,45,2026-02-01 03:16:01.307866,ELEC-day6,0.0,0.0,0.0,,,0,0
,,,,,,45,2026-02-01 03:16:01.307866,ELEC-F,0.0,0.0,0.0,,,0,0
4.0,1.0,43.0,,FACTORY TENDER REPORT,There is increased speculation of small sized factory tenders to BUY electricity from the local market.,46,2026-02-01 03:16:02.340973,NG,2.14,2.12,2.16,800000.0,800000.0,0,0
3.0,1.0,1.0,,You are logged in as a TRADER,,46,2026-02-01 03:16:02.340973,ELEC-day2,0.0,0.0,0.0,,,0,0
2.0,1.0,1.0,,FINES,"The fine for open positions of ELEC-dayX at the end of the day is $20,000/contract.",46,2026-02-01 03:16:02.340973,ELEC-day3,0.0,0.0,0.0,,,0,0
1.0,1.0,1.0,,Welcome to the RITC2026 GBE Energy Electricity Trading Case - practice server,,46,2026-02-01 03:16:02.340973,ELEC-day4,0.0,0.0,0.0,,,0,0
,,,,,,46,2026-02-01 03:16:02.340973,ELEC-day5,0.0,0.0,0.0,,,0,0
,,,,,,46,2026-02-01 03:16:02.340973,ELEC-day6,0.0,0.0,0.0,,,0,0
,,,,,,46,2026-02-01 03:16:02.340973,ELEC-F,0.0,0.0,0.0,,,0,0
4.0,1.0,43.0,,FACTORY TENDER REPORT,There is increased speculation of small sized factory tenders to BUY electricity from the local market.,47,2026-02-01 03:16:03.368798,NG,2.14,2.12,2.16,800000.0,800000.0,0,0
3.0,1.0,1.0,,You are logged in as a TRADER,,47,2026-02-01 03:16:03.368798,ELEC-day2,0.0,0.0,0.0,,,0,0
2.0,1.0,1.0,,FINES,"The fine for open positions of ELEC-dayX at the end of the day is $20,000/contract.",47,2026-02-01 03:16:03.368798,ELEC-day3,0.0,0.0,0.0,,,0,0
1.0,1.0,1.0,,Welcome to the RITC2026 GBE Energy Electricity Trading Case - practice server,,47,2026-02-01 03:16:03.368798,ELEC-day4,0.0,0.0,0.0,,,0,0
,,,,,,47,2026-02-01 03:16:03.368798,ELEC-day5,0.0,0.0,0.0,,,0,0
,,,,,,47,2026-02-01 03:16:03.368798,ELEC-day6,0.0,0.0,0.0,,,0,0
,,,,,,47,2026-02-01 03:16:03.368798,ELEC-F,0.0,0.0,0.0,,,0,0
4.0,1.0,43.0,,FACTORY TENDER REPORT,There is increased speculation of small sized factory tenders to BUY electricity from the local market.,48,2026-02-01 03:16:04.405534,NG,2.14,2.12,2.16,800000.0,800000.0,0,0
3.0,1.0,1.0,,You are logged in as a TRADER,,48,2026-02-01 03:16:04.405534,ELEC-day2,0.0,0.0,0.0,,,0,0
2.0,1.0,1.0,,FINES,"The fine for open positions of ELEC-dayX at the end of the day is $20,000/contract.",48,2026-02-01 03:16:04.405534,ELEC-day3,0.0,0.0,0.0,,,0,0
1.0,1.0,1.0,,Welcome to the RITC2026 GBE Energy Electricity Trading Case - practice server,,48,2026-02-01 03:16:04.405534,ELEC-day4,0.0,0.0,0.0,,,0,0
,,,,,,48,2026-02-01 03:16:04.405534,ELEC-day5,0.0,0.0,0.0,,,0,0
,,,,,,48,2026-02-01 03:16:04.405534,ELEC-day6,0.0,0.0,0.0,,,0,0
,,,,,,48,2026-02-01 03:16:04.405534,ELEC-F,0.0,0.0,0.0,,,0,0
4.0,1.0,43.0,,FACTORY TENDER REPORT,There is increased speculation of small sized factory tenders to BUY electricity from the local market.,49,2026-02-01 03:16:05.443510,NG,2.14,2.12,2.16,800000.0,800000.0,0,0
3.0,1.0,1.0,,You are logged in as a TRADER,,49,2026-02-01 03:16:05.443510,ELEC-day2,0.0,0.0,0.0,,,0,0
2.0,1.0,1.0,,FINES,"The fine for open positions of ELEC-dayX at the end of the day is $20,000/contract.",49,2026-02-01 03:16:05.443510,ELEC-day3,0.0,0.0,0.0,,,0,0
1.0,1.0,1.0,,Welcome to the RITC2026 GBE Energy Electricity Trading Case - practice server,,49,2026-02-01 03:16:05.443510,ELEC-day4,0.0,0.0,0.0,,,0,0
,,,,,,49,2026-02-01 03:16:05.443510,ELEC-day5,0.0,0.0,0.0,,,0,0
,,,,,,49,2026-02-01 03:16:05.443510,ELEC-day6,0.0,0.0,0.0,,,0,0
,,,,,,49,2026-02-01 03:16:05.443510,ELEC-F,0.0,0.0,0.0,,,0,0
4.0,1.0,43.0,,FACTORY TENDER REPORT,There is increased speculation of small sized factory tenders to BUY electricity from the local market.,50,2026-02-01 03:16:06.477605,NG,2.15,2.13,2.17,800000.0,800000.0,0,0
3.0,1.0,1.0,,You are logged in as a TRADER,,50,2026-02-01 03:16:06.477605,ELEC-day2,0.0,0.0,0.0,,,0,0
2.0,1.0,1.0,,FINES,"The fine for open positions of ELEC-dayX at the end of the day is $20,000/contract.",50,2026-02-01 03:16:06.477605,ELEC-day3,0.0,0.0,0.0,,,0,0
1.0,1.0,1.0,,Welcome to the RITC2026 GBE Energy Electricity Trading Case - practice server,,50,2026-02-01 03:16:06.477605,ELEC-day4,0.0,0.0,0.0,,,0,0
,,,,,,50,2026-02-01 03:16:06.477605,ELEC-day5,0.0,0.0,0.0,,,0,0
,,,,,,50,2026-02-01 03:16:06.477605,ELEC-day6,0.0,0.0,0.0,,,0,0
,,,,,,50,2026-02-01 03:16:06.477605,ELEC-F,0.0,0.0,0.0,,,0,0
4.0,1.0,43.0,,FACTORY TENDER REPORT,There is increased speculation of small sized factory tenders to BUY electricity from the local market.,51,2026-02-01 03:16:07.514741,NG,2.15,2.13,2.17,800000.0,800000.0,0,0
3.0,1.0,1.0,,You are logged in as a TRADER,,51,2026-02-01 03:16:07.514741,ELEC-day2,0.0,0.0,0.0,,,0,0
2.0,1.0,1.0,,FINES,"The fine for open positions of ELEC-dayX at the end of the day is $20,000/contract.",51,2026-02-01 03:16:07.514741,ELEC-day3,0.0,0.0,0.0,,,0,0
1.0,1.0,1.0,,Welcome to the RITC2026 GBE Energy Electricity Trading Case - practice server,,51,2026-02-01 03:16:07.514741,ELEC-day4,0.0,0.0,0.0,,,0,0
,,,,,,51,2026-02-01 03:16:07.514741,ELEC-day5,0.0,0.0,0.0,,,0,0
,,,,,,51,2026-02-01 03:16:07.514741,ELEC-day6,0.0,0.0,0.0,,,0,0
,,,,,,51,2026-02-01 03:16:07.514741,ELEC-F,0.0,0.0,0.0,,,0,0
4.0,1.0,43.0,,FACTORY TENDER REPORT,There is increased speculation of small sized factory tenders to BUY electricity from the local market.,52,2026-02-01 03:16:08.541600,NG,2.15,2.13,2.17,800000.0,800000.0,0,0
3.0,1.0,1.0,,You are logged in as a TRADER,,52,2026-02-01 03:16:08.541600,ELEC-day2,0.0,0.0,0.0,,,0,0
2.0,1.0,1.0,,FINES,"The fine for open positions of ELEC-dayX at the end of the day is $20,000/contract.",52,2026-02-01 03:16:08.541600,ELEC-day3,0.0,0.0,0.0,,,0,0
1.0,1.0,1.0,,Welcome to the RITC2026 GBE Energy Electricity Trading Case - practice server,,52,2026-02-01 03:16:08.541600,ELEC-day4,0.0,0.0,0.0,,,0,0
,,,,,,52,2026-02-01 03:16:08.541600,ELEC-day5,0.0,0.0,0.0,,,0,0
,,,,,,52,2026-02-01 03:16:08.541600,ELEC-day6,0.0,0.0,0.0,,,0,0
,,,,,,52,2026-02-01 03:16:08.541600,ELEC-F,0.0,0.0,0.0,,,0,0
4.0,1.0,43.0,,FACTORY TENDER REPORT,There is increased speculation of small sized factory tenders to BUY electricity from the local market.,53,2026-02-01 03:16:09.568324,NG,2.15,2.13,2.17,800000.0,800000.0,0,0
3.0,1.0,1.0,,You are logged in as a TRADER,,53,2026-02-01 03:16:09.568324,ELEC-day2,0.0,0.0,0.0,,,0,0
2.0,1.0,1.0,,FINES,"The fine for open positions of ELEC-dayX at the end of the day is $20,000/contract.",53,2026-02-01 03:16:09.568324,ELEC-day3,0.0,0.0,0.0,,,0,0
1.0,1.0,1.0,,Welcome to the RITC2026 GBE Energy Electricity Trading Case - practice server,,53,2026-02-01 03:16:09.568324,ELEC-day4,0.0,0.0,0.0,,,0,0
,,,,,,53,2026-02-01 03:16:09.568324,ELEC-day5,0.0,0.0,0.0,,,0,0
,,,,,,53,2026-02-01 03:16:09.568324,ELEC-day6,0.0,0.0,0.0,,,0,0
,,,,,,53,2026-02-01 03:16:09.568324,ELEC-F,0.0,0.0,0.0,,,0,0
4.0,1.0,43.0,,FACTORY TENDER REPORT,There is increased speculation of small sized factory tenders to BUY electricity from the local market.,54,2026-02-01 03:16:10.608077,NG,2.15,2.13,2.17,800000.0,800000.0,0,0
3.0,1.0,1.0,,You are logged in as a TRADER,,54,2026-02-01 03:16:10.608077,ELEC-day2,0.0,0.0,0.0,,,0,0
2.0,1.0,1.0,,FINES,"The fine for open positions of ELEC-dayX at the end of the day is $20,000/contract.",54,2026-02-01 03:16:10.608077,ELEC-day3,0.0,0.0,0.0,,,0,0
1.0,1.0,1.0,,Welcome to the RITC2026 GBE Energy Electricity Trading Case - practice server,,54,2026-02-01 03:16:10.608077,ELEC-day4,0.0,0.0,0.0,,,0,0
,,,,,,54,2026-02-01 03:16:10.608077,ELEC-day5,0.0,0.0,0.0,,,0,0
,,,,,,54,2026-02-01 03:16:10.608077,ELEC-day6,0.0,0.0,0.0,,,0,0
,,,,,,54,2026-02-01 03:16:10.608077,ELEC-F,0.0,0.0,0.0,,,0,0
4.0,1.0,43.0,,FACTORY TENDER REPORT,There is increased speculation of small sized factory tenders to BUY electricity from the local market.,55,2026-02-01 03:16:11.637126,NG,2.14,2.12,2.16,800000.0,800000.0,0,0
3.0,1.0,1.0,,You are logged in as a TRADER,,55,2026-02-01 03:16:11.637126,ELEC-day2,0.0,0.0,0.0,,,0,0
2.0,1.0,1.0,,FINES,"The fine for open positions of ELEC-dayX at the end of the day is $20,000/contract.",55,2026-02-01 03:16:11.637126,ELEC-day3,0.0,0.0,0.0,,,0,0
1.0,1.0,1.0,,Welcome to the RITC2026 GBE Energy Electricity Trading Case - practice server,,55,2026-02-01 03:16:11.637126,ELEC-day4,0.0,0.0,0.0,,,0,0
,,,,,,55,2026-02-01 03:16:11.637126,ELEC-day5,0.0,0.0,0.0,,,0,0
,,,,,,55,2026-02-01 03:16:11.637126,ELEC-day6,0.0,0.0,0.0,,,0,0
,,,,,,55,2026-02-01 03:16:11.637126,ELEC-F,0.0,0.0,0.0,,,0,0
4.0,1.0,43.0,,FACTORY TENDER REPORT,There is increased speculation of small sized factory tenders to BUY electricity from the local market.,56,2026-02-01 03:16:12.667541,NG,2.15,2.13,2.17,800000.0,800000.0,0,0
3.0,1.0,1.0,,You are logged in as a TRADER,,56,2026-02-01 03:16:12.667541,ELEC-day2,0.0,0.0,0.0,,,0,0
2.0,1.0,1.0,,FINES,"The fine for open positions of ELEC-dayX at the end of the day is $20,000/contract.",56,2026-02-01 03:16:12.667541,ELEC-day3,0.0,0.0,0.0,,,0,0
1.0,1.0,1.0,,Welcome to the RITC2026 GBE Energy Electricity Trading Case - practice server,,56,2026-02-01 03:16:12.667541,ELEC-day4,0.0,0.0,0.0,,,0,0
,,,,,,56,2026-02-01 03:16:12.667541,ELEC-day5,0.0,0.0,0.0,,,0,0
,,,,,,56,2026-02-01 03:16:12.667541,ELEC-day6,0.0,0.0,0.0,,,0,0
,,,,,,56,2026-02-01 03:16:12.667541,ELEC-F,0.0,0.0,0.0,,,0,0
4.0,1.0,43.0,,FACTORY TENDER REPORT,There is increased speculation of small sized factory tenders to BUY electricity from the local market.,57,2026-02-01 03:16:13.694481,NG,2.15,2.13,2.17,800000.0,800000.0,0,0
3.0,1.0,1.0,,You are logged in as a TRADER,,57,2026-02-01 03:16:13.694481,ELEC-day2,0.0,0.0,0.0,,,0,0
2.0,1.0,1.0,,FINES,"The fine for open positions of ELEC-dayX at the end of the day is $20,000/contract.",57,2026-02-01 03:16:13.694481,ELEC-day3,0.0,0.0,0.0,,,0,0
1.0,1.0,1.0,,Welcome to the RITC2026 GBE Energy Electricity Trading Case - practice server,,57,2026-02-01 03:16:13.694481,ELEC-day4,0.0,0.0,0.0,,,0,0
,,,,,,57,2026-02-01 03:16:13.694481,ELEC-day5,0.0,0.0,0.0,,,0,0
,,,,,,57,2026-02-01 03:16:13.694481,ELEC-day6,0.0,0.0,0.0,,,0,0
,,,,,,57,2026-02-01 03:16:13.694481,ELEC-F,0.0,0.0,0.0,,,0,0
4.0,1.0,43.0,,FACTORY TENDER REPORT,There is increased speculation of small sized factory tenders to BUY electricity from the local market.,58,2026-02-01 03:16:14.713458,NG,2.15,2.13,2.17,800000.0,800000.0,0,0
3.0,1.0,1.0,,You are logged in as a TRADER,,58,2026-02-01 03:16:14.713458,ELEC-day2,0.0,0.0,0.0,,,0,0
2.0,1.0,1.0,,FINES,"The fine for open positions of ELEC-dayX at the end of the day is $20,000/contract.",58,2026-02-01 03:16:14.713458,ELEC-day3,0.0,0.0,0.0,,,0,0
1.0,1.0,1.0,,Welcome to the RITC2026 GBE Energy Electricity Trading Case - practice server,,58,2026-02-01 03:16:14.713458,ELEC-day4,0.0,0.0,0.0,,,0,0
,,,,,,58,2026-02-01 03:16:14.713458,ELEC-day5,0.0,0.0,0.0,,,0,0
,,,,,,58,2026-02-01 03:16:14.713458,ELEC-day6,0.0,0.0,0.0,,,0,0
,,,,,,58,2026-02-01 03:16:14.713458,ELEC-F,0.0,0.0,0.0,,,0,0
4.0,1.0,43.0,,FACTORY TENDER REPORT,There is increased speculation of small sized factory tenders to BUY electricity from the local market.,59,2026-02-01 03:16:15.750119,NG,2.15,2.13,2.17,800000.0,800000.0,0,0
3.0,1.0,1.0,,You are logged in as a TRADER,,59,2026-02-01 03:16:15.750119,ELEC-day2,0.0,0.0,0.0,,,0,0
2.0,1.0,1.0,,FINES,"The fine for open positions of ELEC-dayX at the end of the day is $20,000/contract.",59,2026-02-01 03:16:15.750119,ELEC-day3,0.0,0.0,0.0,,,0,0
1.0,1.0,1.0,,Welcome to the RITC2026 GBE Energy Electricity Trading Case - practice server,,59,2026-02-01 03:16:15.750119,ELEC-day4,0.0,0.0,0.0,,,0,0
,,,,,,59,2026-02-01 03:16:15.750119,ELEC-day5,0.0,0.0,0.0,,,0,0
,,,,,,59,2026-02-01 03:16:15.750119,ELEC-day6,0.0,0.0,0.0,,,0,0
,,,,,,59,2026-02-01 03:16:15.750119,ELEC-F,0.0,0.0,0.0,,,0,0
4.0,1.0,43.0,,FACTORY TENDER REPORT,There is increased speculation of small sized factory tenders to BUY electricity from the local market.,60,2026-02-01 03:16:16.785058,NG,2.15,2.13,2.17,800000.0,800000.0,0,0
3.0,1.0,1.0,,You are logged in as a TRADER,,60,2026-02-01 03:16:16.785058,ELEC-day2,0.0,0.0,0.0,,,0,0
2.0,1.0,1.0,,FINES,"The fine for open positions of ELEC-dayX at the end of the day is $20,000/contract.",60,2026-02-01 03:16:16.785058,ELEC-day3,0.0,0.0,0.0,,,0,0
1.0,1.0,1.0,,Welcome to the RITC2026 GBE Energy Electricity Trading Case - practice server,,60,2026-02-01 03:16:16.785058,ELEC-day4,0.0,0.0,0.0,,,0,0
,,,,,,60,2026-02-01 03:16:16.785058,ELEC-day5,0.0,0.0,0.0,,,0,0
,,,,,,60,2026-02-01 03:16:16.785058,ELEC-day6,0.0,0.0,0.0,,,0,0
,,,,,,60,2026-02-01 03:16:16.785058,ELEC-F,0.0,0.0,0.0,,,0,0
4.0,1.0,43.0,,FACTORY TENDER REPORT,There is increased speculation of small sized factory tenders to BUY electricity from the local market.,61,2026-02-01 03:16:17.810220,NG,2.16,2.14,2.18,800000.0,800000.0,0,0
3.0,1.0,1.0,,You are logged in as a TRADER,,61,2026-02-01 03:16:17.810220,ELEC-day2,0.0,0.0,0.0,,,0,0
2.0,1.0,1.0,,FINES,"The fine for open positions of ELEC-dayX at the end of the day is $20,000/contract.",61,2026-02-01 03:16:17.810220,ELEC-day3,0.0,0.0,0.0,,,0,0
1.0,1.0,1.0,,Welcome to the RITC2026 GBE Energy Electricity Trading Case - practice server,,61,2026-02-01 03:16:17.810220,ELEC-day4,0.0,0.0,0.0,,,0,0
,,,,,,61,2026-02-01 03:16:17.810220,ELEC-day5,0.0,0.0,0.0,,,0,0
,,,,,,61,2026-02-01 03:16:17.810220,ELEC-day6,0.0,0.0,0.0,,,0,0
,,,,,,61,2026-02-01 03:16:17.810220,ELEC-F,0.0,0.0,0.0,,,0,0
4.0,1.0,43.0,,FACTORY TENDER REPORT,There is increased speculation of small sized factory tenders to BUY electricity from the local market.,63,2026-02-01 03:16:19.008536,NG,2.14,2.12,2.16,800000.0,800000.0,0,0
3.0,1.0,1.0,,You are logged in as a TRADER,,63,2026-02-01 03:16:19.008536,ELEC-day2,0.0,0.0,0.0,,,0,0
2.0,1.0,1.0,,FINES,"The fine for open positions of ELEC-dayX at the end of the day is $20,000/contract.",63,2026-02-01 03:16:19.008536,ELEC-day3,0.0,0.0,0.0,,,0,0
1.0,1.0,1.0,,Welcome to the RITC2026 GBE Energy Electricity Trading Case - practice server,,63,2026-02-01 03:16:19.008536,ELEC-day4,0.0,0.0,0.0,,,0,0
,,,,,,63,2026-02-01 03:16:19.008536,ELEC-day5,0.0,0.0,0.0,,,0,0
,,,,,,63,2026-02-01 03:16:19.008536,ELEC-day6,0.0,0.0,0.0,,,0,0
,,,,,,63,2026-02-01 03:16:19.008536,ELEC-F,0.0,0.0,0.0,,,0,0
4.0,1.0,43.0,,FACTORY TENDER REPORT,There is increased speculation of small sized factory tenders to BUY electricity from the local market.,64,2026-02-01 03:16:20.106106,NG,2.14,2.12,2.16,800000.0,800000.0,0,0
3.0,1.0,1.0,,You are logged in as a TRADER,,64,2026-02-01 03:16:20.106106,ELEC-day2,0.0,0.0,0.0,,,0,0
2.0,1.0,1.0,,FINES,"The fine for open positions of ELEC-dayX at the end of the day is $20,000/contract.",64,2026-02-01 03:16:20.106106,ELEC-day3,0.0,0.0,0.0,,,0,0
1.0,1.0,1.0,,Welcome to the RITC2026 GBE Energy Electricity Trading Case - practice server,,64,2026-02-01 03:16:20.106106,ELEC-day4,0.0,0.0,0.0,,,0,0
,,,,,,64,2026-02-01 03:16:20.106106,ELEC-day5,0.0,0.0,0.0,,,0,0
,,,,,,64,2026-02-01 03:16:20.106106,ELEC-day6,0.0,0.0,0.0,,,0,0
,,,,,,64,2026-02-01 03:16:20.106106,ELEC-F,0.0,0.0,0.0,,,0,0
4.0,1.0,43.0,,FACTORY TENDER REPORT,There is increased speculation of small sized factory tenders to BUY electricity from the local market.,65,2026-02-01 03:16:21.132793,NG,2.14,2.12,2.16,800000.0,800000.0,0,0
3.0,1.0,1.0,,You are logged in as a TRADER,,65,2026-02-01 03:16:21.132793,ELEC-day2,0.0,0.0,0.0,,,0,0
2.0,1.0,1.0,,FINES,"The fine for open positions of ELEC-dayX at the end of the day is $20,000/contract.",65,2026-02-01 03:16:21.132793,ELEC-day3,0.0,0.0,0.0,,,0,0
1.0,1.0,1.0,,Welcome to the RITC2026 GBE Energy Electricity Trading Case - practice server,,65,2026-02-01 03:16:21.132793,ELEC-day4,0.0,0.0,0.0,,,0,0
,,,,,,65,2026-02-01 03:16:21.132793,ELEC-day5,0.0,0.0,0.0,,,0,0
,,,,,,65,2026-02-01 03:16:21.132793,ELEC-day6,0.0,0.0,0.0,,,0,0
,,,,,,65,2026-02-01 03:16:21.132793,ELEC-F,0.0,0.0,0.0,,,0,0
4.0,1.0,43.0,,FACTORY TENDER REPORT,There is increased speculation of small sized factory tenders to BUY electricity from the local market.,66,2026-02-01 03:16:22.169586,NG,2.14,2.12,2.16,800000.0,800000.0,0,0
3.0,1.0,1.0,,You are logged in as a TRADER,,66,2026-02-01 03:16:22.169586,ELEC-day2,0.0,0.0,0.0,,,0,0
2.0,1.0,1.0,,FINES,"The fine for open positions of ELEC-dayX at the end of the day is $20,000/contract.",66,2026-02-01 03:16:22.169586,ELEC-day3,0.0,0.0,0.0,,,0,0
1.0,1.0,1.0,,Welcome to the RITC2026 GBE Energy Electricity Trading Case - practice server,,66,2026-02-01 03:16:22.169586,ELEC-day4,0.0,0.0,0.0,,,0,0
,,,,,,66,2026-02-01 03:16:22.169586,ELEC-day5,0.0,0.0,0.0,,,0,0
,,,,,,66,2026-02-01 03:16:22.169586,ELEC-day6,0.0,0.0,0.0,,,0,0
,,,,,,66,2026-02-01 03:16:22.169586,ELEC-F,0.0,0.0,0.0,,,0,0
4.0,1.0,43.0,,FACTORY TENDER REPORT,There is increased speculation of small sized factory tenders to BUY electricity from the local market.,67,2026-02-01 03:16:23.201529,NG,2.14,2.12,2.16,800000.0,800000.0,0,0
3.0,1.0,1.0,,You are logged in as a TRADER,,67,2026-02-01 03:16:23.201529,ELEC-day2,0.0,0.0,0.0,,,0,0
2.0,1.0,1.0,,FINES,"The fine for open positions of ELEC-dayX at the end of the day is $20,000/contract.",67,2026-02-01 03:16:23.201529,ELEC-day3,0.0,0.0,0.0,,,0,0
1.0,1.0,1.0,,Welcome to the RITC2026 GBE Energy Electricity Trading Case - practice server,,67,2026-02-01 03:16:23.201529,ELEC-day4,0.0,0.0,0.0,,,0,0
,,,,,,67,2026-02-01 03:16:23.201529,ELEC-day5,0.0,0.0,0.0,,,0,0
,,,,,,67,2026-02-01 03:16:23.201529,ELEC-day6,0.0,0.0,0.0,,,0,0
,,,,,,67,2026-02-01 03:16:23.201529,ELEC-F,0.0,0.0,0.0,,,0,0
4.0,1.0,43.0,,FACTORY TENDER REPORT,There is increased speculation of small sized factory tenders to BUY electricity from the local market.,68,2026-02-01 03:16:24.228502,NG,2.13,2.11,2.15,800000.0,800000.0,0,0
3.0,1.0,1.0,,You are logged in as a TRADER,,68,2026-02-01 03:16:24.228502,ELEC-day2,0.0,0.0,0.0,,,0,0
2.0,1.0,1.0,,FINES,"The fine for open positions of ELEC-dayX at the end of the day is $20,000/contract.",68,2026-02-01 03:16:24.228502,ELEC-day3,0.0,0.0,0.0,,,0,0
1.0,1.0,1.0,,Welcome to the RITC2026 GBE Energy Electricity Trading Case - practice server,,68,2026-02-01 03:16:24.228502,ELEC-day4,0.0,0.0,0.0,,,0,0
,,,,,,68,2026-02-01 03:16:24.228502,ELEC-day5,0.0,0.0,0.0,,,0,0
,,,,,,68,2026-02-01 03:16:24.228502,ELEC-day6,0.0,0.0,0.0,,,0,0
,,,,,,68,2026-02-01 03:16:24.228502,ELEC-F,0.0,0.0,0.0,,,0,0
4.0,1.0,43.0,,FACTORY TENDER REPORT,There is increased speculation of small sized factory tenders to BUY electricity from the local market.,69,2026-02-01 03:16:25.268385,NG,2.13,2.11,2.15,800000.0,800000.0,0,0
3.0,1.0,1.0,,You are logged in as a TRADER,,69,2026-02-01 03:16:25.268385,ELEC-day2,0.0,0.0,0.0,,,0,0
2.0,1.0,1.0,,FINES,"The fine for open positions of ELEC-dayX at the end of the day is $20,000/contract.",69,2026-02-01 03:16:25.268385,ELEC-day3,0.0,0.0,0.0,,,0,0
1.0,1.0,1.0,,Welcome to the RITC2026 GBE Energy Electricity Trading Case - practice server,,69,2026-02-01 03:16:25.268385,ELEC-day4,0.0,0.0,0.0,,,0,0
,,,,,,69,2026-02-01 03:16:25.268385,ELEC-day5,0.0,0.0,0.0,,,0,0
,,,,,,69,2026-02-01 03:16:25.268385,ELEC-day6,0.0,0.0,0.0,,,0,0
,,,,,,69,2026-02-01 03:16:25.268385,ELEC-F,0.0,0.0,0.0,,,0,0
4.0,1.0,43.0,,FACTORY TENDER REPORT,There is increased speculation of small sized factory tenders to BUY electricity from the local market.,70,2026-02-01 03:16:26.298988,NG,2.12,2.1,2.14,800000.0,800000.0,0,0
3.0,1.0,1.0,,You are logged in as a TRADER,,70,2026-02-01 03:16:26.298988,ELEC-day2,0.0,0.0,0.0,,,0,0
2.0,1.0,1.0,,FINES,"The fine for open positions of ELEC-dayX at the end of the day is $20,000/contract.",70,2026-02-01 03:16:26.298988,ELEC-day3,0.0,0.0,0.0,,,0,0
1.0,1.0,1.0,,Welcome to the RITC2026 GBE Energy Electricity Trading Case - practice server,,70,2026-02-01 03:16:26.298988,ELEC-day4,0.0,0.0,0.0,,,0,0
,,,,,,70,2026-02-01 03:16:26.298988,ELEC-day5,0.0,0.0,0.0,,,0,0
,,,,,,70,2026-02-01 03:16:26.298988,ELEC-day6,0.0,0.0,0.0,,,0,0
,,,,,,70,2026-02-01 03:16:26.298988,ELEC-F,0.0,0.0,0.0,,,0,0
4.0,1.0,43.0,,FACTORY TENDER REPORT,There is increased speculation of small sized factory tenders to BUY electricity from the local market.,71,2026-02-01 03:16:27.338265,NG,2.12,2.1,2.14,800000.0,800000.0,0,0
3.0,1.0,1.0,,You are logged in as a TRADER,,71,2026-02-01 03:16:27.338265,ELEC-day2,0.0,0.0,0.0,,,0,0
2.0,1.0,1.0,,FINES,"The fine for open positions of ELEC-dayX at the end of the day is $20,000/contract.",71,2026-02-01 03:16:27.338265,ELEC-day3,0.0,0.0,0.0,,,0,0
1.0,1.0,1.0,,Welcome to the RITC2026 GBE Energy Electricity Trading Case - practice server,,71,2026-02-01 03:16:27.338265,ELEC-day4,0.0,0.0,0.0,,,0,0
,,,,,,71,2026-02-01 03:16:27.338265,ELEC-day5,0.0,0.0,0.0,,,0,0
,,,,,,71,2026-02-01 03:16:27.338265,ELEC-day6,0.0,0.0,0.0,,,0,0
,,,,,,71,2026-02-01 03:16:27.338265,ELEC-F,0.0,0.0,0.0,,,0,0
4.0,1.0,43.0,,FACTORY TENDER REPORT,There is increased speculation of small sized factory tenders to BUY electricity from the local market.,72,2026-02-01 03:16:28.388148,NG,2.13,2.11,2.15,800000.0,800000.0,0,0
3.0,1.0,1.0,,You are logged in as a TRADER,,72,2026-02-01 03:16:28.388148,ELEC-day2,0.0,0.0,0.0,,,0,0
2.0,1.0,1.0,,FINES,"The fine for open positions of ELEC-dayX at the end of the day is $20,000/contract.",72,2026-02-01 03:16:28.388148,ELEC-day3,0.0,0.0,0.0,,,0,0
1.0,1.0,1.0,,Welcome to the RITC2026 GBE Energy Electricity Trading Case - practice server,,72,2026-02-01 03:16:28.388148,ELEC-day4,0.0,0.0,0.0,,,0,0
,,,,,,72,2026-02-01 03:16:28.388148,ELEC-day5,0.0,0.0,0.0,,,0,0
,,,,,,72,2026-02-01 03:16:28.388148,ELEC-day6,0.0,0.0,0.0,,,0,0
,,,,,,72,2026-02-01 03:16:28.388148,ELEC-F,0.0,0.0,0.0,,,0,0
4.0,1.0,43.0,,FACTORY TENDER REPORT,There is increased speculation of small sized factory tenders to BUY electricity from the local market.,73,2026-02-01 03:16:29.417959,NG,2.13,2.11,2.15,800000.0,800000.0,0,0
3.0,1.0,1.0,,You are logged in as a TRADER,,73,2026-02-01 03:16:29.417959,ELEC-day2,0.0,0.0,0.0,,,0,0
2.0,1.0,1.0,,FINES,"The fine for open positions of ELEC-dayX at the end of the day is $20,000/contract.",73,2026-02-01 03:16:29.417959,ELEC-day3,0.0,0.0,0.0,,,0,0
1.0,1.0,1.0,,Welcome to the RITC2026 GBE Energy Electricity Trading Case - practice server,,73,2026-02-01 03:16:29.417959,ELEC-day4,0.0,0.0,0.0,,,0,0
,,,,,,73,2026-02-01 03:16:29.417959,ELEC-day5,0.0,0.0,0.0,,,0,0
,,,,,,73,2026-02-01 03:16:29.417959,ELEC-day6,0.0,0.0,0.0,,,0,0
,,,,,,73,2026-02-01 03:16:29.417959,ELEC-F,0.0,0.0,0.0,,,0,0
4.0,1.0,43.0,,FACTORY TENDER REPORT,There is increased speculation of small sized factory tenders to BUY electricity from the local market.,74,2026-02-01 03:16:30.443477,NG,2.14,2.12,2.16,800000.0,800000.0,0,0
3.0,1.0,1.0,,You are logged in as a TRADER,,74,2026-02-01 03:16:30.443477,ELEC-day2,0.0,0.0,0.0,,,0,0
2.0,1.0,1.0,,FINES,"The fine for open positions of ELEC-dayX at the end of the day is $20,000/contract.",74,2026-02-01 03:16:30.443477,ELEC-day3,0.0,0.0,0.0,,,0,0
1.0,1.0,1.0,,Welcome to the RITC2026 GBE Energy Electricity Trading Case - practice server,,74,2026-02-01 03:16:30.443477,ELEC-day4,0.0,0.0,0.0,,,0,0
,,,,,,74,2026-02-01 03:16:30.443477,ELEC-day5,0.0,0.0,0.0,,,0,0
,,,,,,74,2026-02-01 03:16:30.443477,ELEC-day6,0.0,0.0,0.0,,,0,0
,,,,,,74,2026-02-01 03:16:30.443477,ELEC-F,0.0,0.0,0.0,,,0,0
4.0,1.0,43.0,,FACTORY TENDER REPORT,There is increased speculation of small sized factory tenders to BUY electricity from the local market.,75,2026-02-01 03:16:31.479710,NG,2.14,2.12,2.16,800000.0,800000.0,0,0
3.0,1.0,1.0,,You are logged in as a TRADER,,75,2026-02-01 03:16:31.479710,ELEC-day2,0.0,0.0,0.0,,,0,0
2.0,1.0,1.0,,FINES,"The fine for open positions of ELEC-dayX at the end of the day is $20,000/contract.",75,2026-02-01 03:16:31.479710,ELEC-day3,0.0,0.0,0.0,,,0,0
1.0,1.0,1.0,,Welcome to the RITC2026 GBE Energy Electricity Trading Case - practice server,,75,2026-02-01 03:16:31.479710,ELEC-day4,0.0,0.0,0.0,,,0,0
,,,,,,75,2026-02-01 03:16:31.479710,ELEC-day5,0.0,0.0,0.0,,,0,0
,,,,,,75,2026-02-01 03:16:31.479710,ELEC-day6,0.0,0.0,0.0,,,0,0
,,,,,,75,2026-02-01 03:16:31.479710,ELEC-F,0.0,0.0,0.0,,,0,0
4.0,1.0,43.0,,FACTORY TENDER REPORT,There is increased speculation of small sized factory tenders to BUY electricity from the local market.,76,2026-02-01 03:16:32.513028,NG,2.14,2.12,2.16,800000.0,800000.0,0,0
3.0,1.0,1.0,,You are logged in as a TRADER,,76,2026-02-01 03:16:32.513028,ELEC-day2,0.0,0.0,0.0,,,0,0
2.0,1.0,1.0,,FINES,"The fine for open positions of ELEC-dayX at the end of the day is $20,000/contract.",76,2026-02-01 03:16:32.513028,ELEC-day3,0.0,0.0,0.0,,,0,0
1.0,1.0,1.0,,Welcome to the RITC2026 GBE Energy Electricity Trading Case - practice server,,76,2026-02-01 03:16:32.513028,ELEC-day4,0.0,0.0,0.0,,,0,0
,,,,,,76,2026-02-01 03:16:32.513028,ELEC-day5,0.0,0.0,0.0,,,0,0
,,,,,,76,2026-02-01 03:16:32.513028,ELEC-day6,0.0,0.0,0.0,,,0,0
,,,,,,76,2026-02-01 03:16:32.513028,ELEC-F,0.0,0.0,0.0,,,0,0
4.0,1.0,43.0,,FACTORY TENDER REPORT,There is increased speculation of small sized factory tenders to BUY electricity from the local market.,77,2026-02-01 03:16:33.543255,NG,2.15,2.13,2.17,800000.0,800000.0,0,0
3.0,1.0,1.0,,You are logged in as a TRADER,,77,2026-02-01 03:16:33.543255,ELEC-day2,0.0,0.0,0.0,,,0,0
2.0,1.0,1.0,,FINES,"The fine for open positions of ELEC-dayX at the end of the day is $20,000/contract.",77,2026-02-01 03:16:33.543255,ELEC-day3,0.0,0.0,0.0,,,0,0
1.0,1.0,1.0,,Welcome to the RITC2026 GBE Energy Electricity Trading Case - practice server,,77,2026-02-01 03:16:33.543255,ELEC-day4,0.0,0.0,0.0,,,0,0
,,,,,,77,2026-02-01 03:16:33.543255,ELEC-day5,0.0,0.0,0.0,,,0,0
,,,,,,77,2026-02-01 03:16:33.543255,ELEC-day6,0.0,0.0,0.0,,,0,0
,,,,,,77,2026-02-01 03:16:33.543255,ELEC-F,0.0,0.0,0.0,,,0,0
4.0,1.0,43.0,,FACTORY TENDER REPORT,There is increased speculation of small sized factory tenders to BUY electricity from the local market.,78,2026-02-01 03:16:34.572537,NG,2.15,2.13,2.17,800000.0,800000.0,0,0
3.0,1.0,1.0,,You are logged in as a TRADER,,78,2026-02-01 03:16:34.572537,ELEC-day2,0.0,0.0,0.0,,,0,0
2.0,1.0,1.0,,FINES,"The fine for open positions of ELEC-dayX at the end of the day is $20,000/contract.",78,2026-02-01 03:16:34.572537,ELEC-day3,0.0,0.0,0.0,,,0,0
1.0,1.0,1.0,,Welcome to the RITC2026 GBE Energy Electricity Trading Case - practice server,,78,2026-02-01 03:16:34.572537,ELEC-day4,0.0,0.0,0.0,,,0,0
,,,,,,78,2026-02-01 03:16:34.572537,ELEC-day5,0.0,0.0,0.0,,,0,0
,,,,,,78,2026-02-01 03:16:34.572537,ELEC-day6,0.0,0.0,0.0,,,0,0
,,,,,,78,2026-02-01 03:16:34.572537,ELEC-F,0.0,0.0,0.0,,,0,0
4.0,1.0,43.0,,FACTORY TENDER REPORT,There is increased speculation of small sized factory tenders to BUY electricity from the local market.,79,2026-02-01 03:16:35.607988,NG,2.14,2.12,2.16,800000.0,800000.0,0,0
3.0,1.0,1.0,,You are logged in as a TRADER,,79,2026-02-01 03:16:35.607988,ELEC-day2,0.0,0.0,0.0,,,0,0
2.0,1.0,1.0,,FINES,"The fine for open positions of ELEC-dayX at the end of the day is $20,000/contract.",79,2026-02-01 03:16:35.607988,ELEC-day3,0.0,0.0,0.0,,,0,0
1.0,1.0,1.0,,Welcome to the RITC2026 GBE Energy Electricity Trading Case - practice server,,79,2026-02-01 03:16:35.607988,ELEC-day4,0.0,0.0,0.0,,,0,0
,,,,,,79,2026-02-01 03:16:35.607988,ELEC-day5,0.0,0.0,0.0,,,0,0
,,,,,,79,2026-02-01 03:16:35.607988,ELEC-day6,0.0,0.0,0.0,,,0,0
,,,,,,79,2026-02-01 03:16:35.607988,ELEC-F,0.0,0.0,0.0,,,0,0
4.0,1.0,43.0,,FACTORY TENDER REPORT,There is increased speculation of small sized factory tenders to BUY electricity from the local market.,80,2026-02-01 03:16:36.648212,NG,2.14,2.12,2.16,800000.0,800000.0,0,0
3.0,1.0,1.0,,You are logged in as a TRADER,,80,2026-02-01 03:16:36.648212,ELEC-day2,0.0,0.0,0.0,,,0,0
2.0,1.0,1.0,,FINES,"The fine for open positions of ELEC-dayX at the end of the day is $20,000/contract.",80,2026-02-01 03:16:36.648212,ELEC-day3,0.0,0.0,0.0,,,0,0
1.0,1.0,1.0,,Welcome to the RITC2026 GBE Energy Electricity Trading Case - practice server,,80,2026-02-01 03:16:36.648212,ELEC-day4,0.0,0.0,0.0,,,0,0
,,,,,,80,2026-02-01 03:16:36.648212,ELEC-day5,0.0,0.0,0.0,,,0,0
,,,,,,80,2026-02-01 03:16:36.648212,ELEC-day6,0.0,0.0,0.0,,,0,0
,,,,,,80,2026-02-01 03:16:36.648212,ELEC-F,0.0,0.0,0.0,,,0,0
4.0,1.0,43.0,,FACTORY TENDER REPORT,There is increased speculation of small sized factory tenders to BUY electricity from the local market.,81,2026-02-01 03:16:37.679490,NG,2.15,2.13,2.17,800000.0,800000.0,0,0
3.0,1.0,1.0,,You are logged in as a TRADER,,81,2026-02-01 03:16:37.679490,ELEC-day2,0.0,0.0,0.0,,,0,0
2.0,1.0,1.0,,FINES,"The fine for open positions of ELEC-dayX at the end of the day is $20,000/contract.",81,2026-02-01 03:16:37.679490,ELEC-day3,0.0,0.0,0.0,,,0,0
1.0,1.0,1.0,,Welcome to the RITC2026 GBE Energy Electricity Trading Case - practice server,,81,2026-02-01 03:16:37.679490,ELEC-day4,0.0,0.0,0.0,,,0,0
,,,,,,81,2026-02-01 03:16:37.679490,ELEC-day5,0.0,0.0,0.0,,,0,0
,,,,,,81,2026-02-01 03:16:37.679490,ELEC-day6,0.0,0.0,0.0,,,0,0
,,,,,,81,2026-02-01 03:16:37.679490,ELEC-F,0.0,0.0,0.0,,,0,0
4.0,1.0,43.0,,FACTORY TENDER REPORT,There is increased speculation of small sized factory tenders to BUY electricity from the local market.,82,2026-02-01 03:16:38.721371,NG,2.15,2.13,2.17,800000.0,800000.0,0,0
3.0,1.0,1.0,,You are logged in as a TRADER,,82,2026-02-01 03:16:38.721371,ELEC-day2,0.0,0.0,0.0,,,0,0
2.0,1.0,1.0,,FINES,"The fine for open positions of ELEC-dayX at the end of the day is $20,000/contract.",82,2026-02-01 03:16:38.721371,ELEC-day3,0.0,0.0,0.0,,,0,0
1.0,1.0,1.0,,Welcome to the RITC2026 GBE Energy Electricity Trading Case - practice server,,82,2026-02-01 03:16:38.721371,ELEC-day4,0.0,0.0,0.0,,,0,0
,,,,,,82,2026-02-01 03:16:38.721371,ELEC-day5,0.0,0.0,0.0,,,0,0
,,,,,,82,2026-02-01 03:16:38.721371,ELEC-day6,0.0,0.0,0.0,,,0,0
,,,,,,82,2026-02-01 03:16:38.721371,ELEC-F,0.0,0.0,0.0,,,0,0
4.0,1.0,43.0,,FACTORY TENDER REPORT,There is increased speculation of small sized factory tenders to BUY electricity from the local market.,83,2026-02-01 03:16:39.755949,NG,2.15,2.13,2.17,800000.0,800000.0,0,0
3.0,1.0,1.0,,You are logged in as a TRADER,,83,2026-02-01 03:16:39.755949,ELEC-day2,0.0,0.0,0.0,,,0,0
2.0,1.0,1.0,,FINES,"The fine for open positions of ELEC-dayX at the end of the day is $20,000/contract.",83,2026-02-01 03:16:39.755949,ELEC-day3,0.0,0.0,0.0,,,0,0
1.0,1.0,1.0,,Welcome to the RITC2026 GBE Energy Electricity Trading Case - practice server,,83,2026-02-01 03:16:39.755949,ELEC-day4,0.0,0.0,0.0,,,0,0
,,,,,,83,2026-02-01 03:16:39.755949,ELEC-day5,0.0,0.0,0.0,,,0,0
,,,,,,83,2026-02-01 03:16:39.755949,ELEC-day6,0.0,0.0,0.0,,,0,0
,,,,,,83,2026-02-01 03:16:39.755949,ELEC-F,0.0,0.0,0.0,,,0,0
4.0,1.0,43.0,,FACTORY TENDER REPORT,There is increased speculation of small sized factory tenders to BUY electricity from the local market.,84,2026-02-01 03:16:40.790690,NG,2.15,2.13,2.17,800000.0,800000.0,0,0
3.0,1.0,1.0,,You are logged in as a TRADER,,84,2026-02-01 03:16:40.790690,ELEC-day2,0.0,0.0,0.0,,,0,0
2.0,1.0,1.0,,FINES,"The fine for open positions of ELEC-dayX at the end of the day is $20,000/contract.",84,2026-02-01 03:16:40.790690,ELEC-day3,0.0,0.0,0.0,,,0,0
1.0,1.0,1.0,,Welcome to the RITC2026 GBE Energy Electricity Trading Case - practice server,,84,2026-02-01 03:16:40.790690,ELEC-day4,0.0,0.0,0.0,,,0,0
,,,,,,84,2026-02-01 03:16:40.790690,ELEC-day5,0.0,0.0,0.0,,,0,0
,,,,,,84,2026-02-01 03:16:40.790690,ELEC-day6,0.0,0.0,0.0,,,0,0
,,,,,,84,2026-02-01 03:16:40.790690,ELEC-F,0.0,0.0,0.0,,,0,0
4.0,1.0,43.0,,FACTORY TENDER REPORT,There is increased speculation of small sized factory tenders to BUY electricity from the local market.,85,2026-02-01 03:16:41.818627,NG,2.15,2.13,2.17,800000.0,800000.0,0,0
3.0,1.0,1.0,,You are logged in as a TRADER,,85,2026-02-01 03:16:41.818627,ELEC-day2,0.0,0.0,0.0,,,0,0
2.0,1.0,1.0,,FINES,"The fine for open positions of ELEC-dayX at the end of the day is $20,000/contract.",85,2026-02-01 03:16:41.818627,ELEC-day3,0.0,0.0,0.0,,,0,0
1.0,1.0,1.0,,Welcome to the RITC2026 GBE Energy Electricity Trading Case - practice server,,85,2026-02-01 03:16:41.818627,ELEC-day4,0.0,0.0,0.0,,,0,0
,,,,,,85,2026-02-01 03:16:41.818627,ELEC-day5,0.0,0.0,0.0,,,0,0
,,,,,,85,2026-02-01 03:16:41.818627,ELEC-day6,0.0,0.0,0.0,,,0,0
,,,,,,85,2026-02-01 03:16:41.818627,ELEC-F,0.0,0.0,0.0,,,0,0
4.0,1.0,43.0,,FACTORY TENDER REPORT,There is increased speculation of small sized factory tenders to BUY electricity from the local market.,86,2026-02-01 03:16:42.846348,NG,2.16,2.14,2.18,800000.0,800000.0,0,0
3.0,1.0,1.0,,You are logged in as a TRADER,,86,2026-02-01 03:16:42.846348,ELEC-day2,0.0,0.0,0.0,,,0,0
2.0,1.0,1.0,,FINES,"The fine for open positions of ELEC-dayX at the end of the day is $20,000/contract.",86,2026-02-01 03:16:42.846348,ELEC-day3,0.0,0.0,0.0,,,0,0
1.0,1.0,1.0,,Welcome to the RITC2026 GBE Energy Electricity Trading Case - practice server,,86,2026-02-01 03:16:42.846348,ELEC-day4,0.0,0.0,0.0,,,0,0
,,,,,,86,2026-02-01 03:16:42.846348,ELEC-day5,0.0,0.0,0.0,,,0,0
,,,,,,86,2026-02-01 03:16:42.846348,ELEC-day6,0.0,0.0,0.0,,,0,0
,,,,,,86,2026-02-01 03:16:42.846348,ELEC-F,0.0,0.0,0.0,,,0,0
4.0,1.0,43.0,,FACTORY TENDER REPORT,There is increased speculation of small sized factory tenders to BUY electricity from the local market.,87,2026-02-01 03:16:43.886423,NG,2.16,2.14,2.18,800000.0,800000.0,0,0
3.0,1.0,1.0,,You are logged in as a TRADER,,87,2026-02-01 03:16:43.886423,ELEC-day2,0.0,0.0,0.0,,,0,0
2.0,1.0,1.0,,FINES,"The fine for open positions of ELEC-dayX at the end of the day is $20,000/contract.",87,2026-02-01 03:16:43.886423,ELEC-day3,0.0,0.0,0.0,,,0,0
1.0,1.0,1.0,,Welcome to the RITC2026 GBE Energy Electricity Trading Case - practice server,,87,2026-02-01 03:16:43.886423,ELEC-day4,0.0,0.0,0.0,,,0,0
,,,,,,87,2026-02-01 03:16:43.886423,ELEC-day5,0.0,0.0,0.0,,,0,0
,,,,,,87,2026-02-01 03:16:43.886423,ELEC-day6,0.0,0.0,0.0,,,0,0
,,,,,,87,2026-02-01 03:16:43.886423,ELEC-F,0.0,0.0,0.0,,,0,0
4.0,1.0,43.0,,FACTORY TENDER REPORT,There is increased speculation of small sized factory tenders to BUY electricity from the local market.,89,2026-02-01 03:16:44.994222,NG,2.17,2.15,2.19,800000.0,800000.0,0,0
3.0,1.0,1.0,,You are logged in as a TRADER,,89,2026-02-01 03:16:44.994222,ELEC-day2,0.0,0.0,0.0,,,0,0
2.0,1.0,1.0,,FINES,"The fine for open positions of ELEC-dayX at the end of the day is $20,000/contract.",89,2026-02-01 03:16:44.994222,ELEC-day3,0.0,0.0,0.0,,,0,0
1.0,1.0,1.0,,Welcome to the RITC2026 GBE Energy Electricity Trading Case - practice server,,89,2026-02-01 03:16:44.994222,ELEC-day4,0.0,0.0,0.0,,,0,0
,,,,,,89,2026-02-01 03:16:44.994222,ELEC-day5,0.0,0.0,0.0,,,0,0
,,,,,,89,2026-02-01 03:16:44.994222,ELEC-day6,0.0,0.0,0.0,,,0,0
,,,,,,89,2026-02-01 03:16:44.994222,ELEC-F,0.0,0.0,0.0,,,0,0
4.0,1.0,43.0,,FACTORY TENDER REPORT,There is increased speculation of small sized factory tenders to BUY electricity from the local market.,90,2026-02-01 03:16:46.139827,NG,2.16,2.14,2.18,800000.0,800000.0,0,0
3.0,1.0,1.0,,You are logged in as a TRADER,,90,2026-02-01 03:16:46.139827,ELEC-day2,0.0,0.0,0.0,,,0,0
2.0,1.0,1.0,,FINES,"The fine for open positions of ELEC-dayX at the end of the day is $20,000/contract.",90,2026-02-01 03:16:46.139827,ELEC-day3,0.0,0.0,0.0,,,0,0
1.0,1.0,1.0,,Welcome to the RITC2026 GBE Energy Electricity Trading Case - practice server,,90,2026-02-01 03:16:46.139827,ELEC-day4,0.0,0.0,0.0,,,0,0
,,,,,,90,2026-02-01 03:16:46.139827,ELEC-day5,0.0,0.0,0.0,,,0,0
,,,,,,90,2026-02-01 03:16:46.139827,ELEC-day6,0.0,0.0,0.0,,,0,0
,,,,,,90,2026-02-01 03:16:46.139827,ELEC-F,0.0,0.0,0.0,,,0,0
4.0,1.0,43.0,,FACTORY TENDER REPORT,There is increased speculation of small sized factory tenders to BUY electricity from the local market.,91,2026-02-01 03:16:47.182267,NG,2.16,2.14,2.18,800000.0,800000.0,0,0
3.0,1.0,1.0,,You are logged in as a TRADER,,91,2026-02-01 03:16:47.182267,ELEC-day2,0.0,0.0,0.0,,,0,0
2.0,1.0,1.0,,FINES,"The fine for open positions of ELEC-dayX at the end of the day is $20,000/contract.",91,2026-02-01 03:16:47.182267,ELEC-day3,0.0,0.0,0.0,,,0,0
1.0,1.0,1.0,,Welcome to the RITC2026 GBE Energy Electricity Trading Case - practice server,,91,2026-02-01 03:16:47.182267,ELEC-day4,0.0,0.0,0.0,,,0,0
,,,,,,91,2026-02-01 03:16:47.182267,ELEC-day5,0.0,0.0,0.0,,,0,0
,,,,,,91,2026-02-01 03:16:47.182267,ELEC-day6,0.0,0.0,0.0,,,0,0
,,,,,,91,2026-02-01 03:16:47.182267,ELEC-F,0.0,0.0,0.0,,,0,0
4.0,1.0,43.0,,FACTORY TENDER REPORT,There is increased speculation of small sized factory tenders to BUY electricity from the local market.,92,2026-02-01 03:16:48.215213,NG,2.15,2.13,2.17,800000.0,800000.0,0,0
3.0,1.0,1.0,,You are logged in as a TRADER,,92,2026-02-01 03:16:48.215213,ELEC-day2,0.0,0.0,0.0,,,0,0
2.0,1.0,1.0,,FINES,"The fine for open positions of ELEC-dayX at the end of the day is $20,000/contract.",92,2026-02-01 03:16:48.215213,ELEC-day3,0.0,0.0,0.0,,,0,0
1.0,1.0,1.0,,Welcome to the RITC2026 GBE Energy Electricity Trading Case - practice server,,92,2026-02-01 03:16:48.215213,ELEC-day4,0.0,0.0,0.0,,,0,0
,,,,,,92,2026-02-01 03:16:48.215213,ELEC-day5,0.0,0.0,0.0,,,0,0
,,,,,,92,2026-02-01 03:16:48.215213,ELEC-day6,0.0,0.0,0.0,,,0,0
,,,,,,92,2026-02-01 03:16:48.215213,ELEC-F,0.0,0.0,0.0,,,0,0
4.0,1.0,43.0,,FACTORY TENDER REPORT,There is increased speculation of small sized factory tenders to BUY electricity from the local market.,93,2026-02-01 03:16:49.260215,NG,2.14,2.12,2.16,800000.0,800000.0,0,0
3.0,1.0,1.0,,You are logged in as a TRADER,,93,2026-02-01 03:16:49.260215,ELEC-day2,0.0,0.0,0.0,,,0,0
2.0,1.0,1.0,,FINES,"The fine for open positions of ELEC-dayX at the end of the day is $20,000/contract.",93,2026-02-01 03:16:49.260215,ELEC-day3,0.0,0.0,0.0,,,0,0
1.0,1.0,1.0,,Welcome to the RITC2026 GBE Energy Electricity Trading Case - practice server,,93,2026-02-01 03:16:49.260215,ELEC-day4,0.0,0.0,0.0,,,0,0
,,,,,,93,2026-02-01 03:16:49.260215,ELEC-day5,0.0,0.0,0.0,,,0,0
,,,,,,93,2026-02-01 03:16:49.260215,ELEC-day6,0.0,0.0,0.0,,,0,0
,,,,,,93,2026-02-01 03:16:49.260215,ELEC-F,0.0,0.0,0.0,,,0,0
4.0,1.0,43.0,,FACTORY TENDER REPORT,There is increased speculation of small sized factory tenders to BUY electricity from the local market.,94,2026-02-01 03:16:50.296305,NG,2.14,2.12,2.16,800000.0,800000.0,0,0
3.0,1.0,1.0,,You are logged in as a TRADER,,94,2026-02-01 03:16:50.296305,ELEC-day2,0.0,0.0,0.0,,,0,0
2.0,1.0,1.0,,FINES,"The fine for open positions of ELEC-dayX at the end of the day is $20,000/contract.",94,2026-02-01 03:16:50.296305,ELEC-day3,0.0,0.0,0.0,,,0,0
1.0,1.0,1.0,,Welcome to the RITC2026 GBE Energy Electricity Trading Case - practice server,,94,2026-02-01 03:16:50.296305,ELEC-day4,0.0,0.0,0.0,,,0,0
,,,,,,94,2026-02-01 03:16:50.296305,ELEC-day5,0.0,0.0,0.0,,,0,0
,,,,,,94,2026-02-01 03:16:50.296305,ELEC-day6,0.0,0.0,0.0,,,0,0
,,,,,,94,2026-02-01 03:16:50.296305,ELEC-F,0.0,0.0,0.0,,,0,0
4.0,1.0,43.0,,FACTORY TENDER REPORT,There is increased speculation of small sized factory tenders to BUY electricity from the local market.,95,2026-02-01 03:16:51.322333,NG,2.15,2.13,2.17,800000.0,800000.0,0,0
3.0,1.0,1.0,,You are logged in as a TRADER,,95,2026-02-01 03:16:51.322333,ELEC-day2,0.0,0.0,0.0,,,0,0
2.0,1.0,1.0,,FINES,"The fine for open positions of ELEC-dayX at the end of the day is $20,000/contract.",95,2026-02-01 03:16:51.322333,ELEC-day3,0.0,0.0,0.0,,,0,0
1.0,1.0,1.0,,Welcome to the RITC2026 GBE Energy Electricity Trading Case - practice server,,95,2026-02-01 03:16:51.322333,ELEC-day4,0.0,0.0,0.0,,,0,0
,,,,,,95,2026-02-01 03:16:51.322333,ELEC-day5,0.0,0.0,0.0,,,0,0
,,,,,,95,2026-02-01 03:16:51.322333,ELEC-day6,0.0,0.0,0.0,,,0,0
,,,,,,95,2026-02-01 03:16:51.322333,ELEC-F,0.0,0.0,0.0,,,0,0
4.0,1.0,43.0,,FACTORY TENDER REPORT,There is increased speculation of small sized factory tenders to BUY electricity from the local market.,96,2026-02-01 03:16:52.353989,NG,2.16,2.14,2.18,800000.0,800000.0,0,0
3.0,1.0,1.0,,You are logged in as a TRADER,,96,2026-02-01 03:16:52.353989,ELEC-day2,0.0,0.0,0.0,,,0,0
2.0,1.0,1.0,,FINES,"The fine for open positions of ELEC-dayX at the end of the day is $20,000/contract.",96,2026-02-01 03:16:52.353989,ELEC-day3,0.0,0.0,0.0,,,0,0
1.0,1.0,1.0,,Welcome to the RITC2026 GBE Energy Electricity Trading Case - practice server,,96,2026-02-01 03:16:52.353989,ELEC-day4,0.0,0.0,0.0,,,0,0
,,,,,,96,2026-02-01 03:16:52.353989,ELEC-day5,0.0,0.0,0.0,,,0,0
,,,,,,96,2026-02-01 03:16:52.353989,ELEC-day6,0.0,0.0,0.0,,,0,0
,,,,,,96,2026-02-01 03:16:52.353989,ELEC-F,0.0,0.0,0.0,,,0,0
4.0,1.0,43.0,,FACTORY TENDER REPORT,There is increased speculation of small sized factory tenders to BUY electricity from the local market.,97,2026-02-01 03:16:53.382887,NG,2.16,2.14,2.18,800000.0,800000.0,0,0
3.0,1.0,1.0,,You are logged in as a TRADER,,97,2026-02-01 03:16:53.382887,ELEC-day2,0.0,0.0,0.0,,,0,0
2.0,1.0,1.0,,FINES,"The fine for open positions of ELEC-dayX at the end of the day is $20,000/contract.",97,2026-02-01 03:16:53.382887,ELEC-day3,0.0,0.0,0.0,,,0,0
1.0,1.0,1.0,,Welcome to the RITC2026 GBE Energy Electricity Trading Case - practice server,,97,2026-02-01 03:16:53.382887,ELEC-day4,0.0,0.0,0.0,,,0,0
,,,,,,97,2026-02-01 03:16:53.382887,ELEC-day5,0.0,0.0,0.0,,,0,0
,,,,,,97,2026-02-01 03:16:53.382887,ELEC-day6,0.0,0.0,0.0,,,0,0
,,,,,,97,2026-02-01 03:16:53.382887,ELEC-F,0.0,0.0,0.0,,,0,0
4.0,1.0,43.0,,FACTORY TENDER REPORT,There is increased speculation of small sized factory tenders to BUY electricity from the local market.,98,2026-02-01 03:16:54.512236,NG,2.15,2.13,2.17,800000.0,800000.0,0,0
3.0,1.0,1.0,,You are logged in as a TRADER,,98,2026-02-01 03:16:54.512236,ELEC-day2,0.0,0.0,0.0,,,0,0
2.0,1.0,1.0,,FINES,"The fine for open positions of ELEC-dayX at the end of the day is $20,000/contract.",98,2026-02-01 03:16:54.512236,ELEC-day3,0.0,0.0,0.0,,,0,0
1.0,1.0,1.0,,Welcome to the RITC2026 GBE Energy Electricity Trading Case - practice server,,98,2026-02-01 03:16:54.512236,ELEC-day4,0.0,0.0,0.0,,,0,0
,,,,,,98,2026-02-01 03:16:54.512236,ELEC-day5,0.0,0.0,0.0,,,0,0
,,,,,,98,2026-02-01 03:16:54.512236,ELEC-day6,0.0,0.0,0.0,,,0,0
,,,,,,98,2026-02-01 03:16:54.512236,ELEC-F,0.0,0.0,0.0,,,0,0
4.0,1.0,43.0,,FACTORY TENDER REPORT,There is increased speculation of small sized factory tenders to BUY electricity from the local market.,99,2026-02-01 03:16:55.553621,NG,2.15,2.13,2.17,800000.0,800000.0,0,0
3.0,1.0,1.0,,You are logged in as a TRADER,,99,2026-02-01 03:16:55.553621,ELEC-day2,0.0,0.0,0.0,,,0,0
2.0,1.0,1.0,,FINES,"The fine for open positions of ELEC-dayX at the end of the day is $20,000/contract.",99,2026-02-01 03:16:55.553621,ELEC-day3,0.0,0.0,0.0,,,0,0
1.0,1.0,1.0,,Welcome to the RITC2026 GBE Energy Electricity Trading Case - practice server,,99,2026-02-01 03:16:55.553621,ELEC-day4,0.0,0.0,0.0,,,0,0
,,,,,,99,2026-02-01 03:16:55.553621,ELEC-day5,0.0,0.0,0.0,,,0,0
,,,,,,99,2026-02-01 03:16:55.553621,ELEC-day6,0.0,0.0,0.0,,,0,0
,,,,,,99,2026-02-01 03:16:55.553621,ELEC-F,0.0,0.0,0.0,,,0,0
4.0,1.0,43.0,,FACTORY TENDER REPORT,There is increased speculation of small sized factory tenders to BUY electricity from the local market.,100,2026-02-01 03:16:56.584603,NG,2.15,2.13,2.17,800000.0,800000.0,0,0
3.0,1.0,1.0,,You are logged in as a TRADER,,100,2026-02-01 03:16:56.584603,ELEC-day2,0.0,0.0,0.0,,,0,0
2.0,1.0,1.0,,FINES,"The fine for open positions of ELEC-dayX at the end of the day is $20,000/contract.",100,2026-02-01 03:16:56.584603,ELEC-day3,0.0,0.0,0.0,,,0,0
1.0,1.0,1.0,,Welcome to the RITC2026 GBE Energy Electricity Trading Case - practice server,,100,2026-02-01 03:16:56.584603,ELEC-day4,0.0,0.0,0.0,,,0,0
,,,,,,100,2026-02-01 03:16:56.584603,ELEC-day5,0.0,0.0,0.0,,,0,0
,,,,,,100,2026-02-01 03:16:56.584603,ELEC-day6,0.0,0.0,0.0,,,0,0
,,,,,,100,2026-02-01 03:16:56.584603,ELEC-F,0.0,0.0,0.0,,,0,0
4.0,1.0,43.0,,FACTORY TENDER REPORT,There is increased speculation of small sized factory tenders to BUY electricity from the local market.,101,2026-02-01 03:16:57.623016,NG,2.15,2.13,2.17,800000.0,800000.0,0,0
3.0,1.0,1.0,,You are logged in as a TRADER,,101,2026-02-01 03:16:57.623016,ELEC-day2,0.0,0.0,0.0,,,0,0
2.0,1.0,1.0,,FINES,"The fine for open positions of ELEC-dayX at the end of the day is $20,000/contract.",101,2026-02-01 03:16:57.623016,ELEC-day3,0.0,0.0,0.0,,,0,0
1.0,1.0,1.0,,Welcome to the RITC2026 GBE Energy Electricity Trading Case - practice server,,101,2026-02-01 03:16:57.623016,ELEC-day4,0.0,0.0,0.0,,,0,0
,,,,,,101,2026-02-01 03:16:57.623016,ELEC-day5,0.0,0.0,0.0,,,0,0
,,,,,,101,2026-02-01 03:16:57.623016,ELEC-day6,0.0,0.0,0.0,,,0,0
,,,,,,101,2026-02-01 03:16:57.623016,ELEC-F,0.0,0.0,0.0,,,0,0
4.0,1.0,43.0,,FACTORY TENDER REPORT,There is increased speculation of small sized factory tenders to BUY electricity from the local market.,102,2026-02-01 03:16:58.663456,NG,2.15,2.13,2.17,800000.0,800000.0,0,0
3.0,1.0,1.0,,You are logged in as a TRADER,,102,2026-02-01 03:16:58.663456,ELEC-day2,0.0,0.0,0.0,,,0,0
2.0,1.0,1.0,,FINES,"The fine for open positions of ELEC-dayX at the end of the day is $20,000/contract.",102,2026-02-01 03:16:58.663456,ELEC-day3,0.0,0.0,0.0,,,0,0
1.0,1.0,1.0,,Welcome to the RITC2026 GBE Energy Electricity Trading Case - practice server,,102,2026-02-01 03:16:58.663456,ELEC-day4,0.0,0.0,0.0,,,0,0
,,,,,,102,2026-02-01 03:16:58.663456,ELEC-day5,0.0,0.0,0.0,,,0,0
,,,,,,102,2026-02-01 03:16:58.663456,ELEC-day6,0.0,0.0,0.0,,,0,0
,,,,,,102,2026-02-01 03:16:58.663456,ELEC-F,0.0,0.0,0.0,,,0,0
4.0,1.0,43.0,,FACTORY TENDER REPORT,There is increased speculation of small sized factory tenders to BUY electricity from the local market.,103,2026-02-01 03:16:59.685785,NG,2.15,2.13,2.17,800000.0,800000.0,0,0
3.0,1.0,1.0,,You are logged in as a TRADER,,103,2026-02-01 03:16:59.685785,ELEC-day2,0.0,0.0,0.0,,,0,0
2.0,1.0,1.0,,FINES,"The fine for open positions of ELEC-dayX at the end of the day is $20,000/contract.",103,2026-02-01 03:16:59.685785,ELEC-day3,0.0,0.0,0.0,,,0,0
1.0,1.0,1.0,,Welcome to the RITC2026 GBE Energy Electricity Trading Case - practice server,,103,2026-02-01 03:16:59.685785,ELEC-day4,0.0,0.0,0.0,,,0,0
,,,,,,103,2026-02-01 03:16:59.685785,ELEC-day5,0.0,0.0,0.0,,,0,0
,,,,,,103,2026-02-01 03:16:59.685785,ELEC-day6,0.0,0.0,0.0,,,0,0
,,,,,,103,2026-02-01 03:16:59.685785,ELEC-F,0.0,0.0,0.0,,,0,0
4.0,1.0,43.0,,FACTORY TENDER REPORT,There is increased speculation of small sized factory tenders to BUY electricity from the local market.,104,2026-02-01 03:17:00.724577,NG,2.16,2.14,2.18,800000.0,800000.0,0,0
3.0,1.0,1.0,,You are logged in as a TRADER,,104,2026-02-01 03:17:00.724577,ELEC-day2,0.0,0.0,0.0,,,0,0
2.0,1.0,1.0,,FINES,"The fine for open positions of ELEC-dayX at the end of the day is $20,000/contract.",104,2026-02-01 03:17:00.724577,ELEC-day3,0.0,0.0,0.0,,,0,0
1.0,1.0,1.0,,Welcome to the RITC2026 GBE Energy Electricity Trading Case - practice server,,104,2026-02-01 03:17:00.724577,ELEC-day4,0.0,0.0,0.0,,,0,0
,,,,,,104,2026-02-01 03:17:00.724577,ELEC-day5,0.0,0.0,0.0,,,0,0
,,,,,,104,2026-02-01 03:17:00.724577,ELEC-day6,0.0,0.0,0.0,,,0,0
,,,,,,104,2026-02-01 03:17:00.724577,ELEC-F,0.0,0.0,0.0,,,0,0
4.0,1.0,43.0,,FACTORY TENDER REPORT,There is increased speculation of small sized factory tenders to BUY electricity from the local market.,105,2026-02-01 03:17:01.754323,NG,2.16,2.14,2.18,800000.0,800000.0,0,0
3.0,1.0,1.0,,You are logged in as a TRADER,,105,2026-02-01 03:17:01.754323,ELEC-day2,0.0,0.0,0.0,,,0,0
2.0,1.0,1.0,,FINES,"The fine for open positions of ELEC-dayX at the end of the day is $20,000/contract.",105,2026-02-01 03:17:01.754323,ELEC-day3,0.0,0.0,0.0,,,0,0
1.0,1.0,1.0,,Welcome to the RITC2026 GBE Energy Electricity Trading Case - practice server,,105,2026-02-01 03:17:01.754323,ELEC-day4,0.0,0.0,0.0,,,0,0
,,,,,,105,2026-02-01 03:17:01.754323,ELEC-day5,0.0,0.0,0.0,,,0,0
,,,,,,105,2026-02-01 03:17:01.754323,ELEC-day6,0.0,0.0,0.0,,,0,0
,,,,,,105,2026-02-01 03:17:01.754323,ELEC-F,0.0,0.0,0.0,,,0,0
4.0,1.0,43.0,,FACTORY TENDER REPORT,There is increased speculation of small sized factory tenders to BUY electricity from the local market.,106,2026-02-01 03:17:02.797884,NG,2.16,2.14,2.18,800000.0,800000.0,0,0
3.0,1.0,1.0,,You are logged in as a TRADER,,106,2026-02-01 03:17:02.797884,ELEC-day2,0.0,0.0,0.0,,,0,0
2.0,1.0,1.0,,FINES,"The fine for open positions of ELEC-dayX at the end of the day is $20,000/contract.",106,2026-02-01 03:17:02.797884,ELEC-day3,0.0,0.0,0.0,,,0,0
1.0,1.0,1.0,,Welcome to the RITC2026 GBE Energy Electricity Trading Case - practice server,,106,2026-02-01 03:17:02.797884,ELEC-day4,0.0,0.0,0.0,,,0,0
,,,,,,106,2026-02-01 03:17:02.797884,ELEC-day5,0.0,0.0,0.0,,,0,0
,,,,,,106,2026-02-01 03:17:02.797884,ELEC-day6,0.0,0.0,0.0,,,0,0
,,,,,,106,2026-02-01 03:17:02.797884,ELEC-F,0.0,0.0,0.0,,,0,0
4.0,1.0,43.0,,FACTORY TENDER REPORT,There is increased speculation of small sized factory tenders to BUY electricity from the local market.,107,2026-02-01 03:17:03.823808,NG,2.15,2.13,2.17,800000.0,800000.0,0,0
3.0,1.0,1.0,,You are logged in as a TRADER,,107,2026-02-01 03:17:03.823808,ELEC-day2,0.0,0.0,0.0,,,0,0
2.0,1.0,1.0,,FINES,"The fine for open positions of ELEC-dayX at the end of the day is $20,000/contract.",107,2026-02-01 03:17:03.823808,ELEC-day3,0.0,0.0,0.0,,,0,0
1.0,1.0,1.0,,Welcome to the RITC2026 GBE Energy Electricity Trading Case - practice server,,107,2026-02-01 03:17:03.823808,ELEC-day4,0.0,0.0,0.0,,,0,0
,,,,,,107,2026-02-01 03:17:03.823808,ELEC-day5,0.0,0.0,0.0,,,0,0
,,,,,,107,2026-02-01 03:17:03.823808,ELEC-day6,0.0,0.0,0.0,,,0,0
,,,,,,107,2026-02-01 03:17:03.823808,ELEC-F,0.0,0.0,0.0,,,0,0
4.0,1.0,43.0,,FACTORY TENDER REPORT,There is increased speculation of small sized factory tenders to BUY electricity from the local market.,108,2026-02-01 03:17:04.859490,NG,2.16,2.14,2.18,800000.0,800000.0,0,0
3.0,1.0,1.0,,You are logged in as a TRADER,,108,2026-02-01 03:17:04.859490,ELEC-day2,0.0,0.0,0.0,,,0,0
2.0,1.0,1.0,,FINES,"The fine for open positions of ELEC-dayX at the end of the day is $20,000/contract.",108,2026-02-01 03:17:04.859490,ELEC-day3,0.0,0.0,0.0,,,0,0
1.0,1.0,1.0,,Welcome to the RITC2026 GBE Energy Electricity Trading Case - practice server,,108,2026-02-01 03:17:04.859490,ELEC-day4,0.0,0.0,0.0,,,0,0
,,,,,,108,2026-02-01 03:17:04.859490,ELEC-day5,0.0,0.0,0.0,,,0,0
,,,,,,108,2026-02-01 03:17:04.859490,ELEC-day6,0.0,0.0,0.0,,,0,0
,,,,,,108,2026-02-01 03:17:04.859490,ELEC-F,0.0,0.0,0.0,,,0,0
4.0,1.0,43.0,,FACTORY TENDER REPORT,There is increased speculation of small sized factory tenders to BUY electricity from the local market.,109,2026-02-01 03:17:05.893178,NG,2.16,2.14,2.18,800000.0,800000.0,0,0
3.0,1.0,1.0,,You are logged in as a TRADER,,109,2026-02-01 03:17:05.893178,ELEC-day2,0.0,0.0,0.0,,,0,0
2.0,1.0,1.0,,FINES,"The fine for open positions of ELEC-dayX at the end of the day is $20,000/contract.",109,2026-02-01 03:17:05.893178,ELEC-day3,0.0,0.0,0.0,,,0,0
1.0,1.0,1.0,,Welcome to the RITC2026 GBE Energy Electricity Trading Case - practice server,,109,2026-02-01 03:17:05.893178,ELEC-day4,0.0,0.0,0.0,,,0,0
,,,,,,109,2026-02-01 03:17:05.893178,ELEC-day5,0.0,0.0,0.0,,,0,0
,,,,,,109,2026-02-01 03:17:05.893178,ELEC-day6,0.0,0.0,0.0,,,0,0
,,,,,,109,2026-02-01 03:17:05.893178,ELEC-F,0.0,0.0,0.0,,,0,0
4.0,1.0,43.0,,FACTORY TENDER REPORT,There is increased speculation of small sized factory tenders to BUY electricity from the local market.,110,2026-02-01 03:17:06.908925,NG,2.17,2.15,2.19,800000.0,800000.0,0,0
3.0,1.0,1.0,,You are logged in as a TRADER,,110,2026-02-01 03:17:06.908925,ELEC-day2,0.0,0.0,0.0,,,0,0
2.0,1.0,1.0,,FINES,"The fine for open positions of ELEC-dayX at the end of the day is $20,000/contract.",110,2026-02-01 03:17:06.908925,ELEC-day3,0.0,0.0,0.0,,,0,0
1.0,1.0,1.0,,Welcome to the RITC2026 GBE Energy Electricity Trading Case - practice server,,110,2026-02-01 03:17:06.908925,ELEC-day4,0.0,0.0,0.0,,,0,0
,,,,,,110,2026-02-01 03:17:06.908925,ELEC-day5,0.0,0.0,0.0,,,0,0
,,,,,,110,2026-02-01 03:17:06.908925,ELEC-day6,0.0,0.0,0.0,,,0,0
,,,,,,110,2026-02-01 03:17:06.908925,ELEC-F,0.0,0.0,0.0,,,0,0
4.0,1.0,43.0,,FACTORY TENDER REPORT,There is increased speculation of small sized factory tenders to BUY electricity from the local market.,111,2026-02-01 03:17:07.945661,NG,2.16,2.14,2.18,800000.0,800000.0,0,0
3.0,1.0,1.0,,You are logged in as a TRADER,,111,2026-02-01 03:17:07.945661,ELEC-day2,0.0,0.0,0.0,,,0,0
2.0,1.0,1.0,,FINES,"The fine for open positions of ELEC-dayX at the end of the day is $20,000/contract.",111,2026-02-01 03:17:07.945661,ELEC-day3,0.0,0.0,0.0,,,0,0
1.0,1.0,1.0,,Welcome to the RITC2026 GBE Energy Electricity Trading Case - practice server,,111,2026-02-01 03:17:07.945661,ELEC-day4,0.0,0.0,0.0,,,0,0
,,,,,,111,2026-02-01 03:17:07.945661,ELEC-day5,0.0,0.0,0.0,,,0,0
,,,,,,111,2026-02-01 03:17:07.945661,ELEC-day6,0.0,0.0,0.0,,,0,0
,,,,,,111,2026-02-01 03:17:07.945661,ELEC-F,0.0,0.0,0.0,,,0,0
4.0,1.0,43.0,,FACTORY TENDER REPORT,There is increased speculation of small sized factory tenders to BUY electricity from the local market.,112,2026-02-01 03:17:08.979149,NG,2.16,2.14,2.18,800000.0,800000.0,0,0
3.0,1.0,1.0,,You are logged in as a TRADER,,112,2026-02-01 03:17:08.979149,ELEC-day2,0.0,0.0,0.0,,,0,0
2.0,1.0,1.0,,FINES,"The fine for open positions of ELEC-dayX at the end of the day is $20,000/contract.",112,2026-02-01 03:17:08.979149,ELEC-day3,0.0,0.0,0.0,,,0,0
1.0,1.0,1.0,,Welcome to the RITC2026 GBE Energy Electricity Trading Case - practice server,,112,2026-02-01 03:17:08.979149,ELEC-day4,0.0,0.0,0.0,,,0,0
,,,,,,112,2026-02-01 03:17:08.979149,ELEC-day5,0.0,0.0,0.0,,,0,0
,,,,,,112,2026-02-01 03:17:08.979149,ELEC-day6,0.0,0.0,0.0,,,0,0
,,,,,,112,2026-02-01 03:17:08.979149,ELEC-F,0.0,0.0,0.0,,,0,0
4.0,1.0,43.0,,FACTORY TENDER REPORT,There is increased speculation of small sized factory tenders to BUY electricity from the local market.,113,2026-02-01 03:17:10.010775,NG,2.17,2.15,2.19,800000.0,800000.0,0,0
3.0,1.0,1.0,,You are logged in as a TRADER,,113,2026-02-01 03:17:10.010775,ELEC-day2,0.0,0.0,0.0,,,0,0
2.0,1.0,1.0,,FINES,"The fine for open positions of ELEC-dayX at the end of the day is $20,000/contract.",113,2026-02-01 03:17:10.010775,ELEC-day3,0.0,0.0,0.0,,,0,0
1.0,1.0,1.0,,Welcome to the RITC2026 GBE Energy Electricity Trading Case - practice server,,113,2026-02-01 03:17:10.010775,ELEC-day4,0.0,0.0,0.0,,,0,0
,,,,,,113,2026-02-01 03:17:10.010775,ELEC-day5,0.0,0.0,0.0,,,0,0
,,,,,,113,2026-02-01 03:17:10.010775,ELEC-day6,0.0,0.0,0.0,,,0,0
,,,,,,113,2026-02-01 03:17:10.010775,ELEC-F,0.0,0.0,0.0,,,0,0
4.0,1.0,43.0,,FACTORY TENDER REPORT,There is increased speculation of small sized factory tenders to BUY electricity from the local market.,114,2026-02-01 03:17:11.047977,NG,2.17,2.15,2.19,800000.0,800000.0,0,0
3.0,1.0,1.0,,You are logged in as a TRADER,,114,2026-02-01 03:17:11.047977,ELEC-day2,0.0,0.0,0.0,,,0,0
2.0,1.0,1.0,,FINES,"The fine for open positions of ELEC-dayX at the end of the day is $20,000/contract.",114,2026-02-01 03:17:11.047977,ELEC-day3,0.0,0.0,0.0,,,0,0
1.0,1.0,1.0,,Welcome to the RITC2026 GBE Energy Electricity Trading Case - practice server,,114,2026-02-01 03:17:11.047977,ELEC-day4,0.0,0.0,0.0,,,0,0
,,,,,,114,2026-02-01 03:17:11.047977,ELEC-day5,0.0,0.0,0.0,,,0,0
,,,,,,114,2026-02-01 03:17:11.047977,ELEC-day6,0.0,0.0,0.0,,,0,0
,,,,,,114,2026-02-01 03:17:11.047977,ELEC-F,0.0,0.0,0.0,,,0,0
4.0,1.0,43.0,,FACTORY TENDER REPORT,There is increased speculation of small sized factory tenders to BUY electricity from the local market.,116,2026-02-01 03:17:12.232515,NG,2.16,2.14,2.18,800000.0,800000.0,0,0
3.0,1.0,1.0,,You are logged in as a TRADER,,116,2026-02-01 03:17:12.232515,ELEC-day2,0.0,0.0,0.0,,,0,0
2.0,1.0,1.0,,FINES,"The fine for open positions of ELEC-dayX at the end of the day is $20,000/contract.",116,2026-02-01 03:17:12.232515,ELEC-day3,0.0,0.0,0.0,,,0,0
1.0,1.0,1.0,,Welcome to the RITC2026 GBE Energy Electricity Trading Case - practice server,,116,2026-02-01 03:17:12.232515,ELEC-day4,0.0,0.0,0.0,,,0,0
,,,,,,116,2026-02-01 03:17:12.232515,ELEC-day5,0.0,0.0,0.0,,,0,0
,,,,,,116,2026-02-01 03:17:12.232515,ELEC-day6,0.0,0.0,0.0,,,0,0
,,,,,,116,2026-02-01 03:17:12.232515,ELEC-F,0.0,0.0,0.0,,,0,0
4.0,1.0,43.0,,FACTORY TENDER REPORT,There is increased speculation of small sized factory tenders to BUY electricity from the local market.,117,2026-02-01 03:17:13.275495,NG,2.17,2.15,2.19,800000.0,800000.0,0,0
3.0,1.0,1.0,,You are logged in as a TRADER,,117,2026-02-01 03:17:13.275495,ELEC-day2,0.0,0.0,0.0,,,0,0
2.0,1.0,1.0,,FINES,"The fine for open positions of ELEC-dayX at the end of the day is $20,000/contract.",117,2026-02-01 03:17:13.275495,ELEC-day3,0.0,0.0,0.0,,,0,0
1.0,1.0,1.0,,Welcome to the RITC2026 GBE Energy Electricity Trading Case - practice server,,117,2026-02-01 03:17:13.275495,ELEC-day4,0.0,0.0,0.0,,,0,0
,,,,,,117,2026-02-01 03:17:13.275495,ELEC-day5,0.0,0.0,0.0,,,0,0
,,,,,,117,2026-02-01 03:17:13.275495,ELEC-day6,0.0,0.0,0.0,,,0,0
,,,,,,117,2026-02-01 03:17:13.275495,ELEC-F,0.0,0.0,0.0,,,0,0
4.0,1.0,43.0,,FACTORY TENDER REPORT,There is increased speculation of small sized factory tenders to BUY electricity from the local market.,118,2026-02-01 03:17:14.306441,NG,2.16,2.14,2.18,800000.0,800000.0,0,0
3.0,1.0,1.0,,You are logged in as a TRADER,,118,2026-02-01 03:17:14.306441,ELEC-day2,0.0,0.0,0.0,,,0,0
2.0,1.0,1.0,,FINES,"The fine for open positions of ELEC-dayX at the end of the day is $20,000/contract.",118,2026-02-01 03:17:14.306441,ELEC-day3,0.0,0.0,0.0,,,0,0
1.0,1.0,1.0,,Welcome to the RITC2026 GBE Energy Electricity Trading Case - practice server,,118,2026-02-01 03:17:14.306441,ELEC-day4,0.0,0.0,0.0,,,0,0
,,,,,,118,2026-02-01 03:17:14.306441,ELEC-day5,0.0,0.0,0.0,,,0,0
,,,,,,118,2026-02-01 03:17:14.306441,ELEC-day6,0.0,0.0,0.0,,,0,0
,,,,,,118,2026-02-01 03:17:14.306441,ELEC-F,0.0,0.0,0.0,,,0,0
4.0,1.0,43.0,,FACTORY TENDER REPORT,There is increased speculation of small sized factory tenders to BUY electricity from the local market.,119,2026-02-01 03:17:15.338092,NG,2.15,2.13,2.17,800000.0,800000.0,0,0
3.0,1.0,1.0,,You are logged in as a TRADER,,119,2026-02-01 03:17:15.338092,ELEC-day2,0.0,0.0,0.0,,,0,0
2.0,1.0,1.0,,FINES,"The fine for open positions of ELEC-dayX at the end of the day is $20,000/contract.",119,2026-02-01 03:17:15.338092,ELEC-day3,0.0,0.0,0.0,,,0,0
1.0,1.0,1.0,,Welcome to the RITC2026 GBE Energy Electricity Trading Case - practice server,,119,2026-02-01 03:17:15.338092,ELEC-day4,0.0,0.0,0.0,,,0,0
,,,,,,119,2026-02-01 03:17:15.338092,ELEC-day5,0.0,0.0,0.0,,,0,0
,,,,,,119,2026-02-01 03:17:15.338092,ELEC-day6,0.0,0.0,0.0,,,0,0
,,,,,,119,2026-02-01 03:17:15.338092,ELEC-F,0.0,0.0,0.0,,,0,0
4.0,1.0,43.0,,FACTORY TENDER REPORT,There is increased speculation of small sized factory tenders to BUY electricity from the local market.,120,2026-02-01 03:17:16.371025,NG,2.15,2.13,2.17,800000.0,800000.0,0,0
3.0,1.0,1.0,,You are logged in as a TRADER,,120,2026-02-01 03:17:16.371025,ELEC-day2,0.0,0.0,0.0,,,0,0
2.0,1.0,1.0,,FINES,"The fine for open positions of ELEC-dayX at the end of the day is $20,000/contract.",120,2026-02-01 03:17:16.371025,ELEC-day3,0.0,0.0,0.0,,,0,0
1.0,1.0,1.0,,Welcome to the RITC2026 GBE Energy Electricity Trading Case - practice server,,120,2026-02-01 03:17:16.371025,ELEC-day4,0.0,0.0,0.0,,,0,0
,,,,,,120,2026-02-01 03:17:16.371025,ELEC-day5,0.0,0.0,0.0,,,0,0
,,,,,,120,2026-02-01 03:17:16.371025,ELEC-day6,0.0,0.0,0.0,,,0,0
,,,,,,120,2026-02-01 03:17:16.371025,ELEC-F,0.0,0.0,0.0,,,0,0
4.0,1.0,43.0,,FACTORY TENDER REPORT,There is increased speculation of small sized factory tenders to BUY electricity from the local market.,121,2026-02-01 03:17:17.404767,NG,2.15,2.13,2.17,800000.0,800000.0,0,0
3.0,1.0,1.0,,You are logged in as a TRADER,,121,2026-02-01 03:17:17.404767,ELEC-day2,0.0,0.0,0.0,,,0,0
2.0,1.0,1.0,,FINES,"The fine for open positions of ELEC-dayX at the end of the day is $20,000/contract.",121,2026-02-01 03:17:17.404767,ELEC-day3,0.0,0.0,0.0,,,0,0
1.0,1.0,1.0,,Welcome to the RITC2026 GBE Energy Electricity Trading Case - practice server,,121,2026-02-01 03:17:17.404767,ELEC-day4,0.0,0.0,0.0,,,0,0
,,,,,,121,2026-02-01 03:17:17.404767,ELEC-day5,0.0,0.0,0.0,,,0,0
,,,,,,121,2026-02-01 03:17:17.404767,ELEC-day6,0.0,0.0,0.0,,,0,0
,,,,,,121,2026-02-01 03:17:17.404767,ELEC-F,0.0,0.0,0.0,,,0,0
4.0,1.0,43.0,,FACTORY TENDER REPORT,There is increased speculation of small sized factory tenders to BUY electricity from the local market.,122,2026-02-01 03:17:18.444317,NG,2.16,2.14,2.18,800000.0,800000.0,0,0
3.0,1.0,1.0,,You are logged in as a TRADER,,122,2026-02-01 03:17:18.444317,ELEC-day2,0.0,0.0,0.0,,,0,0
2.0,1.0,1.0,,FINES,"The fine for open positions of ELEC-dayX at the end of the day is $20,000/contract.",122,2026-02-01 03:17:18.444317,ELEC-day3,0.0,0.0,0.0,,,0,0
1.0,1.0,1.0,,Welcome to the RITC2026 GBE Energy Electricity Trading Case - practice server,,122,2026-02-01 03:17:18.444317,ELEC-day4,0.0,0.0,0.0,,,0,0
,,,,,,122,2026-02-01 03:17:18.444317,ELEC-day5,0.0,0.0,0.0,,,0,0
,,,,,,122,2026-02-01 03:17:18.444317,ELEC-day6,0.0,0.0,0.0,,,0,0
,,,,,,122,2026-02-01 03:17:18.444317,ELEC-F,0.0,0.0,0.0,,,0,0
4.0,1.0,43.0,,FACTORY TENDER REPORT,There is increased speculation of small sized factory tenders to BUY electricity from the local market.,123,2026-02-01 03:17:19.477356,NG,2.15,2.13,2.17,800000.0,800000.0,0,0
3.0,1.0,1.0,,You are logged in as a TRADER,,123,2026-02-01 03:17:19.477356,ELEC-day2,0.0,0.0,0.0,,,0,0
2.0,1.0,1.0,,FINES,"The fine for open positions of ELEC-dayX at the end of the day is $20,000/contract.",123,2026-02-01 03:17:19.477356,ELEC-day3,0.0,0.0,0.0,,,0,0
1.0,1.0,1.0,,Welcome to the RITC2026 GBE Energy Electricity Trading Case - practice server,,123,2026-02-01 03:17:19.477356,ELEC-day4,0.0,0.0,0.0,,,0,0
,,,,,,123,2026-02-01 03:17:19.477356,ELEC-day5,0.0,0.0,0.0,,,0,0
,,,,,,123,2026-02-01 03:17:19.477356,ELEC-day6,0.0,0.0,0.0,,,0,0
,,,,,,123,2026-02-01 03:17:19.477356,ELEC-F,0.0,0.0,0.0,,,0,0
4.0,1.0,43.0,,FACTORY TENDER REPORT,There is increased speculation of small sized factory tenders to BUY electricity from the local market.,124,2026-02-01 03:17:20.510809,NG,2.14,2.12,2.16,800000.0,800000.0,0,0
3.0,1.0,1.0,,You are logged in as a TRADER,,124,2026-02-01 03:17:20.510809,ELEC-day2,0.0,0.0,0.0,,,0,0
2.0,1.0,1.0,,FINES,"The fine for open positions of ELEC-dayX at the end of the day is $20,000/contract.",124,2026-02-01 03:17:20.510809,ELEC-day3,0.0,0.0,0.0,,,0,0
1.0,1.0,1.0,,Welcome to the RITC2026 GBE Energy Electricity Trading Case - practice server,,124,2026-02-01 03:17:20.510809,ELEC-day4,0.0,0.0,0.0,,,0,0
,,,,,,124,2026-02-01 03:17:20.510809,ELEC-day5,0.0,0.0,0.0,,,0,0
,,,,,,124,2026-02-01 03:17:20.510809,ELEC-day6,0.0,0.0,0.0,,,0,0
,,,,,,124,2026-02-01 03:17:20.510809,ELEC-F,0.0,0.0,0.0,,,0,0
4.0,1.0,43.0,,FACTORY TENDER REPORT,There is increased speculation of small sized factory tenders to BUY electricity from the local market.,125,2026-02-01 03:17:21.542131,NG,2.14,2.12,2.16,800000.0,800000.0,0,0
3.0,1.0,1.0,,You are logged in as a TRADER,,125,2026-02-01 03:17:21.542131,ELEC-day2,0.0,0.0,0.0,,,0,0
2.0,1.0,1.0,,FINES,"The fine for open positions of ELEC-dayX at the end of the day is $20,000/contract.",125,2026-02-01 03:17:21.542131,ELEC-day3,0.0,0.0,0.0,,,0,0
1.0,1.0,1.0,,Welcome to the RITC2026 GBE Energy Electricity Trading Case - practice server,,125,2026-02-01 03:17:21.542131,ELEC-day4,0.0,0.0,0.0,,,0,0
,,,,,,125,2026-02-01 03:17:21.542131,ELEC-day5,0.0,0.0,0.0,,,0,0
,,,,,,125,2026-02-01 03:17:21.542131,ELEC-day6,0.0,0.0,0.0,,,0,0
,,,,,,125,2026-02-01 03:17:21.542131,ELEC-F,0.0,0.0,0.0,,,0,0
4.0,1.0,43.0,,FACTORY TENDER REPORT,There is increased speculation of small sized factory tenders to BUY electricity from the local market.,126,2026-02-01 03:17:22.573115,NG,2.14,2.12,2.16,800000.0,800000.0,0,0
3.0,1.0,1.0,,You are logged in as a TRADER,,126,2026-02-01 03:17:22.573115,ELEC-day2,0.0,0.0,0.0,,,0,0
2.0,1.0,1.0,,FINES,"The fine for open positions of ELEC-dayX at the end of the day is $20,000/contract.",126,2026-02-01 03:17:22.573115,ELEC-day3,0.0,0.0,0.0,,,0,0
1.0,1.0,1.0,,Welcome to the RITC2026 GBE Energy Electricity Trading Case - practice server,,126,2026-02-01 03:17:22.573115,ELEC-day4,0.0,0.0,0.0,,,0,0
,,,,,,126,2026-02-01 03:17:22.573115,ELEC-day5,0.0,0.0,0.0,,,0,0
,,,,,,126,2026-02-01 03:17:22.573115,ELEC-day6,0.0,0.0,0.0,,,0,0
,,,,,,126,2026-02-01 03:17:22.573115,ELEC-F,0.0,0.0,0.0,,,0,0
4.0,1.0,43.0,,FACTORY TENDER REPORT,There is increased speculation of small sized factory tenders to BUY electricity from the local market.,127,2026-02-01 03:17:23.613229,NG,2.14,2.12,2.16,800000.0,800000.0,0,0
3.0,1.0,1.0,,You are logged in as a TRADER,,127,2026-02-01 03:17:23.613229,ELEC-day2,0.0,0.0,0.0,,,0,0
2.0,1.0,1.0,,FINES,"The fine for open positions of ELEC-dayX at the end of the day is $20,000/contract.",127,2026-02-01 03:17:23.613229,ELEC-day3,0.0,0.0,0.0,,,0,0
1.0,1.0,1.0,,Welcome to the RITC2026 GBE Energy Electricity Trading Case - practice server,,127,2026-02-01 03:17:23.613229,ELEC-day4,0.0,0.0,0.0,,,0,0
,,,,,,127,2026-02-01 03:17:23.613229,ELEC-day5,0.0,0.0,0.0,,,0,0
,,,,,,127,2026-02-01 03:17:23.613229,ELEC-day6,0.0,0.0,0.0,,,0,0
,,,,,,127,2026-02-01 03:17:23.613229,ELEC-F,0.0,0.0,0.0,,,0,0
4.0,1.0,43.0,,FACTORY TENDER REPORT,There is increased speculation of small sized factory tenders to BUY electricity from the local market.,128,2026-02-01 03:17:24.647861,NG,2.14,2.12,2.16,800000.0,800000.0,0,0
3.0,1.0,1.0,,You are logged in as a TRADER,,128,2026-02-01 03:17:24.647861,ELEC-day2,0.0,0.0,0.0,,,0,0
2.0,1.0,1.0,,FINES,"The fine for open positions of ELEC-dayX at the end of the day is $20,000/contract.",128,2026-02-01 03:17:24.647861,ELEC-day3,0.0,0.0,0.0,,,0,0
1.0,1.0,1.0,,Welcome to the RITC2026 GBE Energy Electricity Trading Case - practice server,,128,2026-02-01 03:17:24.647861,ELEC-day4,0.0,0.0,0.0,,,0,0
,,,,,,128,2026-02-01 03:17:24.647861,ELEC-day5,0.0,0.0,0.0,,,0,0
,,,,,,128,2026-02-01 03:17:24.647861,ELEC-day6,0.0,0.0,0.0,,,0,0
,,,,,,128,2026-02-01 03:17:24.647861,ELEC-F,0.0,0.0,0.0,,,0,0
4.0,1.0,43.0,,FACTORY TENDER REPORT,There is increased speculation of small sized factory tenders to BUY electricity from the local market.,129,2026-02-01 03:17:25.666337,NG,2.14,2.12,2.16,800000.0,800000.0,0,0
3.0,1.0,1.0,,You are logged in as a TRADER,,129,2026-02-01 03:17:25.666337,ELEC-day2,0.0,0.0,0.0,,,0,0
2.0,1.0,1.0,,FINES,"The fine for open positions of ELEC-dayX at the end of the day is $20,000/contract.",129,2026-02-01 03:17:25.666337,ELEC-day3,0.0,0.0,0.0,,,0,0
1.0,1.0,1.0,,Welcome to the RITC2026 GBE Energy Electricity Trading Case - practice server,,129,2026-02-01 03:17:25.666337,ELEC-day4,0.0,0.0,0.0,,,0,0
,,,,,,129,2026-02-01 03:17:25.666337,ELEC-day5,0.0,0.0,0.0,,,0,0
,,,,,,129,2026-02-01 03:17:25.666337,ELEC-day6,0.0,0.0,0.0,,,0,0
,,,,,,129,2026-02-01 03:17:25.666337,ELEC-F,0.0,0.0,0.0,,,0,0
4.0,1.0,43.0,,FACTORY TENDER REPORT,There is increased speculation of small sized factory tenders to BUY electricity from the local market.,130,2026-02-01 03:17:26.697414,NG,2.13,2.11,2.15,800000.0,800000.0,0,0
3.0,1.0,1.0,,You are logged in as a TRADER,,130,2026-02-01 03:17:26.697414,ELEC-day2,0.0,0.0,0.0,,,0,0
2.0,1.0,1.0,,FINES,"The fine for open positions of ELEC-dayX at the end of the day is $20,000/contract.",130,2026-02-01 03:17:26.697414,ELEC-day3,0.0,0.0,0.0,,,0,0
1.0,1.0,1.0,,Welcome to the RITC2026 GBE Energy Electricity Trading Case - practice server,,130,2026-02-01 03:17:26.697414,ELEC-day4,0.0,0.0,0.0,,,0,0
,,,,,,130,2026-02-01 03:17:26.697414,ELEC-day5,0.0,0.0,0.0,,,0,0
,,,,,,130,2026-02-01 03:17:26.697414,ELEC-day6,0.0,0.0,0.0,,,0,0
,,,,,,130,2026-02-01 03:17:26.697414,ELEC-F,0.0,0.0,0.0,,,0,0
4.0,1.0,43.0,,FACTORY TENDER REPORT,There is increased speculation of small sized factory tenders to BUY electricity from the local market.,131,2026-02-01 03:17:27.731134,NG,2.15,2.13,2.17,800000.0,800000.0,0,0
3.0,1.0,1.0,,You are logged in as a TRADER,,131,2026-02-01 03:17:27.731134,ELEC-day2,0.0,0.0,0.0,,,0,0
2.0,1.0,1.0,,FINES,"The fine for open positions of ELEC-dayX at the end of the day is $20,000/contract.",131,2026-02-01 03:17:27.731134,ELEC-day3,0.0,0.0,0.0,,,0,0
1.0,1.0,1.0,,Welcome to the RITC2026 GBE Energy Electricity Trading Case - practice server,,131,2026-02-01 03:17:27.731134,ELEC-day4,0.0,0.0,0.0,,,0,0
,,,,,,131,2026-02-01 03:17:27.731134,ELEC-day5,0.0,0.0,0.0,,,0,0
,,,,,,131,2026-02-01 03:17:27.731134,ELEC-day6,0.0,0.0,0.0,,,0,0
,,,,,,131,2026-02-01 03:17:27.731134,ELEC-F,0.0,0.0,0.0,,,0,0
4.0,1.0,43.0,,FACTORY TENDER REPORT,There is increased speculation of small sized factory tenders to BUY electricity from the local market.,132,2026-02-01 03:17:28.759012,NG,2.14,2.12,2.16,800000.0,800000.0,0,0
3.0,1.0,1.0,,You are logged in as a TRADER,,132,2026-02-01 03:17:28.759012,ELEC-day2,0.0,0.0,0.0,,,0,0
2.0,1.0,1.0,,FINES,"The fine for open positions of ELEC-dayX at the end of the day is $20,000/contract.",132,2026-02-01 03:17:28.759012,ELEC-day3,0.0,0.0,0.0,,,0,0
1.0,1.0,1.0,,Welcome to the RITC2026 GBE Energy Electricity Trading Case - practice server,,132,2026-02-01 03:17:28.759012,ELEC-day4,0.0,0.0,0.0,,,0,0
,,,,,,132,2026-02-01 03:17:28.759012,ELEC-day5,0.0,0.0,0.0,,,0,0
,,,,,,132,2026-02-01 03:17:28.759012,ELEC-day6,0.0,0.0,0.0,,,0,0
,,,,,,132,2026-02-01 03:17:28.759012,ELEC-F,0.0,0.0,0.0,,,0,0
4.0,1.0,43.0,,FACTORY TENDER REPORT,There is increased speculation of small sized factory tenders to BUY electricity from the local market.,133,2026-02-01 03:17:29.793394,NG,2.15,2.13,2.17,800000.0,800000.0,0,0
3.0,1.0,1.0,,You are logged in as a TRADER,,133,2026-02-01 03:17:29.793394,ELEC-day2,0.0,0.0,0.0,,,0,0
2.0,1.0,1.0,,FINES,"The fine for open positions of ELEC-dayX at the end of the day is $20,000/contract.",133,2026-02-01 03:17:29.793394,ELEC-day3,0.0,0.0,0.0,,,0,0
1.0,1.0,1.0,,Welcome to the RITC2026 GBE Energy Electricity Trading Case - practice server,,133,2026-02-01 03:17:29.793394,ELEC-day4,0.0,0.0,0.0,,,0,0
,,,,,,133,2026-02-01 03:17:29.793394,ELEC-day5,0.0,0.0,0.0,,,0,0
,,,,,,133,2026-02-01 03:17:29.793394,ELEC-day6,0.0,0.0,0.0,,,0,0
,,,,,,133,2026-02-01 03:17:29.793394,ELEC-F,0.0,0.0,0.0,,,0,0
4.0,1.0,43.0,,FACTORY TENDER REPORT,There is increased speculation of small sized factory tenders to BUY electricity from the local market.,134,2026-02-01 03:17:30.823493,NG,2.15,2.13,2.17,800000.0,800000.0,0,0
3.0,1.0,1.0,,You are logged in as a TRADER,,134,2026-02-01 03:17:30.823493,ELEC-day2,0.0,0.0,0.0,,,0,0
2.0,1.0,1.0,,FINES,"The fine for open positions of ELEC-dayX at the end of the day is $20,000/contract.",134,2026-02-01 03:17:30.823493,ELEC-day3,0.0,0.0,0.0,,,0,0
1.0,1.0,1.0,,Welcome to the RITC2026 GBE Energy Electricity Trading Case - practice server,,134,2026-02-01 03:17:30.823493,ELEC-day4,0.0,0.0,0.0,,,0,0
,,,,,,134,2026-02-01 03:17:30.823493,ELEC-day5,0.0,0.0,0.0,,,0,0
,,,,,,134,2026-02-01 03:17:30.823493,ELEC-day6,0.0,0.0,0.0,,,0,0
,,,,,,134,2026-02-01 03:17:30.823493,ELEC-F,0.0,0.0,0.0,,,0,0
