ticker,last_price,bid_price,ask_price,BUY_ANON,SELL_ANON,BUY_GIOT-1,SELL_GIOT-2,BUY_GIOT-3,BUY_GIOT-2,SELL_GIOT-1,SELL_GIOT-3,tick,timestamp,news_news_id,news_period,news_tick,news_ticker,news_headline,news_body
RITC,9.99,9.99,10.0,204600.0,197700.0,0,0,0,0,0,0,1,2026-02-03 00:39:41.964529,1.0,1.0,1.0,,Welcome to the RITC 2026 Liquidity Risk Case - practice server,Good Luck!
COMP,24.96,24.96,25.01,141600.0,133900.0,0,0,0,0,0,0,1,2026-02-03 00:39:41.964529,,,,,,
RITC,9.98,9.98,10.0,204200.0,197700.0,0,0,0,0,0,0,2,2026-02-03 00:39:42.492392
COMP,24.96,24.96,25.0,141600.0,133900.0,0,0,0,0,0,0,2,2026-02-03 00:39:42.492392
RITC,9.96,9.96,9.99,196100.0,197700.0,0,0,0,0,0,0,3,2026-02-03 00:39:43.523650
COMP,24.96,24.96,25.0,141600.0,134700.0,0,0,0,0,0,0,3,2026-02-03 00:39:43.523650
RITC,9.96,9.98,9.99,199300.0,197700.0,0,0,0,0,0,0,4,2026-02-03 00:39:44.568265
COMP,24.96,24.96,24.98,141600.0,134100.0,0,0,0,0,0,0,4,2026-02-03 00:39:44.568265
RITC,9.96,9.96,9.99,187400.0,195600.0,0,0,0,0,0,0,5,2026-02-03 00:39:45.636254
COMP,24.96,24.93,24.95,140100.0,131500.0,0,0,0,0,0,0,5,2026-02-03 00:39:45.636254
RITC,9.96,9.96,9.99,169300.0,195600.0,0,0,0,0,0,0,6,2026-02-03 00:39:46.655521
COMP,24.93,24.93,24.95,140100.0,131500.0,0,0,0,0,0,0,6,2026-02-03 00:39:46.655521
RITC,9.96,9.95,9.96,157400.0,199100.0,0,0,0,0,0,0,7,2026-02-03 00:39:47.680124
COMP,24.93,24.93,24.95,140900.0,131500.0,0,0,0,0,0,0,7,2026-02-03 00:39:47.680124
RITC,9.95,9.95,9.96,146300.0,199100.0,0,0,0,0,0,0,8,2026-02-03 00:39:48.702306
COMP,24.93,24.93,24.95,140900.0,134100.0,0,0,0,0,0,0,8,2026-02-03 00:39:48.702306
RITC,9.95,9.95,9.96,134800.0,199400.0,0,0,0,0,0,0,9,2026-02-03 00:39:49.724853
COMP,24.93,24.93,24.95,140900.0,134200.0,0,0,0,0,0,0,9,2026-02-03 00:39:49.724853
RITC,9.94,9.94,9.96,124900.0,201600.0,0,0,0,0,0,0,10,2026-02-03 00:39:50.745410
COMP,24.93,24.93,24.95,140900.0,135400.0,0,0,0,0,0,0,10,2026-02-03 00:39:50.745410
RITC,9.94,9.94,9.95,135400.0,201800.0,0,0,0,0,0,0,11,2026-02-03 00:39:51.771613
COMP,24.93,24.93,24.95,140900.0,136600.0,0,0,0,0,0,0,11,2026-02-03 00:39:51.771613
RITC,10.05,9.93,9.94,123700.0,5000.0,200300.0,0,0,0,0,0,12,2026-02-03 00:39:52.794995
COMP,24.92,24.92,24.95,135500.0,,136600.0,0,0,0,0,0,12,2026-02-03 00:39:52.794995
RITC,9.94,9.94,9.95,124900.0,5000.0,200900.0,0,0,0,0,0,13,2026-02-03 00:39:53.818711
COMP,24.92,24.92,24.95,135500.0,,140100.0,0,0,0,0,0,13,2026-02-03 00:39:53.818711
RITC,9.96,9.94,9.96,134700.0,5000.0,203000.0,0,0,0,0,0,14,2026-02-03 00:39:54.843342
COMP,24.92,24.92,24.95,135500.0,,138800.0,0,0,0,0,0,14,2026-02-03 00:39:54.843342
RITC,9.94,9.94,9.95,5000.0,131500.0,199900.0,0,0,0,0,0,15,2026-02-03 00:39:55.865039
COMP,24.92,24.92,24.95,,135500.0,138000.0,0,0,0,0,0,15,2026-02-03 00:39:55.865039
RITC,9.95,9.94,9.95,5000.0,131500.0,199900.0,0,0,0,0,0,16,2026-02-03 00:39:56.894138
COMP,24.9,24.9,24.95,,129400.0,138000.0,0,0,0,0,0,16,2026-02-03 00:39:56.894138
RITC,9.95,9.94,9.95,5000.0,143200.0,200900.0,0,0,0,0,0,17,2026-02-03 00:39:57.921244
COMP,24.88,24.88,24.95,,121600.0,138000.0,0,0,0,0,0,17,2026-02-03 00:39:57.921244
RITC,9.95,9.94,9.95,5000.0,143200.0,202700.0,0,0,0,0,0,18,2026-02-03 00:39:58.942848
COMP,24.88,24.88,24.95,,121600.0,137400.0,0,0,0,0,0,18,2026-02-03 00:39:58.942848
RITC,9.95,9.94,9.95,5000.0,153900.0,202700.0,0,0,0,0,0,19,2026-02-03 00:39:59.975597
COMP,24.88,24.88,24.89,,121600.0,139100.0,0,0,0,0,0,19,2026-02-03 00:39:59.975597
RITC,9.94,9.94,9.95,164500.0,202700.0,0,0,0,0,0,0,20,2026-02-03 00:40:00.998124
COMP,24.88,24.88,24.89,121600.0,140100.0,0,0,0,0,0,0,20,2026-02-03 00:40:00.998124
RITC,9.94,9.94,9.95,165400.0,5000.0,202700.0,0,0,0,0,0,21,2026-02-03 00:40:02.022556
COMP,24.88,24.88,24.89,114500.0,,139100.0,0,0,0,0,0,21,2026-02-03 00:40:02.022556
RITC,9.93,9.93,9.95,167500.0,5000.0,202700.0,0,0,0,0,0,22,2026-02-03 00:40:03.052250
COMP,24.88,24.88,24.89,108000.0,,139100.0,0,0,0,0,0,22,2026-02-03 00:40:03.052250
RITC,9.93,9.93,9.95,157500.0,5000.0,202700.0,0,0,0,0,0,23,2026-02-03 00:40:03.581135
COMP,24.88,24.86,24.88,102300.0,,139400.0,0,0,0,0,0,23,2026-02-03 00:40:03.581135
RITC,9.93,9.93,9.95,147000.0,5000.0,203000.0,0,0,0,0,0,24,2026-02-03 00:40:04.625806
COMP,24.83,24.83,24.84,95200.0,,139600.0,0,0,0,0,0,24,2026-02-03 00:40:04.625806
RITC,9.93,9.93,9.94,136400.0,5000.0,203600.0,0,0,0,0,0,25,2026-02-03 00:40:05.654894
COMP,24.82,24.82,24.84,87900.0,,139600.0,0,0,0,0,0,25,2026-02-03 00:40:05.654894
RITC,9.93,9.93,9.96,5000.0,126200.0,203800.0,0,0,0,0,0,26,2026-02-03 00:40:06.684707
COMP,24.82,24.82,24.84,,80200.0,139700.0,0,0,0,0,0,26,2026-02-03 00:40:06.684707
RITC,9.93,9.93,9.94,5000.0,126200.0,205200.0,0,0,0,0,0,27,2026-02-03 00:40:07.709456
COMP,24.82,24.82,24.84,,80200.0,139600.0,0,0,0,0,0,27,2026-02-03 00:40:07.709456
RITC,9.94,9.93,9.94,5000.0,135100.0,205200.0,0,0,0,0,0,28,2026-02-03 00:40:08.738102
COMP,24.82,24.82,24.84,,72400.0,139600.0,0,0,0,0,0,28,2026-02-03 00:40:08.738102
RITC,9.96,9.93,9.96,5000.0,144900.0,201100.0,0,0,0,0,0,29,2026-02-03 00:40:09.756854
COMP,24.82,24.82,24.84,,72400.0,138700.0,0,0,0,0,0,29,2026-02-03 00:40:09.756854
RITC,9.96,9.93,9.95,5000.0,154500.0,203700.0,0,0,0,0,0,30,2026-02-03 00:40:10.785513
COMP,24.82,24.75,24.78,,72300.0,139500.0,0,0,0,0,0,30,2026-02-03 00:40:10.785513
RITC,9.96,9.93,9.95,5000.0,166500.0,203700.0,0,0,0,0,0,31,2026-02-03 00:40:11.807480
COMP,24.75,24.71,24.74,,71700.0,142000.0,0,0,0,0,0,31,2026-02-03 00:40:11.807480
RITC,9.92,9.92,9.94,156600.0,5000.0,206100.0,0,0,0,0,0,32,2026-02-03 00:40:12.829987
COMP,24.75,24.71,24.74,71700.0,,142100.0,0,0,0,0,0,32,2026-02-03 00:40:12.829987
RITC,9.94,9.93,9.94,167400.0,5000.0,206100.0,0,0,0,0,0,33,2026-02-03 00:40:13.854531
COMP,24.71,24.67,24.68,70500.0,,140900.0,0,0,0,0,0,33,2026-02-03 00:40:13.854531
RITC,9.93,9.93,9.94,5000.0,168200.0,206100.0,0,0,0,0,0,34,2026-02-03 00:40:14.880948
COMP,24.71,24.67,24.68,,70500.0,142200.0,0,0,0,0,0,34,2026-02-03 00:40:14.880948
RITC,9.92,9.92,9.94,156500.0,204600.0,0,0,0,0,0,0,35,2026-02-03 00:40:15.904794
COMP,24.67,24.63,24.64,71400.0,142900.0,0,0,0,0,0,0,35,2026-02-03 00:40:15.904794
RITC,9.96,9.92,9.94,167600.0,200700.0,0,0,0,0,0,0,36,2026-02-03 00:40:16.935128
COMP,24.63,24.63,24.64,71400.0,142900.0,0,0,0,0,0,0,36,2026-02-03 00:40:16.935128
RITC,9.92,9.92,9.94,158700.0,5000.0,200400.0,0,0,0,0,0,37,2026-02-03 00:40:17.957944
COMP,24.6,24.6,24.64,70900.0,,143300.0,0,0,0,0,0,37,2026-02-03 00:40:17.957944
RITC,9.92,9.92,9.94,148900.0,5000.0,200400.0,0,0,0,0,0,38,2026-02-03 00:40:18.986755
COMP,24.57,24.57,24.64,73800.0,,143300.0,0,0,0,0,0,38,2026-02-03 00:40:18.986755
RITC,9.95,9.92,9.95,158400.0,5000.0,202700.0,0,0,0,0,0,39,2026-02-03 00:40:20.017859
COMP,24.55,24.55,24.64,76100.0,,143300.0,0,0,0,0,0,39,2026-02-03 00:40:20.017859
RITC,9.96,9.93,9.96,168700.0,199700.0,0,0,0,0,0,0,40,2026-02-03 00:40:21.042260
COMP,24.55,24.55,24.59,76100.0,144600.0,0,0,0,0,0,0,40,2026-02-03 00:40:21.042260
RITC,9.97,9.93,9.97,168700.0,200500.0,0,0,0,0,0,0,41,2026-02-03 00:40:22.067769
COMP,24.64,24.55,24.64,76100.0,142400.0,0,0,0,0,0,0,41,2026-02-03 00:40:22.067769
RITC,9.97,9.93,9.94,168700.0,201700.0,0,0,0,0,0,0,42,2026-02-03 00:40:23.091883
COMP,24.64,24.57,24.64,83300.0,142400.0,0,0,0,0,0,0,42,2026-02-03 00:40:23.091883
RITC,9.91,9.91,9.93,146800.0,202400.0,0,0,0,0,0,0,43,2026-02-03 00:40:24.114486
COMP,24.55,24.55,24.64,76100.0,142200.0,0,0,0,0,0,0,43,2026-02-03 00:40:24.114486
RITC,9.91,9.91,9.93,146800.0,205100.0,0,0,0,0,0,0,44,2026-02-03 00:40:25.141710
COMP,24.55,24.55,24.61,76100.0,142700.0,0,0,0,0,0,0,44,2026-02-03 00:40:25.141710
RITC,9.91,9.91,9.93,123700.0,205100.0,0,0,0,0,0,0,45,2026-02-03 00:40:26.163997
COMP,24.55,24.55,24.58,78000.0,142200.0,0,0,0,0,0,0,45,2026-02-03 00:40:26.163997
RITC,9.91,9.91,9.93,123700.0,202700.0,0,0,0,0,0,0,46,2026-02-03 00:40:26.689774
COMP,24.55,24.55,24.58,85200.0,142200.0,0,0,0,0,0,0,46,2026-02-03 00:40:26.689774
RITC,9.9,9.9,9.92,114200.0,200300.0,0,0,0,0,0,0,47,2026-02-03 00:40:27.720862
COMP,24.55,24.55,24.58,85200.0,142800.0,0,0,0,0,0,0,47,2026-02-03 00:40:27.720862
RITC,9.89,9.89,9.92,102900.0,200300.0,0,0,0,0,0,0,48,2026-02-03 00:40:28.746375
COMP,24.55,24.55,24.58,85200.0,144800.0,0,0,0,0,0,0,48,2026-02-03 00:40:28.746375
RITC,9.89,9.89,9.9,101900.0,200100.0,0,0,0,0,0,0,49,2026-02-03 00:40:29.778419
COMP,24.58,24.59,24.61,91700.0,144400.0,0,0,0,0,0,0,49,2026-02-03 00:40:29.778419
RITC,9.89,9.89,9.9,101900.0,201000.0,0,0,0,0,0,0,50,2026-02-03 00:40:30.799392
COMP,24.61,24.59,24.61,91700.0,144000.0,0,0,0,0,0,0,50,2026-02-03 00:40:30.799392
RITC,9.89,9.89,9.9,100400.0,199400.0,0,0,0,0,0,0,51,2026-02-03 00:40:31.825580
COMP,24.61,24.6,24.61,99400.0,145900.0,0,0,0,0,0,0,51,2026-02-03 00:40:31.825580
RITC,9.88,9.87,9.88,102900.0,201400.0,0,0,0,0,0,0,52,2026-02-03 00:40:32.847419
COMP,24.61,24.6,24.61,99400.0,145900.0,0,0,0,0,0,0,52,2026-02-03 00:40:32.847419
RITC,9.88,9.87,9.88,102900.0,200100.0,0,0,0,0,0,0,53,2026-02-03 00:40:33.871895
COMP,24.61,24.6,24.61,99400.0,145900.0,0,0,0,0,0,0,53,2026-02-03 00:40:33.871895
RITC,9.88,9.87,9.88,122700.0,200100.0,0,0,0,0,0,0,54,2026-02-03 00:40:34.900062
COMP,24.64,24.64,24.65,105900.0,143200.0,0,0,0,0,0,0,54,2026-02-03 00:40:34.900062
RITC,9.87,9.87,9.88,123100.0,200100.0,0,0,0,0,0,0,55,2026-02-03 00:40:35.923181
COMP,24.65,24.64,24.65,112100.0,143200.0,0,0,0,0,0,0,55,2026-02-03 00:40:35.923181
RITC,9.9,9.88,9.9,142700.0,199400.0,0,0,0,0,0,0,56,2026-02-03 00:40:36.946341
COMP,24.65,24.64,24.65,120000.0,143200.0,0,0,0,0,0,0,56,2026-02-03 00:40:36.946341
RITC,9.9,9.88,9.9,151900.0,199400.0,0,0,0,0,0,0,57,2026-02-03 00:40:37.964387
COMP,24.65,24.65,24.66,127100.0,143100.0,0,0,0,0,0,0,57,2026-02-03 00:40:37.964387
RITC,9.9,9.9,9.92,171100.0,199800.0,0,0,0,0,0,0,58,2026-02-03 00:40:38.985488
COMP,24.66,24.66,24.67,141600.0,141700.0,0,0,0,0,0,0,58,2026-02-03 00:40:38.985488
RITC,9.93,9.91,9.93,179600.0,200000.0,0,0,0,0,0,0,59,2026-02-03 00:40:40.008109
COMP,24.68,24.66,24.68,141600.0,141800.0,0,0,0,0,0,0,59,2026-02-03 00:40:40.008109
RITC,9.93,9.92,9.93,189800.0,201900.0,0,0,0,0,0,0,60,2026-02-03 00:40:41.030533
COMP,24.68,24.66,24.68,149200.0,141800.0,0,0,0,0,0,0,60,2026-02-03 00:40:41.030533
RITC,9.91,9.91,9.93,179600.0,201900.0,0,0,0,0,0,0,61,2026-02-03 00:40:42.064846
COMP,24.68,24.66,24.68,149500.0,141800.0,0,0,0,0,0,0,61,2026-02-03 00:40:42.064846
RITC,9.91,9.91,9.92,179600.0,201100.0,0,0,0,0,0,0,62,2026-02-03 00:40:43.093738
COMP,24.68,24.68,24.71,149300.0,140800.0,0,0,0,0,0,0,62,2026-02-03 00:40:43.093738
RITC,9.91,9.91,9.92,199500.0,201100.0,0,0,0,0,0,0,63,2026-02-03 00:40:44.127052
COMP,24.71,24.68,24.71,149300.0,142900.0,0,0,0,0,0,0,63,2026-02-03 00:40:44.127052
RITC,9.92,9.92,9.93,199000.0,201300.0,0,0,0,0,0,0,64,2026-02-03 00:40:45.153773
COMP,24.71,24.71,24.73,149600.0,143400.0,0,0,0,0,0,0,64,2026-02-03 00:40:45.153773
RITC,9.91,9.91,9.93,191000.0,199300.0,0,0,0,0,0,0,65,2026-02-03 00:40:46.176077
COMP,24.74,24.71,24.74,149600.0,143300.0,0,0,0,0,0,0,65,2026-02-03 00:40:46.176077
RITC,9.93,9.91,9.93,191000.0,198300.0,0,0,0,0,0,0,66,2026-02-03 00:40:47.197298
COMP,24.74,24.71,24.74,149600.0,143300.0,0,0,0,0,0,0,66,2026-02-03 00:40:47.197298
RITC,9.93,9.91,9.92,191000.0,197300.0,0,0,0,0,0,0,67,2026-02-03 00:40:48.221576
COMP,24.71,24.66,24.69,149500.0,142900.0,0,0,0,0,0,0,67,2026-02-03 00:40:48.221576
RITC,9.94,9.91,9.94,201500.0,200900.0,0,0,0,0,0,0,68,2026-02-03 00:40:49.247621
COMP,24.71,24.66,24.69,149500.0,142400.0,0,0,0,0,0,0,68,2026-02-03 00:40:49.247621
RITC,9.91,9.91,9.93,191300.0,199000.0,0,0,0,0,0,0,69,2026-02-03 00:40:50.266963
COMP,24.69,24.66,24.69,149500.0,142400.0,0,0,0,0,0,0,69,2026-02-03 00:40:50.266963
RITC,9.91,9.91,9.92,200600.0,201300.0,0,0,0,0,0,0,70,2026-02-03 00:40:51.288854
COMP,24.75,24.66,24.75,148000.0,140600.0,0,0,0,0,0,0,70,2026-02-03 00:40:51.288854
RITC,9.91,9.91,9.92,202400.0,199500.0,0,0,0,0,0,0,71,2026-02-03 00:40:52.311992
COMP,24.75,24.71,24.75,148100.0,140600.0,0,0,0,0,0,0,71,2026-02-03 00:40:52.311992
RITC,9.93,9.92,9.93,204500.0,201000.0,0,0,0,0,0,0,72,2026-02-03 00:40:53.336374
COMP,24.75,24.71,24.75,147500.0,140600.0,0,0,0,0,0,0,72,2026-02-03 00:40:53.336374
RITC,9.93,9.92,9.93,204500.0,201600.0,0,0,0,0,0,0,73,2026-02-03 00:40:53.920268
COMP,24.76,24.71,24.76,147500.0,139300.0,0,0,0,0,0,0,73,2026-02-03 00:40:53.920268
RITC,9.92,9.92,9.93,202800.0,201600.0,0,0,0,0,0,0,74,2026-02-03 00:40:55.031351
COMP,24.76,24.76,24.78,146600.0,139600.0,0,0,0,0,0,0,74,2026-02-03 00:40:55.031351
RITC,9.91,9.91,9.93,202400.0,198000.0,0,0,0,0,0,0,75,2026-02-03 00:40:56.058015
COMP,24.76,24.71,24.76,147500.0,140600.0,0,0,0,0,0,0,75,2026-02-03 00:40:56.058015
RITC,9.93,9.91,9.93,202400.0,199800.0,0,0,0,0,0,0,76,2026-02-03 00:40:57.081683
COMP,24.76,24.73,24.76,147500.0,140600.0,0,0,0,0,0,0,76,2026-02-03 00:40:57.081683
RITC,9.93,9.91,9.93,202300.0,199800.0,0,0,0,0,0,0,77,2026-02-03 00:40:58.107950
COMP,24.76,24.73,24.76,145700.0,140600.0,0,0,0,0,0,0,77,2026-02-03 00:40:58.107950
RITC,9.93,9.91,9.93,202600.0,202600.0,0,0,0,0,0,0,78,2026-02-03 00:40:59.155656
COMP,24.78,24.73,24.78,144800.0,139500.0,0,0,0,0,0,0,78,2026-02-03 00:40:59.155656
RITC,9.94,9.91,9.94,202600.0,198800.0,0,0,0,0,0,0,79,2026-02-03 00:41:00.246975
COMP,24.84,24.73,24.84,144800.0,139500.0,0,0,0,0,0,0,79,2026-02-03 00:41:00.246975
RITC,9.9,9.9,9.92,201900.0,200600.0,0,0,0,0,0,0,80,2026-02-03 00:41:01.335727
COMP,24.84,24.73,24.75,145600.0,138400.0,0,0,0,0,0,0,80,2026-02-03 00:41:01.335727
RITC,9.9,9.9,9.92,200100.0,200600.0,0,0,0,0,0,0,81,2026-02-03 00:41:02.356875
COMP,24.84,24.73,24.75,145600.0,137100.0,0,0,0,0,0,0,81,2026-02-03 00:41:02.356875
RITC,9.89,9.89,9.92,197900.0,200600.0,0,0,0,0,0,0,82,2026-02-03 00:41:03.378680
COMP,24.84,24.73,24.75,143600.0,137100.0,0,0,0,0,0,0,82,2026-02-03 00:41:03.378680
RITC,9.89,9.91,9.92,197500.0,200600.0,0,0,0,0,0,0,83,2026-02-03 00:41:04.404262
COMP,24.75,24.79,24.81,143200.0,138000.0,0,0,0,0,0,0,83,2026-02-03 00:41:04.404262
RITC,9.92,9.93,9.94,197600.0,198800.0,0,0,0,0,0,0,84,2026-02-03 00:41:04.979570
COMP,24.72,24.72,24.81,143900.0,138000.0,0,0,0,0,0,0,84,2026-02-03 00:41:04.979570
RITC,9.92,9.93,9.94,197600.0,199400.0,0,0,0,0,0,0,85,2026-02-03 00:41:06.011357
COMP,24.81,24.78,24.81,141600.0,138000.0,0,0,0,0,0,0,85,2026-02-03 00:41:06.011357
RITC,9.92,9.93,9.94,197600.0,199400.0,0,0,0,0,0,0,86,2026-02-03 00:41:07.031436
COMP,24.81,24.8,24.81,141100.0,138000.0,0,0,0,0,0,0,86,2026-02-03 00:41:07.031436
RITC,9.94,9.93,9.94,197200.0,196800.0,0,0,0,0,0,0,87,2026-02-03 00:41:08.057812
COMP,24.62,24.8,24.81,140900.0,138000.0,0,0,0,0,0,0,87,2026-02-03 00:41:08.057812
RITC,9.94,9.93,9.94,197200.0,199100.0,,0,0,0,0,0,88,2026-02-03 00:41:09.117468
COMP,24.81,24.8,24.81,140900.0,131300.0,5000.0,0,0,0,0,0,88,2026-02-03 00:41:09.117468
RITC,9.94,9.92,9.94,197100.0,199100.0,0,0,0,0,0,0,89,2026-02-03 00:41:10.172327
COMP,24.84,24.8,24.84,139200.0,137400.0,0,0,0,0,0,0,89,2026-02-03 00:41:10.172327
RITC,9.92,9.92,9.94,197100.0,199900.0,,0,0,0,0,0,90,2026-02-03 00:41:11.198696
COMP,24.84,24.8,24.84,137800.0,131600.0,5000.0,0,0,0,0,0,90,2026-02-03 00:41:11.198696
RITC,9.92,9.92,9.94,197100.0,198800.0,,0,0,0,0,0,91,2026-02-03 00:41:12.220237
COMP,24.84,24.8,24.84,137600.0,129200.0,5000.0,0,0,0,0,0,91,2026-02-03 00:41:12.220237
RITC,9.91,9.91,9.93,195000.0,198200.0,0,0,0,0,0,0,92,2026-02-03 00:41:13.250530
COMP,24.84,24.84,24.85,135900.0,136500.0,0,0,0,0,0,0,92,2026-02-03 00:41:13.250530
RITC,9.91,9.89,9.9,195400.0,197000.0,,0,0,0,0,0,93,2026-02-03 00:41:14.277487
COMP,24.85,24.84,24.85,135400.0,129300.0,5000.0,0,0,0,0,0,93,2026-02-03 00:41:14.277487
RITC,9.91,9.89,9.9,194700.0,195600.0,,0,0,0,0,0,94,2026-02-03 00:41:15.302749
COMP,24.85,24.86,24.88,136300.0,129300.0,5000.0,0,0,0,0,0,94,2026-02-03 00:41:15.302749
RITC,9.91,9.89,9.91,194700.0,198800.0,,0,0,0,0,0,95,2026-02-03 00:41:16.328056
COMP,24.88,24.86,24.88,137500.0,129600.0,5000.0,0,0,0,0,0,95,2026-02-03 00:41:16.328056
RITC,9.93,9.92,9.93,195200.0,198200.0,,0,0,0,0,0,96,2026-02-03 00:41:17.351203
COMP,24.88,24.86,24.88,138100.0,130700.0,5000.0,0,0,0,0,0,96,2026-02-03 00:41:17.351203
RITC,9.93,9.92,9.93,197400.0,198200.0,,0,0,0,0,0,97,2026-02-03 00:41:18.376678
COMP,24.88,24.86,24.88,138600.0,130700.0,5000.0,0,0,0,0,0,97,2026-02-03 00:41:18.376678
RITC,9.94,9.92,9.94,195300.0,196100.0,,0,0,0,0,0,98,2026-02-03 00:41:19.401259
COMP,24.89,24.88,24.89,139000.0,130700.0,5000.0,0,0,0,0,0,98,2026-02-03 00:41:19.401259
RITC,9.92,9.92,9.94,193600.0,196100.0,,0,0,0,0,0,99,2026-02-03 00:41:20.427768
COMP,24.89,24.88,24.89,139000.0,129200.0,5000.0,0,0,0,0,0,99,2026-02-03 00:41:20.427768
RITC,9.94,9.92,9.94,193600.0,197400.0,,0,0,0,0,0,100,2026-02-03 00:41:21.448452
COMP,24.89,24.88,24.89,138900.0,130300.0,5000.0,0,0,0,0,0,100,2026-02-03 00:41:21.448452
RITC,9.94,9.92,9.94,194600.0,197400.0,,0,0,0,0,0,101,2026-02-03 00:41:22.467545
COMP,24.89,24.88,24.89,140100.0,130300.0,5000.0,0,0,0,0,0,101,2026-02-03 00:41:22.467545
RITC,9.95,9.92,9.95,193400.0,196600.0,,0,0,0,0,0,102,2026-02-03 00:41:23.486918
COMP,24.89,24.88,24.89,139600.0,132300.0,5000.0,0,0,0,0,0,102,2026-02-03 00:41:23.486918
RITC,9.95,9.92,9.95,193400.0,196600.0,,0,0,0,0,0,103,2026-02-03 00:41:24.077704
COMP,24.89,24.88,24.89,139200.0,132300.0,5000.0,0,0,0,0,0,103,2026-02-03 00:41:24.077704
RITC,9.95,9.94,9.95,196600.0,197300.0,,0,0,0,0,0,104,2026-02-03 00:41:25.128996
COMP,24.89,24.91,24.92,138600.0,132300.0,5000.0,0,0,0,0,0,104,2026-02-03 00:41:25.128996
RITC,9.95,9.94,9.95,196600.0,201100.0,0,0,0,0,0,0,105,2026-02-03 00:41:26.167296
COMP,24.93,24.91,24.93,138600.0,139200.0,0,0,0,0,0,0,105,2026-02-03 00:41:26.167296
RITC,9.96,9.94,9.96,197100.0,200500.0,,0,0,0,0,0,106,2026-02-03 00:41:27.201504
COMP,24.93,24.91,24.93,137800.0,131800.0,5000.0,0,0,0,0,0,106,2026-02-03 00:41:27.201504
RITC,9.96,9.94,9.96,197100.0,200500.0,,0,0,0,0,0,107,2026-02-03 00:41:28.227778
COMP,24.93,24.91,24.93,137700.0,131800.0,5000.0,0,0,0,0,0,107,2026-02-03 00:41:28.227778
RITC,9.97,9.94,9.97,197100.0,198200.0,,0,0,0,0,0,108,2026-02-03 00:41:29.252140
COMP,24.93,24.91,24.93,137700.0,132300.0,5000.0,0,0,0,0,0,108,2026-02-03 00:41:29.252140
RITC,9.98,9.94,9.98,195900.0,203500.0,,0,0,0,0,0,109,2026-02-03 00:41:30.275102
COMP,24.95,24.91,24.95,137400.0,132300.0,5000.0,0,0,0,0,0,109,2026-02-03 00:41:30.275102
RITC,9.98,9.96,9.98,198400.0,203500.0,,0,0,0,0,0,110,2026-02-03 00:41:31.306099
COMP,24.95,24.91,24.95,138800.0,133000.0,5000.0,0,0,0,0,0,110,2026-02-03 00:41:31.306099
RITC,9.98,9.96,9.98,197500.0,203500.0,,0,0,0,0,0,111,2026-02-03 00:41:32.332746
COMP,24.95,24.91,24.95,138800.0,133200.0,5000.0,0,0,0,0,0,111,2026-02-03 00:41:32.332746
RITC,9.98,9.97,9.98,196800.0,203300.0,,0,0,0,0,0,112,2026-02-03 00:41:33.358035
COMP,24.96,24.91,24.96,138800.0,134500.0,5000.0,0,0,0,0,0,112,2026-02-03 00:41:33.358035
RITC,9.99,9.97,9.99,196800.0,202800.0,,0,0,0,0,0,113,2026-02-03 00:41:34.386386
COMP,24.96,24.93,24.96,139000.0,134500.0,5000.0,0,0,0,0,0,113,2026-02-03 00:41:34.386386
RITC,9.99,9.97,9.99,193500.0,202800.0,0,0,0,0,0,0,114,2026-02-03 00:41:35.413814
COMP,24.97,24.93,24.97,139700.0,139700.0,0,0,0,0,0,0,114,2026-02-03 00:41:35.413814
RITC,9.99,9.97,9.99,196600.0,200200.0,,0,0,0,0,0,115,2026-02-03 00:41:36.439978
COMP,24.97,24.93,24.97,140700.0,133900.0,5000.0,0,0,0,0,0,115,2026-02-03 00:41:36.439978
RITC,9.97,9.97,9.98,196600.0,202600.0,,0,0,0,0,0,116,2026-02-03 00:41:37.464775
COMP,24.97,24.96,24.97,139900.0,133900.0,5000.0,0,0,0,0,0,116,2026-02-03 00:41:37.464775
RITC,9.97,9.97,9.98,196600.0,204700.0,,0,0,0,0,0,117,2026-02-03 00:41:38.488590
COMP,24.97,24.96,24.97,140500.0,133900.0,5000.0,0,0,0,0,0,117,2026-02-03 00:41:38.488590
RITC,9.96,9.96,9.98,193700.0,205500.0,,0,0,0,0,0,118,2026-02-03 00:41:39.512155
COMP,24.97,24.96,24.97,140500.0,133900.0,5000.0,0,0,0,0,0,118,2026-02-03 00:41:39.512155
RITC,9.98,9.98,9.99,195900.0,206400.0,,0,0,0,0,0,119,2026-02-03 00:41:40.538551
COMP,24.97,24.96,24.97,140000.0,133900.0,5000.0,0,0,0,0,0,119,2026-02-03 00:41:40.538551
RITC,9.98,9.96,9.97,193700.0,203700.0,,0,0,0,0,0,120,2026-02-03 00:41:41.567081
COMP,24.97,24.96,24.97,140000.0,129900.0,5000.0,0,0,0,0,0,120,2026-02-03 00:41:41.567081
RITC,9.98,9.96,9.97,193700.0,202600.0,,0,0,0,0,0,121,2026-02-03 00:41:42.098495
COMP,24.97,24.96,24.97,141900.0,129900.0,5000.0,0,0,0,0,0,121,2026-02-03 00:41:42.098495
RITC,9.96,9.96,9.97,192600.0,203300.0,,0,0,0,0,0,122,2026-02-03 00:41:43.201100
COMP,24.98,24.97,24.98,141800.0,131200.0,5000.0,0,0,0,0,0,122,2026-02-03 00:41:43.201100
RITC,9.97,9.96,9.97,192600.0,202500.0,,0,0,0,0,0,123,2026-02-03 00:41:44.225936
COMP,24.98,24.97,24.98,141000.0,131200.0,5000.0,0,0,0,0,0,123,2026-02-03 00:41:44.225936
RITC,9.97,9.96,9.97,193100.0,202400.0,,0,0,0,0,0,124,2026-02-03 00:41:45.257539
COMP,24.98,24.97,24.98,142800.0,130200.0,5000.0,0,0,0,0,0,124,2026-02-03 00:41:45.257539
RITC,9.97,9.96,9.97,193100.0,201600.0,,0,0,0,0,0,125,2026-02-03 00:41:46.289506
COMP,24.98,24.97,24.98,143500.0,130200.0,5000.0,0,0,0,0,0,125,2026-02-03 00:41:46.289506
RITC,9.97,9.96,9.97,192900.0,202700.0,,0,0,0,0,0,126,2026-02-03 00:41:47.321019
COMP,24.98,24.97,24.98,142600.0,130200.0,5000.0,0,0,0,0,0,126,2026-02-03 00:41:47.321019
RITC,9.97,9.96,9.97,191900.0,202700.0,,0,0,0,0,0,127,2026-02-03 00:41:48.362590
COMP,24.98,24.97,24.98,142600.0,130200.0,5000.0,0,0,0,0,0,127,2026-02-03 00:41:48.362590
RITC,9.97,9.96,9.97,191900.0,203300.0,,0,0,0,0,0,128,2026-02-03 00:41:49.391666
COMP,24.98,24.97,24.98,143600.0,129200.0,5000.0,0,0,0,0,0,128,2026-02-03 00:41:49.391666
RITC,9.95,9.95,9.97,193200.0,205400.0,,0,0,0,0,0,129,2026-02-03 00:41:50.416366
COMP,24.98,24.97,24.98,143600.0,129400.0,5000.0,0,0,0,0,0,129,2026-02-03 00:41:50.416366
RITC,9.95,9.95,9.97,190600.0,205400.0,,0,0,0,0,0,130,2026-02-03 00:41:51.447329
COMP,24.98,24.97,24.98,142100.0,129400.0,5000.0,0,0,0,0,0,130,2026-02-03 00:41:51.447329
RITC,9.98,9.94,9.98,192900.0,204700.0,0,0,0,0,0,0,131,2026-02-03 00:41:52.475127
COMP,24.99,24.97,24.99,142100.0,135600.0,0,0,0,0,0,0,131,2026-02-03 00:41:52.475127
RITC,9.94,9.94,9.96,191700.0,205800.0,,0,0,0,0,0,132,2026-02-03 00:41:53.506916
COMP,24.99,24.97,24.99,142100.0,129100.0,5000.0,0,0,0,0,0,132,2026-02-03 00:41:53.506916
RITC,9.94,9.94,9.98,191300.0,205200.0,,0,0,0,0,0,133,2026-02-03 00:41:54.532545
COMP,24.99,24.97,24.99,142100.0,127700.0,5000.0,0,0,0,0,0,133,2026-02-03 00:41:54.532545
RITC,9.94,9.94,9.98,192500.0,194600.0,5000.0,0,0,0,0,0,134,2026-02-03 00:41:55.562278
COMP,24.99,24.99,25.0,144100.0,134300.0,,0,0,0,0,0,134,2026-02-03 00:41:55.562278
RITC,9.94,9.94,9.95,192500.0,195000.0,5000.0,0,0,0,0,0,135,2026-02-03 00:41:56.593584
COMP,24.99,24.99,25.0,143200.0,127700.0,5000.0,0,0,0,0,0,135,2026-02-03 00:41:56.593584
RITC,9.93,9.93,9.95,192300.0,197800.0,5000.0,0,0,0,0,0,136,2026-02-03 00:41:57.615671
COMP,25.0,24.99,25.0,143200.0,129100.0,5000.0,0,0,0,0,0,136,2026-02-03 00:41:57.615671
RITC,9.92,9.92,9.95,196100.0,195900.0,5000.0,0,0,0,0,0,137,2026-02-03 00:41:58.669583
COMP,25.0,24.99,25.0,142400.0,129100.0,5000.0,0,0,0,0,0,137,2026-02-03 00:41:58.669583
RITC,9.91,9.91,9.95,194800.0,195900.0,5000.0,0,0,0,0,0,138,2026-02-03 00:41:59.186081
COMP,25.0,24.99,25.0,141800.0,129100.0,5000.0,0,0,0,0,0,138,2026-02-03 00:41:59.186081
RITC,9.89,9.89,9.93,197400.0,206200.0,,0,0,0,0,0,139,2026-02-03 00:42:00.210660
COMP,25.0,24.99,25.0,142000.0,129100.0,5000.0,0,0,0,0,0,139,2026-02-03 00:42:00.210660
RITC,9.89,9.89,9.93,202800.0,206200.0,0,0,0,0,0,0,140,2026-02-03 00:42:01.234484
COMP,25.01,24.99,25.01,143200.0,136800.0,0,0,0,0,0,0,140,2026-02-03 00:42:01.234484
RITC,9.88,9.88,9.93,204100.0,206900.0,,0,0,0,0,0,141,2026-02-03 00:42:02.256507
COMP,24.99,24.99,25.01,141800.0,127400.0,5000.0,0,0,0,0,0,141,2026-02-03 00:42:02.256507
RITC,9.88,9.88,9.9,204100.0,207700.0,,0,0,0,0,0,142,2026-02-03 00:42:03.291415
COMP,24.99,24.99,25.01,141800.0,128900.0,5000.0,0,0,0,0,0,142,2026-02-03 00:42:03.291415
RITC,9.88,9.88,9.9,204200.0,204400.0,,0,0,0,0,0,143,2026-02-03 00:42:04.336082
COMP,24.99,24.99,25.01,141900.0,128900.0,5000.0,0,0,0,0,0,143,2026-02-03 00:42:04.336082
RITC,9.89,9.89,9.9,206300.0,204400.0,,0,0,0,0,0,144,2026-02-03 00:42:05.360353
COMP,24.98,24.98,25.0,142300.0,129900.0,5000.0,0,0,0,0,0,144,2026-02-03 00:42:05.360353
RITC,9.89,9.88,9.89,204200.0,205200.0,0,0,0,0,0,0,145,2026-02-03 00:42:06.385479
COMP,24.97,24.97,25.0,140200.0,137300.0,0,0,0,0,0,0,145,2026-02-03 00:42:06.385479
RITC,9.89,9.88,9.89,204200.0,203100.0,0,0,0,0,0,0,146,2026-02-03 00:42:07.408004
COMP,25.0,24.97,25.0,140200.0,137300.0,0,0,0,0,0,0,146,2026-02-03 00:42:07.408004
RITC,9.89,9.88,9.89,204200.0,203800.0,0,0,0,0,0,0,147,2026-02-03 00:42:08.430745
COMP,25.01,25.0,25.01,141100.0,135200.0,0,0,0,0,0,0,147,2026-02-03 00:42:08.430745
RITC,9.88,9.88,9.89,201700.0,203800.0,0,0,0,0,0,0,148,2026-02-03 00:42:09.451972
COMP,25.01,25.0,25.01,142500.0,135200.0,0,0,0,0,0,0,148,2026-02-03 00:42:09.451972
RITC,9.88,9.88,9.89,200800.0,203600.0,0,0,0,0,0,0,149,2026-02-03 00:42:10.477412
COMP,25.0,25.0,25.01,142500.0,134800.0,0,0,0,0,0,0,149,2026-02-03 00:42:10.477412
RITC,9.87,9.87,9.89,199700.0,202000.0,0,0,0,0,0,0,150,2026-02-03 00:42:11.503677
COMP,25.02,25.0,25.02,142500.0,133300.0,0,0,0,0,0,0,150,2026-02-03 00:42:11.503677
RITC,9.87,9.87,9.89,198800.0,202000.0,0,0,0,0,0,0,151,2026-02-03 00:42:12.535194
COMP,25.02,25.0,25.01,142500.0,133700.0,0,0,0,0,0,0,151,2026-02-03 00:42:12.535194
RITC,9.87,9.87,9.88,199800.0,199200.0,0,0,0,0,0,0,152,2026-02-03 00:42:13.560455
COMP,25.02,25.0,25.01,142500.0,136100.0,0,0,0,0,0,0,152,2026-02-03 00:42:13.560455
RITC,9.87,9.87,9.88,203800.0,201500.0,0,0,0,0,0,0,153,2026-02-03 00:42:14.594821
COMP,25.0,24.98,24.99,142500.0,137500.0,0,0,0,0,0,0,153,2026-02-03 00:42:14.594821
RITC,9.87,9.87,9.88,203800.0,201500.0,0,0,0,0,0,0,154,2026-02-03 00:42:15.623508
COMP,24.99,24.98,24.99,142500.0,137500.0,0,0,0,0,0,0,154,2026-02-03 00:42:15.623508
RITC,9.88,9.87,9.88,203400.0,201500.0,0,0,0,0,0,0,155,2026-02-03 00:42:16.649943
COMP,24.99,24.98,24.99,142500.0,137500.0,0,0,0,0,0,0,155,2026-02-03 00:42:16.649943
RITC,9.87,9.87,9.88,201900.0,201500.0,0,0,0,0,0,0,156,2026-02-03 00:42:17.686044
COMP,24.98,24.98,24.99,142500.0,137500.0,0,0,0,0,0,0,156,2026-02-03 00:42:17.686044
RITC,9.87,9.87,9.89,202000.0,202300.0,0,0,0,0,0,0,157,2026-02-03 00:42:18.714261
COMP,24.97,24.97,25.01,141900.0,137000.0,0,0,0,0,0,0,157,2026-02-03 00:42:18.714261
RITC,9.89,9.87,9.89,201000.0,203300.0,0,0,0,0,0,0,158,2026-02-03 00:42:19.749024
COMP,24.97,24.97,25.01,141900.0,137900.0,0,0,0,0,0,0,158,2026-02-03 00:42:19.749024
RITC,9.87,9.85,9.86,200800.0,201500.0,0,0,0,0,0,0,159,2026-02-03 00:42:20.278408
COMP,24.97,24.97,25.01,141900.0,137800.0,0,0,0,0,0,0,159,2026-02-03 00:42:20.278408
RITC,9.85,9.85,9.86,192500.0,201500.0,0,0,0,0,0,0,160,2026-02-03 00:42:21.306876
COMP,24.96,24.96,25.01,141100.0,137800.0,0,0,0,0,0,0,160,2026-02-03 00:42:21.306876
RITC,9.85,9.85,9.86,192500.0,202900.0,0,0,0,0,0,0,161,2026-02-03 00:42:22.334545
COMP,24.96,24.96,25.0,141100.0,138200.0,0,0,0,0,0,0,161,2026-02-03 00:42:22.334545
RITC,9.84,9.84,9.86,171700.0,200300.0,0,0,0,0,0,0,162,2026-02-03 00:42:23.361688
COMP,24.96,24.96,25.0,141100.0,138300.0,0,0,0,0,0,0,162,2026-02-03 00:42:23.361688
RITC,9.84,9.84,9.86,171700.0,201000.0,0,0,0,0,0,0,163,2026-02-03 00:42:24.389438
COMP,24.96,24.96,25.0,142400.0,140400.0,0,0,0,0,0,0,163,2026-02-03 00:42:24.389438
RITC,9.81,9.81,9.86,161500.0,201000.0,0,0,0,0,0,0,164,2026-02-03 00:42:25.419017
COMP,24.96,24.96,25.0,141000.0,140400.0,0,0,0,0,0,0,164,2026-02-03 00:42:25.419017
RITC,9.81,9.83,9.86,169700.0,201000.0,0,0,0,0,0,0,165,2026-02-03 00:42:26.445073
COMP,24.95,24.95,25.0,143500.0,140400.0,0,0,0,0,0,0,165,2026-02-03 00:42:26.445073
RITC,9.81,9.83,9.84,169700.0,202300.0,0,0,0,0,0,0,166,2026-02-03 00:42:27.471163
COMP,24.95,24.97,25.0,142300.0,141900.0,0,0,0,0,0,0,166,2026-02-03 00:42:27.471163
RITC,9.83,9.81,9.83,161500.0,203300.0,0,0,0,0,0,0,167,2026-02-03 00:42:28.499950
COMP,24.97,24.95,24.96,143500.0,143100.0,0,0,0,0,0,0,167,2026-02-03 00:42:28.499950
RITC,9.81,9.8,9.81,149500.0,205600.0,0,0,0,0,0,0,168,2026-02-03 00:42:29.525459
COMP,24.99,24.99,25.0,143800.0,141900.0,0,0,0,0,0,0,168,2026-02-03 00:42:29.525459
RITC,9.8,9.8,9.81,149500.0,205000.0,0,0,0,0,0,0,169,2026-02-03 00:42:30.554161
COMP,24.99,24.99,25.0,144300.0,141900.0,0,0,0,0,0,0,169,2026-02-03 00:42:30.554161
RITC,9.79,9.79,9.81,137500.0,204700.0,0,0,0,0,0,0,170,2026-02-03 00:42:31.581884
COMP,24.98,24.98,25.0,144200.0,141900.0,0,0,0,0,0,0,170,2026-02-03 00:42:31.581884
RITC,9.79,9.79,9.8,137500.0,205200.0,0,0,0,0,0,0,171,2026-02-03 00:42:32.605098
COMP,24.98,24.98,25.0,144200.0,143000.0,0,0,0,0,0,0,171,2026-02-03 00:42:32.605098
RITC,9.79,9.76,9.77,125600.0,207600.0,0,0,0,0,0,0,172,2026-02-03 00:42:33.639169
COMP,24.95,24.95,25.0,143900.0,143000.0,0,0,0,0,0,0,172,2026-02-03 00:42:33.639169
RITC,9.79,9.76,9.77,125600.0,205800.0,0,0,0,0,0,0,173,2026-02-03 00:42:34.667878
COMP,24.95,24.99,25.0,143100.0,143300.0,0,0,0,0,0,0,173,2026-02-03 00:42:34.667878
RITC,9.74,9.74,9.75,106300.0,206400.0,0,0,0,0,0,0,174,2026-02-03 00:42:35.695657
COMP,24.99,24.99,25.0,143100.0,144800.0,0,0,0,0,0,0,174,2026-02-03 00:42:35.695657
RITC,9.74,9.73,9.74,95400.0,210700.0,0,0,0,0,0,0,175,2026-02-03 00:42:36.717164
COMP,24.99,24.99,25.0,143100.0,144500.0,0,0,0,0,0,0,175,2026-02-03 00:42:36.717164
RITC,9.72,9.72,9.73,98400.0,207700.0,0,0,0,0,0,0,176,2026-02-03 00:42:37.743135
COMP,25.0,24.99,25.0,143100.0,146400.0,0,0,0,0,0,0,176,2026-02-03 00:42:37.743135
RITC,9.71,9.71,9.73,99000.0,207700.0,0,0,0,0,0,0,177,2026-02-03 00:42:38.767362
COMP,25.0,24.99,25.0,142900.0,146400.0,0,0,0,0,0,0,177,2026-02-03 00:42:38.767362
RITC,9.71,9.68,9.71,99600.0,209000.0,0,0,0,0,0,0,178,2026-02-03 00:42:39.789402
COMP,24.95,24.95,25.0,143000.0,144600.0,0,0,0,0,0,0,178,2026-02-03 00:42:39.789402
RITC,9.68,9.68,9.71,99600.0,209800.0,0,0,0,0,0,0,179,2026-02-03 00:42:40.808789
COMP,25.0,24.95,25.0,143000.0,144300.0,0,0,0,0,0,0,179,2026-02-03 00:42:40.808789
RITC,9.68,9.68,9.71,99600.0,209300.0,0,0,0,0,0,0,180,2026-02-03 00:42:41.829342
COMP,24.95,24.95,25.0,142100.0,144300.0,0,0,0,0,0,0,180,2026-02-03 00:42:41.829342
RITC,9.68,9.68,9.7,99600.0,212600.0,0,0,0,0,0,0,181,2026-02-03 00:42:42.855084
COMP,24.95,24.95,25.0,142100.0,142900.0,0,0,0,0,0,0,181,2026-02-03 00:42:42.855084
RITC,9.63,9.63,9.67,101900.0,215700.0,0,0,0,0,0,0,182,2026-02-03 00:42:43.874018
COMP,25.0,24.96,25.0,142800.0,143200.0,0,0,0,0,0,0,182,2026-02-03 00:42:43.874018
RITC,9.63,9.63,9.67,101900.0,213700.0,0,0,0,0,0,0,183,2026-02-03 00:42:44.394350
COMP,25.0,24.96,25.0,142800.0,143200.0,0,0,0,0,0,0,183,2026-02-03 00:42:44.394350
RITC,9.63,9.63,9.64,101900.0,210900.0,0,0,0,0,0,0,184,2026-02-03 00:42:45.419654
COMP,25.01,24.96,25.01,142800.0,143100.0,0,0,0,0,0,0,184,2026-02-03 00:42:45.419654
RITC,9.63,9.63,9.66,102900.0,212900.0,0,0,0,0,0,0,185,2026-02-03 00:42:46.452460
COMP,25.01,24.96,25.01,142800.0,142800.0,0,0,0,0,0,0,185,2026-02-03 00:42:46.452460
RITC,9.66,9.63,9.66,102900.0,215600.0,0,0,0,0,0,0,186,2026-02-03 00:42:47.481872
COMP,25.01,24.97,25.01,142900.0,142800.0,0,0,0,0,0,0,186,2026-02-03 00:42:47.481872
RITC,9.66,9.63,9.66,102900.0,213700.0,0,0,0,0,0,0,187,2026-02-03 00:42:48.511191
COMP,25.01,24.97,25.01,142200.0,140900.0,0,0,0,0,0,0,187,2026-02-03 00:42:48.511191
RITC,9.66,9.64,9.66,125100.0,213700.0,0,0,0,0,0,0,188,2026-02-03 00:42:49.533251
COMP,25.01,24.97,25.01,142200.0,141300.0,0,0,0,0,0,0,188,2026-02-03 00:42:49.533251
RITC,9.66,9.64,9.65,125100.0,211600.0,0,0,0,0,0,0,189,2026-02-03 00:42:50.554316
COMP,25.01,24.98,25.01,140800.0,141300.0,0,0,0,0,0,0,189,2026-02-03 00:42:50.554316
RITC,9.66,9.64,9.65,133600.0,213000.0,0,0,0,0,0,0,190,2026-02-03 00:42:51.577567
COMP,25.02,24.98,25.02,140800.0,140100.0,0,0,0,0,0,0,190,2026-02-03 00:42:51.577567
RITC,9.65,9.64,9.65,133600.0,216700.0,0,0,0,0,0,0,191,2026-02-03 00:42:52.599206
COMP,25.02,24.98,25.02,137900.0,140100.0,0,0,0,0,0,0,191,2026-02-03 00:42:52.599206
RITC,9.63,9.63,9.65,134300.0,216700.0,0,0,0,0,0,0,192,2026-02-03 00:42:53.622267
COMP,24.97,24.97,25.02,139800.0,140100.0,0,0,0,0,0,0,192,2026-02-03 00:42:53.622267
RITC,9.63,9.63,9.64,134300.0,215400.0,0,0,0,0,0,0,193,2026-02-03 00:42:54.648045
COMP,24.97,24.98,25.02,139900.0,140100.0,0,0,0,0,0,0,193,2026-02-03 00:42:54.648045
RITC,9.63,9.63,9.64,123500.0,215400.0,0,0,0,0,0,0,194,2026-02-03 00:42:55.666595
COMP,24.98,24.98,25.02,139900.0,140100.0,0,0,0,0,0,0,194,2026-02-03 00:42:55.666595
RITC,9.63,9.63,9.64,135200.0,212700.0,0,0,0,0,0,0,195,2026-02-03 00:42:56.696001
COMP,24.98,24.98,25.02,139900.0,140100.0,0,0,0,0,0,0,195,2026-02-03 00:42:56.696001
RITC,9.61,9.61,9.64,118300.0,212700.0,0,0,0,0,0,0,196,2026-02-03 00:42:57.718236
COMP,24.95,24.95,25.03,138400.0,140700.0,0,0,0,0,0,0,196,2026-02-03 00:42:57.718236
RITC,9.64,9.61,9.64,127700.0,213000.0,0,0,0,0,0,0,197,2026-02-03 00:42:58.777671
COMP,24.95,24.95,24.97,138400.0,138700.0,0,0,0,0,0,0,197,2026-02-03 00:42:58.777671
RITC,9.64,9.62,9.64,145900.0,213000.0,0,0,0,0,0,0,198,2026-02-03 00:42:59.801163
COMP,24.95,24.96,24.97,137800.0,138700.0,0,0,0,0,0,0,198,2026-02-03 00:42:59.801163
RITC,9.65,9.62,9.65,154400.0,216500.0,0,0,0,0,0,0,199,2026-02-03 00:43:00.826738
COMP,24.95,24.96,24.97,139100.0,138700.0,0,0,0,0,0,0,199,2026-02-03 00:43:00.826738
RITC,9.65,9.62,9.65,174800.0,216500.0,0,0,0,0,0,0,200,2026-02-03 00:43:01.860958
COMP,24.97,25.01,25.03,136500.0,140700.0,0,0,0,0,0,0,200,2026-02-03 00:43:01.860958
RITC,9.65,9.62,9.65,193100.0,216500.0,0,0,0,0,0,0,201,2026-02-03 00:43:02.882957
COMP,24.97,25.01,25.03,136000.0,140700.0,0,0,0,0,0,0,201,2026-02-03 00:43:02.882957
RITC,9.65,9.64,9.65,203700.0,216000.0,0,0,0,0,0,0,202,2026-02-03 00:43:03.908188
COMP,25.03,25.01,25.03,135600.0,139300.0,0,0,0,0,0,0,202,2026-02-03 00:43:03.908188
RITC,9.65,9.64,9.65,201500.0,216000.0,0,0,0,0,0,0,203,2026-02-03 00:43:04.931708
COMP,25.01,24.96,24.98,134400.0,138900.0,0,0,0,0,0,0,203,2026-02-03 00:43:04.931708
RITC,9.65,9.64,9.65,202200.0,216000.0,0,0,0,0,0,0,204,2026-02-03 00:43:05.956001
COMP,24.98,25.02,25.03,136600.0,139300.0,0,0,0,0,0,0,204,2026-02-03 00:43:05.956001
RITC,9.66,9.64,9.66,202200.0,214500.0,0,0,0,0,0,0,205,2026-02-03 00:43:06.979354
COMP,24.98,25.02,25.03,136600.0,140800.0,0,0,0,0,0,0,205,2026-02-03 00:43:06.979354
RITC,9.66,9.65,9.66,201400.0,214500.0,0,0,0,0,0,0,206,2026-02-03 00:43:08.037316
COMP,25.03,25.02,25.03,135800.0,140000.0,0,0,0,0,0,0,206,2026-02-03 00:43:08.037316
RITC,9.66,9.66,9.67,201800.0,214300.0,0,0,0,0,0,0,207,2026-02-03 00:43:08.560965
COMP,25.04,25.02,25.04,135800.0,138500.0,0,0,0,0,0,0,207,2026-02-03 00:43:08.560965
RITC,9.67,9.66,9.67,202300.0,214300.0,0,0,0,0,0,0,208,2026-02-03 00:43:09.584811
COMP,25.04,25.02,25.04,135800.0,136800.0,0,0,0,0,0,0,208,2026-02-03 00:43:09.584811
RITC,9.67,9.66,9.67,202500.0,214900.0,0,0,0,0,0,0,209,2026-02-03 00:43:10.611847
COMP,25.05,25.02,25.05,135800.0,135600.0,0,0,0,0,0,0,209,2026-02-03 00:43:10.611847
RITC,9.68,9.66,9.68,202200.0,214800.0,0,0,0,0,0,0,210,2026-02-03 00:43:11.641006
COMP,25.05,25.03,25.05,135300.0,135600.0,0,0,0,0,0,0,210,2026-02-03 00:43:11.641006
RITC,9.68,9.68,9.7,202300.0,215700.0,0,0,0,0,0,0,211,2026-02-03 00:43:12.667463
COMP,25.05,25.03,25.05,135300.0,135900.0,0,0,0,0,0,0,211,2026-02-03 00:43:12.667463
RITC,9.71,9.68,9.71,202300.0,212700.0,0,0,0,0,0,0,212,2026-02-03 00:43:13.701906
COMP,25.06,25.03,25.06,137600.0,135100.0,0,0,0,0,0,0,212,2026-02-03 00:43:13.701906
RITC,9.71,9.7,9.71,202900.0,211400.0,0,0,0,0,0,0,213,2026-02-03 00:43:14.727127
COMP,25.06,25.05,25.06,137900.0,135100.0,0,0,0,0,0,0,213,2026-02-03 00:43:14.727127
RITC,9.71,9.7,9.71,204100.0,211100.0,0,0,0,0,0,0,214,2026-02-03 00:43:15.760764
COMP,25.06,25.05,25.06,137900.0,134200.0,0,0,0,0,0,0,214,2026-02-03 00:43:15.760764
RITC,9.72,9.7,9.72,204100.0,210600.0,0,0,0,0,0,0,215,2026-02-03 00:43:16.795327
COMP,25.06,25.05,25.06,137800.0,134700.0,0,0,0,0,0,0,215,2026-02-03 00:43:16.795327
RITC,9.72,9.71,9.72,202600.0,210600.0,0,0,0,0,0,0,216,2026-02-03 00:43:17.826019
COMP,25.06,25.05,25.06,137800.0,134300.0,0,0,0,0,0,0,216,2026-02-03 00:43:17.826019
RITC,9.73,9.71,9.73,202800.0,211100.0,0,0,0,0,0,0,217,2026-02-03 00:43:18.866880
COMP,25.06,25.05,25.06,137800.0,134700.0,0,0,0,0,0,0,217,2026-02-03 00:43:18.866880
RITC,9.73,9.71,9.73,204700.0,211100.0,0,0,0,0,0,0,218,2026-02-03 00:43:19.893374
COMP,25.04,25.04,25.06,138900.0,135700.0,0,0,0,0,0,0,218,2026-02-03 00:43:19.893374
RITC,9.73,9.73,9.74,202800.0,207800.0,0,0,0,0,0,0,219,2026-02-03 00:43:20.926470
COMP,25.04,25.04,25.06,137900.0,135700.0,0,0,0,0,0,0,219,2026-02-03 00:43:20.926470
RITC,9.75,9.76,9.77,206900.0,207300.0,0,0,0,0,0,0,220,2026-02-03 00:43:21.957447
COMP,25.04,25.04,25.06,137900.0,135700.0,0,0,0,0,0,0,220,2026-02-03 00:43:21.957447
RITC,9.75,9.76,9.77,206900.0,207300.0,0,0,0,0,0,0,221,2026-02-03 00:43:22.984156
COMP,25.04,25.04,25.06,137900.0,135700.0,0,0,0,0,0,0,221,2026-02-03 00:43:22.984156
RITC,9.75,9.76,9.77,207900.0,207300.0,0,0,0,0,0,0,222,2026-02-03 00:43:24.019434
COMP,25.04,25.04,25.06,137300.0,135700.0,0,0,0,0,0,0,222,2026-02-03 00:43:24.019434
RITC,9.77,9.76,9.77,206500.0,207300.0,0,0,0,0,0,0,223,2026-02-03 00:43:25.041595
COMP,25.06,25.04,25.06,137300.0,133800.0,0,0,0,0,0,0,223,2026-02-03 00:43:25.041595
RITC,9.77,9.76,9.77,204500.0,207300.0,0,0,0,0,0,0,224,2026-02-03 00:43:26.075206
COMP,25.07,25.04,25.07,139400.0,131300.0,0,0,0,0,0,0,224,2026-02-03 00:43:26.075206
RITC,9.77,9.76,9.77,202300.0,205100.0,0,0,0,0,0,0,225,2026-02-03 00:43:27.103149
COMP,25.07,25.04,25.07,139400.0,130800.0,0,0,0,0,0,0,225,2026-02-03 00:43:27.103149
RITC,9.77,9.76,9.77,202100.0,203100.0,0,0,0,0,0,0,226,2026-02-03 00:43:28.129645
COMP,25.07,25.04,25.07,137500.0,130800.0,0,0,0,0,0,0,226,2026-02-03 00:43:28.129645
RITC,9.78,9.77,9.78,203500.0,203500.0,0,0,0,0,0,0,227,2026-02-03 00:43:29.156713
COMP,25.07,25.04,25.07,138600.0,131000.0,0,0,0,0,0,0,227,2026-02-03 00:43:29.156713
RITC,9.78,9.77,9.78,201400.0,203500.0,0,0,0,0,0,0,228,2026-02-03 00:43:30.183298
COMP,25.07,25.04,25.06,138600.0,131700.0,0,0,0,0,0,0,228,2026-02-03 00:43:30.183298
RITC,9.79,9.77,9.79,201400.0,205600.0,0,0,0,0,0,0,229,2026-02-03 00:43:30.705980
COMP,25.04,25.04,25.06,139800.0,131700.0,0,0,0,0,0,0,229,2026-02-03 00:43:30.705980
RITC,9.8,9.79,9.8,204400.0,204200.0,0,0,0,0,0,0,230,2026-02-03 00:43:31.741036
COMP,25.03,25.03,25.06,140100.0,131700.0,0,0,0,0,0,0,230,2026-02-03 00:43:31.741036
RITC,9.8,9.79,9.8,203900.0,204200.0,0,0,0,0,0,0,231,2026-02-03 00:43:32.776361
COMP,25.03,25.03,25.06,141100.0,131700.0,0,0,0,0,0,0,231,2026-02-03 00:43:32.776361
RITC,9.81,9.79,9.82,204400.0,199100.0,0,0,0,0,0,0,232,2026-02-03 00:43:33.802415
COMP,25.03,25.03,25.06,141800.0,131700.0,0,0,0,0,0,0,232,2026-02-03 00:43:33.802415
RITC,9.82,9.79,9.82,204400.0,199100.0,0,0,0,0,0,0,233,2026-02-03 00:43:34.823507
COMP,25.07,25.03,25.07,141800.0,131000.0,0,0,0,0,0,0,233,2026-02-03 00:43:34.823507
RITC,9.82,9.79,9.81,204400.0,200200.0,0,0,0,0,0,0,234,2026-02-03 00:43:35.849334
COMP,25.07,25.06,25.07,141100.0,131000.0,0,0,0,0,0,0,234,2026-02-03 00:43:35.849334
RITC,9.82,9.79,9.82,204400.0,199400.0,0,0,0,0,0,0,235,2026-02-03 00:43:36.875139
COMP,25.07,25.06,25.07,138700.0,131000.0,0,0,0,0,0,0,235,2026-02-03 00:43:36.875139
RITC,9.82,9.79,9.82,204400.0,199400.0,0,0,0,0,0,0,236,2026-02-03 00:43:37.903401
COMP,25.08,25.06,25.08,139000.0,132900.0,0,0,0,0,0,0,236,2026-02-03 00:43:37.903401
RITC,9.82,9.79,9.82,202900.0,199400.0,0,0,0,0,0,0,237,2026-02-03 00:43:38.934785
COMP,25.08,25.06,25.08,140200.0,132900.0,0,0,0,0,0,0,237,2026-02-03 00:43:38.934785
RITC,9.78,9.78,9.82,199500.0,199400.0,0,0,0,0,0,0,238,2026-02-03 00:43:39.961805
COMP,25.08,25.06,25.08,141300.0,132900.0,0,0,0,0,0,0,238,2026-02-03 00:43:39.961805
RITC,9.79,9.78,9.79,199500.0,199900.0,0,0,0,0,0,0,239,2026-02-03 00:43:40.990428
COMP,25.08,25.06,25.08,142400.0,132900.0,0,0,0,0,0,0,239,2026-02-03 00:43:40.990428
RITC,9.83,9.81,9.83,200100.0,203900.0,0,0,0,0,0,0,240,2026-02-03 00:43:42.016494
COMP,25.09,25.06,25.09,142400.0,134100.0,0,0,0,0,0,0,240,2026-02-03 00:43:42.016494
RITC,9.83,9.81,9.82,200100.0,199800.0,0,0,0,0,0,0,241,2026-02-03 00:43:43.040470
COMP,25.09,25.06,25.09,143800.0,134100.0,0,0,0,0,0,0,241,2026-02-03 00:43:43.040470
RITC,9.83,9.81,9.82,200100.0,200200.0,0,0,0,0,0,0,242,2026-02-03 00:43:44.063001
COMP,25.09,25.08,25.09,143300.0,134100.0,0,0,0,0,0,0,242,2026-02-03 00:43:44.063001
RITC,9.78,9.78,9.81,200800.0,199300.0,0,0,0,0,0,0,243,2026-02-03 00:43:45.088816
COMP,25.09,25.08,25.09,143300.0,133900.0,0,0,0,0,0,0,243,2026-02-03 00:43:45.088816
RITC,9.78,9.78,9.8,198000.0,200400.0,0,0,0,0,0,0,244,2026-02-03 00:43:46.110627
COMP,25.09,25.08,25.09,144200.0,133900.0,0,0,0,0,0,0,244,2026-02-03 00:43:46.110627
RITC,9.8,9.78,9.8,199500.0,200400.0,0,0,0,0,0,0,245,2026-02-03 00:43:47.137892
COMP,25.09,25.08,25.09,145600.0,133900.0,0,0,0,0,0,0,245,2026-02-03 00:43:47.137892
RITC,9.8,9.78,9.8,199900.0,200400.0,0,0,0,0,0,0,246,2026-02-03 00:43:48.168539
COMP,25.09,25.08,25.09,145600.0,135300.0,0,0,0,0,0,0,246,2026-02-03 00:43:48.168539
RITC,9.8,9.79,9.8,200300.0,198800.0,0,0,0,0,0,0,247,2026-02-03 00:43:49.192966
COMP,25.09,25.08,25.09,145000.0,135300.0,0,0,0,0,0,0,247,2026-02-03 00:43:49.192966
RITC,9.79,9.79,9.8,200300.0,198800.0,0,0,0,0,0,0,248,2026-02-03 00:43:50.246311
COMP,25.09,25.08,25.09,144700.0,135300.0,0,0,0,0,0,0,248,2026-02-03 00:43:50.246311
RITC,9.79,9.78,9.79,199900.0,201000.0,0,0,0,0,0,0,249,2026-02-03 00:43:51.273274
COMP,25.09,25.08,25.09,144700.0,135400.0,0,0,0,0,0,0,249,2026-02-03 00:43:51.273274
RITC,9.77,9.77,9.79,200600.0,201000.0,0,0,0,0,0,0,250,2026-02-03 00:43:52.294930
COMP,25.1,25.08,25.1,144700.0,136200.0,0,0,0,0,0,0,250,2026-02-03 00:43:52.294930
RITC,9.76,9.76,9.79,197400.0,201000.0,0,0,0,0,0,0,251,2026-02-03 00:43:53.321457
COMP,25.1,25.08,25.1,143900.0,136200.0,0,0,0,0,0,0,251,2026-02-03 00:43:53.321457
RITC,9.76,9.76,9.79,197400.0,201000.0,0,0,0,0,0,0,252,2026-02-03 00:43:53.846136
COMP,25.11,25.08,25.11,143900.0,137200.0,0,0,0,0,0,0,252,2026-02-03 00:43:53.846136
RITC,9.76,9.76,9.79,194900.0,199200.0,0,0,0,0,0,0,253,2026-02-03 00:43:54.878830
COMP,25.12,25.08,25.12,143900.0,138300.0,0,0,0,0,0,0,253,2026-02-03 00:43:54.878830
RITC,9.76,9.76,9.79,194900.0,199100.0,0,0,0,0,0,0,254,2026-02-03 00:43:55.905544
COMP,25.12,25.1,25.12,144900.0,138300.0,0,0,0,0,0,0,254,2026-02-03 00:43:55.905544
RITC,9.76,9.75,9.76,196700.0,198500.0,0,0,0,0,0,0,255,2026-02-03 00:43:56.927263
COMP,25.12,25.1,25.12,144900.0,138200.0,0,0,0,0,0,0,255,2026-02-03 00:43:56.927263
RITC,9.75,9.75,9.76,198500.0,198500.0,0,0,0,0,0,0,256,2026-02-03 00:43:57.953644
COMP,25.12,25.1,25.12,144700.0,138200.0,0,0,0,0,0,0,256,2026-02-03 00:43:57.953644
RITC,9.75,9.75,9.76,196000.0,198500.0,0,0,0,0,0,0,257,2026-02-03 00:43:58.982211
COMP,25.12,25.1,25.12,146400.0,138200.0,0,0,0,0,0,0,257,2026-02-03 00:43:58.982211
RITC,9.67,9.75,9.76,196000.0,199200.0,0,0,0,0,0,0,258,2026-02-03 00:44:00.012770
COMP,25.13,25.1,25.13,146400.0,136200.0,0,0,0,0,0,0,258,2026-02-03 00:44:00.012770
RITC,9.74,9.74,9.75,202800.0,202100.0,0,0,0,0,0,0,259,2026-02-03 00:44:01.054599
COMP,25.13,25.11,25.13,147400.0,136200.0,0,0,0,0,0,0,259,2026-02-03 00:44:01.054599
RITC,9.71,9.71,9.74,205300.0,202300.0,0,0,0,0,0,0,260,2026-02-03 00:44:02.083179
COMP,25.15,25.13,25.15,146500.0,135800.0,0,0,0,0,0,0,260,2026-02-03 00:44:02.083179
RITC,9.7,9.7,9.73,203300.0,202500.0,0,0,0,0,0,0,261,2026-02-03 00:44:03.108346
COMP,25.16,25.13,25.16,146500.0,138000.0,0,0,0,0,0,0,261,2026-02-03 00:44:03.108346
RITC,9.7,9.7,9.71,203300.0,202800.0,0,0,0,0,0,0,262,2026-02-03 00:44:04.138710
COMP,25.18,25.13,25.18,146500.0,139600.0,0,0,0,0,0,0,262,2026-02-03 00:44:04.138710
RITC,9.7,9.69,9.7,206100.0,205100.0,0,0,0,0,0,0,263,2026-02-03 00:44:05.171444
COMP,25.18,25.17,25.18,144200.0,139600.0,0,0,0,0,0,0,263,2026-02-03 00:44:05.171444
RITC,9.69,9.69,9.7,204400.0,205100.0,0,0,0,0,0,0,264,2026-02-03 00:44:06.195577
COMP,25.22,25.17,25.22,144200.0,133000.0,0,0,0,0,0,0,264,2026-02-03 00:44:06.195577
RITC,9.69,9.68,9.69,202900.0,206000.0,0,0,0,0,0,0,265,2026-02-03 00:44:07.227844
COMP,25.24,25.17,25.24,144200.0,126900.0,0,0,0,0,0,0,265,2026-02-03 00:44:07.227844
RITC,9.66,9.66,9.69,200600.0,206000.0,0,0,0,0,0,0,266,2026-02-03 00:44:08.256812
COMP,25.24,25.2,25.24,142600.0,118700.0,0,0,0,0,0,0,266,2026-02-03 00:44:08.256812
RITC,9.65,9.65,9.69,200800.0,206000.0,0,0,0,0,0,0,267,2026-02-03 00:44:09.285448
COMP,25.28,25.2,25.28,142600.0,111000.0,0,0,0,0,0,0,267,2026-02-03 00:44:09.285448
RITC,9.65,9.65,9.67,198500.0,207300.0,0,0,0,0,0,0,268,2026-02-03 00:44:10.312326
COMP,25.28,25.3,25.31,143600.0,103900.0,0,0,0,0,0,0,268,2026-02-03 00:44:10.312326
RITC,9.65,9.65,9.67,198300.0,209300.0,0,0,0,0,0,0,269,2026-02-03 00:44:11.332107
COMP,25.28,25.3,25.31,144200.0,103900.0,0,0,0,0,0,0,269,2026-02-03 00:44:11.332107
RITC,9.65,9.65,9.66,201000.0,210500.0,0,0,0,0,0,0,270,2026-02-03 00:44:12.353955
COMP,25.28,25.3,25.31,144800.0,103900.0,0,0,0,0,0,0,270,2026-02-03 00:44:12.353955
RITC,9.64,9.64,9.66,204000.0,212000.0,0,0,0,0,0,0,271,2026-02-03 00:44:13.376425
COMP,25.28,25.3,25.31,143900.0,103900.0,0,0,0,0,0,0,271,2026-02-03 00:44:13.376425
RITC,9.64,9.64,9.65,204000.0,209600.0,0,0,0,0,0,0,272,2026-02-03 00:44:14.398684
COMP,25.31,25.3,25.31,143600.0,103900.0,0,0,0,0,0,0,272,2026-02-03 00:44:14.398684
RITC,9.62,9.62,9.65,206600.0,209600.0,0,0,0,0,0,0,273,2026-02-03 00:44:15.419015
COMP,25.31,25.31,25.32,144300.0,95900.0,0,0,0,0,0,0,273,2026-02-03 00:44:15.419015
RITC,9.62,9.62,9.65,206400.0,209600.0,0,0,0,0,0,0,274,2026-02-03 00:44:16.442081
COMP,25.34,25.31,25.34,143400.0,90000.0,0,0,0,0,0,0,274,2026-02-03 00:44:16.442081
RITC,9.62,9.62,9.65,208000.0,209600.0,0,0,0,0,0,0,275,2026-02-03 00:44:16.965642
COMP,25.34,25.31,25.34,143400.0,90000.0,0,0,0,0,0,0,275,2026-02-03 00:44:16.965642
RITC,9.62,9.62,9.63,208000.0,215100.0,0,0,0,0,0,0,276,2026-02-03 00:44:17.990798
COMP,25.34,25.31,25.34,142800.0,90000.0,0,0,0,0,0,0,276,2026-02-03 00:44:17.990798
RITC,9.61,9.61,9.63,190400.0,215100.0,0,0,0,0,0,0,277,2026-02-03 00:44:19.011506
COMP,25.34,25.31,25.34,142600.0,90000.0,0,0,0,0,0,0,277,2026-02-03 00:44:19.011506
RITC,9.61,9.61,9.63,169200.0,215100.0,0,0,0,0,0,0,278,2026-02-03 00:44:20.039924
COMP,25.34,25.33,25.34,142700.0,83700.0,0,0,0,0,0,0,278,2026-02-03 00:44:20.039924
RITC,9.61,9.61,9.62,159300.0,212400.0,0,0,0,0,0,0,279,2026-02-03 00:44:21.069296
COMP,25.39,25.38,25.39,144100.0,77500.0,0,0,0,0,0,0,279,2026-02-03 00:44:21.069296
RITC,9.61,9.61,9.62,150500.0,211300.0,0,0,0,0,0,0,280,2026-02-03 00:44:22.094813
COMP,25.4,25.38,25.4,144100.0,69300.0,0,0,0,0,0,0,280,2026-02-03 00:44:22.094813
RITC,9.61,9.59,9.61,129500.0,213300.0,0,0,0,0,0,0,281,2026-02-03 00:44:23.129045
COMP,25.44,25.38,25.44,144100.0,70000.0,0,0,0,0,0,0,281,2026-02-03 00:44:23.129045
RITC,9.62,9.59,9.62,129500.0,211300.0,0,0,0,0,0,0,282,2026-02-03 00:44:24.153959
COMP,25.45,25.42,25.45,142700.0,69200.0,0,0,0,0,0,0,282,2026-02-03 00:44:24.153959
RITC,9.58,9.58,9.61,109600.0,210700.0,0,0,0,0,0,0,283,2026-02-03 00:44:25.183967
COMP,25.45,25.42,25.45,142700.0,75100.0,0,0,0,0,0,0,283,2026-02-03 00:44:25.183967
RITC,9.61,9.58,9.61,109600.0,211100.0,0,0,0,0,0,0,284,2026-02-03 00:44:26.281007
COMP,25.42,25.38,25.41,142200.0,82900.0,0,0,0,0,0,0,284,2026-02-03 00:44:26.281007
RITC,9.61,9.58,9.6,109600.0,209600.0,0,0,0,0,0,0,285,2026-02-03 00:44:27.313415
COMP,25.45,25.38,25.45,141600.0,67000.0,0,0,0,0,0,0,285,2026-02-03 00:44:27.313415
RITC,9.58,9.58,9.6,110000.0,210000.0,0,0,0,0,0,0,286,2026-02-03 00:44:28.338518
COMP,25.45,25.38,25.45,140300.0,67000.0,0,0,0,0,0,0,286,2026-02-03 00:44:28.338518
RITC,9.58,9.58,9.6,110000.0,210200.0,0,0,0,0,0,0,287,2026-02-03 00:44:29.358479
COMP,25.45,25.38,25.43,140300.0,73800.0,0,0,0,0,0,0,287,2026-02-03 00:44:29.358479
RITC,9.58,9.58,9.6,110000.0,211200.0,0,0,0,0,0,0,288,2026-02-03 00:44:30.379202
COMP,25.45,25.4,25.43,139500.0,80200.0,0,0,0,0,0,0,288,2026-02-03 00:44:30.379202
RITC,9.57,9.57,9.6,109800.0,209100.0,0,0,0,0,0,0,289,2026-02-03 00:44:31.399594
COMP,25.45,25.4,25.43,140200.0,80200.0,0,0,0,0,0,0,289,2026-02-03 00:44:31.399594
RITC,9.55,9.55,9.58,107000.0,205500.0,0,0,0,0,0,0,290,2026-02-03 00:44:32.424703
COMP,25.38,25.38,25.43,141500.0,80200.0,0,0,0,0,0,0,290,2026-02-03 00:44:32.424703
RITC,9.55,9.55,9.56,108700.0,204600.0,0,0,0,0,0,0,291,2026-02-03 00:44:33.451115
COMP,25.38,25.38,25.4,141500.0,94300.0,0,0,0,0,0,0,291,2026-02-03 00:44:33.451115
RITC,9.55,9.54,9.55,120000.0,204900.0,0,0,0,0,0,0,292,2026-02-03 00:44:34.469786
COMP,25.38,25.38,25.4,141000.0,94300.0,0,0,0,0,0,0,292,2026-02-03 00:44:34.469786
RITC,9.54,9.54,9.55,131400.0,204900.0,0,0,0,0,0,0,293,2026-02-03 00:44:35.492097
COMP,25.38,25.39,25.4,140000.0,94300.0,0,0,0,0,0,0,293,2026-02-03 00:44:35.492097
RITC,9.54,9.54,9.55,131900.0,204900.0,0,0,0,0,0,0,294,2026-02-03 00:44:36.522181
COMP,25.39,25.39,25.4,140000.0,94300.0,0,0,0,0,0,0,294,2026-02-03 00:44:36.522181
RITC,9.55,9.55,9.56,141300.0,204600.0,0,0,0,0,0,0,295,2026-02-03 00:44:37.049519
COMP,25.39,25.39,25.4,139900.0,94300.0,0,0,0,0,0,0,295,2026-02-03 00:44:37.049519
RITC,9.55,9.54,9.55,131900.0,205300.0,0,0,0,0,0,0,296,2026-02-03 00:44:38.072526
COMP,25.39,25.39,25.4,139600.0,100500.0,0,0,0,0,0,0,296,2026-02-03 00:44:38.072526
RITC,9.51,9.51,9.54,120500.0,203600.0,0,0,0,0,0,0,297,2026-02-03 00:44:39.104525
COMP,25.4,25.39,25.4,139600.0,100500.0,0,0,0,0,0,0,297,2026-02-03 00:44:39.104525
RITC,9.49,9.49,9.54,110500.0,203600.0,0,0,0,0,0,0,298,2026-02-03 00:44:40.130284
COMP,25.41,25.41,25.42,141200.0,92300.0,0,0,0,0,0,0,298,2026-02-03 00:44:40.130284
RITC,9.49,9.52,9.54,130300.0,203600.0,0,0,0,0,0,0,299,2026-02-03 00:44:41.152566
COMP,25.41,25.41,25.42,141200.0,105200.0,0,0,0,0,0,0,299,2026-02-03 00:44:41.152566
RITC,9.52,9.49,9.52,131100.0,204500.0,0,0,0,0,0,0,300,2026-02-03 00:44:42.175077
COMP,25.41,25.41,25.42,140500.0,105200.0,0,0,0,0,0,0,300,2026-02-03 00:44:42.175077
RITC,9.52,9.51,9.52,143100.0,204400.0,0,0,0,0,0,0,301,2026-02-03 00:44:43.195921
COMP,25.4,25.4,25.42,140000.0,105200.0,0,0,0,0,0,0,301,2026-02-03 00:44:43.195921
RITC,9.52,9.51,9.52,143100.0,207700.0,0,0,0,0,0,0,302,2026-02-03 00:44:44.220691
COMP,25.37,25.37,25.43,141400.0,99300.0,0,0,0,0,0,0,302,2026-02-03 00:44:44.220691
RITC,9.52,9.51,9.52,143100.0,209600.0,0,0,0,0,0,0,303,2026-02-03 00:44:45.241434
COMP,25.37,25.37,25.43,141400.0,106500.0,0,0,0,0,0,0,303,2026-02-03 00:44:45.241434
RITC,9.51,9.51,9.52,143100.0,209000.0,0,0,0,0,0,0,304,2026-02-03 00:44:46.265086
COMP,25.37,25.37,25.38,141400.0,114600.0,0,0,0,0,0,0,304,2026-02-03 00:44:46.265086
RITC,9.46,9.45,9.48,109200.0,209900.0,0,0,0,0,0,0,305,2026-02-03 00:44:47.309585
COMP,25.38,25.37,25.38,141400.0,114600.0,0,0,0,0,0,0,305,2026-02-03 00:44:47.309585
RITC,9.46,9.45,9.47,109200.0,210700.0,0,0,0,0,0,0,306,2026-02-03 00:44:48.338646
COMP,25.43,25.43,25.44,140900.0,99700.0,0,0,0,0,0,0,306,2026-02-03 00:44:48.338646
RITC,9.47,9.45,9.47,120200.0,210700.0,0,0,0,0,0,0,307,2026-02-03 00:44:49.362072
COMP,25.45,25.43,25.45,140900.0,93500.0,0,0,0,0,0,0,307,2026-02-03 00:44:49.362072
RITC,9.47,9.45,9.47,120200.0,207500.0,0,0,0,0,0,0,308,2026-02-03 00:44:50.390267
COMP,25.45,25.43,25.45,139300.0,93500.0,0,0,0,0,0,0,308,2026-02-03 00:44:50.390267
RITC,9.45,9.45,9.47,110700.0,207500.0,0,0,0,0,0,0,309,2026-02-03 00:44:51.414801
COMP,25.42,25.42,25.45,141000.0,93500.0,0,0,0,0,0,0,309,2026-02-03 00:44:51.414801
RITC,9.45,9.42,9.44,111300.0,204200.0,0,0,0,0,0,0,310,2026-02-03 00:44:52.437898
COMP,25.39,25.37,25.39,141400.0,109500.0,0,0,0,0,0,0,310,2026-02-03 00:44:52.437898
RITC,9.42,9.42,9.44,123700.0,204200.0,0,0,0,0,0,0,311,2026-02-03 00:44:53.465315
COMP,25.39,25.37,25.39,139700.0,116700.0,0,0,0,0,0,0,311,2026-02-03 00:44:53.465315
RITC,9.44,9.42,9.44,136100.0,204200.0,0,0,0,0,0,0,312,2026-02-03 00:44:54.484652
COMP,25.39,25.37,25.38,139700.0,124100.0,0,0,0,0,0,0,312,2026-02-03 00:44:54.484652
RITC,9.44,9.44,9.45,125400.0,206000.0,0,0,0,0,0,0,313,2026-02-03 00:44:55.510484
COMP,25.39,25.37,25.38,139700.0,131800.0,0,0,0,0,0,0,313,2026-02-03 00:44:55.510484
RITC,9.47,9.44,9.47,134800.0,205000.0,0,0,0,0,0,0,314,2026-02-03 00:44:56.540364
COMP,25.38,25.37,25.38,139600.0,131800.0,0,0,0,0,0,0,314,2026-02-03 00:44:56.540364
RITC,9.47,9.46,9.47,154100.0,205000.0,0,0,0,0,0,0,315,2026-02-03 00:44:57.563292
COMP,25.43,25.37,25.43,139600.0,116500.0,0,0,0,0,0,0,315,2026-02-03 00:44:57.563292
RITC,9.45,9.45,9.47,157200.0,205000.0,0,0,0,0,0,0,316,2026-02-03 00:44:58.586325
COMP,25.43,25.43,25.45,137000.0,108800.0,0,0,0,0,0,0,316,2026-02-03 00:44:58.586325
RITC,9.45,9.45,9.47,157200.0,205600.0,0,0,0,0,0,0,317,2026-02-03 00:44:59.608364
COMP,25.43,25.43,25.44,136000.0,115900.0,0,0,0,0,0,0,317,2026-02-03 00:44:59.608364
RITC,9.47,9.45,9.47,179600.0,207400.0,0,0,0,0,0,0,318,2026-02-03 00:45:00.629531
COMP,25.44,25.43,25.44,136000.0,115900.0,0,0,0,0,0,0,318,2026-02-03 00:45:00.629531
RITC,9.48,9.45,9.48,189200.0,210000.0,0,0,0,0,0,0,319,2026-02-03 00:45:01.649017
COMP,25.44,25.43,25.44,135900.0,115900.0,0,0,0,0,0,0,319,2026-02-03 00:45:01.649017
RITC,9.48,9.45,9.48,199700.0,210000.0,0,0,0,0,0,0,320,2026-02-03 00:45:02.672406
COMP,25.45,25.43,25.45,135900.0,102900.0,0,0,0,0,0,0,320,2026-02-03 00:45:02.672406
RITC,9.48,9.48,9.49,222200.0,208800.0,0,0,0,0,0,0,321,2026-02-03 00:45:03.197891
COMP,25.45,25.43,25.45,136600.0,102900.0,0,0,0,0,0,0,321,2026-02-03 00:45:03.197891
RITC,9.49,9.48,9.49,222200.0,210500.0,0,0,0,0,0,0,322,2026-02-03 00:45:04.224187
COMP,25.45,25.43,25.45,134900.0,102900.0,0,0,0,0,0,0,322,2026-02-03 00:45:04.224187
RITC,9.48,9.45,9.46,224800.0,211600.0,0,0,0,0,0,0,323,2026-02-03 00:45:05.751224
COMP,25.45,25.43,25.45,135800.0,102900.0,0,0,0,0,0,0,323,2026-02-03 00:45:05.751224
RITC,9.49,9.45,9.49,224800.0,210300.0,0,0,0,0,0,0,324,2026-02-03 00:45:06.303972
COMP,25.45,25.43,25.45,136600.0,102900.0,0,0,0,0,0,0,324,2026-02-03 00:45:06.303972
RITC,9.49,9.48,9.49,222500.0,210300.0,0,0,0,0,0,0,325,2026-02-03 00:45:07.362453
COMP,25.48,25.43,25.48,136600.0,94800.0,0,0,0,0,0,0,325,2026-02-03 00:45:07.362453
RITC,9.49,9.48,9.49,222700.0,209600.0,0,0,0,0,0,0,326,2026-02-03 00:45:08.395500
COMP,25.49,25.43,25.49,137700.0,87600.0,0,0,0,0,0,0,326,2026-02-03 00:45:08.395500
RITC,9.48,9.48,9.49,222700.0,209600.0,0,0,0,0,0,0,327,2026-02-03 00:45:09.423590
COMP,25.49,25.43,25.49,137700.0,80300.0,0,0,0,0,0,0,327,2026-02-03 00:45:09.423590
RITC,9.48,9.45,9.47,221800.0,208300.0,0,0,0,0,0,0,328,2026-02-03 00:45:10.446833
COMP,25.49,25.43,25.44,140400.0,88300.0,0,0,0,0,0,0,328,2026-02-03 00:45:10.446833
RITC,9.49,9.46,9.49,222100.0,209000.0,0,0,0,0,0,0,329,2026-02-03 00:45:11.471515
COMP,25.44,25.43,25.44,140400.0,88300.0,0,0,0,0,0,0,329,2026-02-03 00:45:11.471515
RITC,9.46,9.46,9.49,222100.0,209000.0,0,0,0,0,0,0,330,2026-02-03 00:45:12.499010
COMP,25.49,25.5,25.55,140000.0,73900.0,0,0,0,0,0,0,330,2026-02-03 00:45:12.499010
RITC,9.46,9.46,9.49,218900.0,208400.0,0,0,0,0,0,0,331,2026-02-03 00:45:13.519864
COMP,25.43,25.43,25.57,140400.0,67200.0,0,0,0,0,0,0,331,2026-02-03 00:45:13.519864
RITC,9.45,9.45,9.49,220900.0,208400.0,0,0,0,0,0,0,332,2026-02-03 00:45:14.551179
COMP,25.43,25.48,25.57,140500.0,67200.0,0,0,0,0,0,0,332,2026-02-03 00:45:14.551179
RITC,9.45,9.45,9.48,220900.0,207500.0,0,0,0,0,0,0,333,2026-02-03 00:45:15.575396
COMP,25.43,25.52,25.57,138200.0,67200.0,0,0,0,0,0,0,333,2026-02-03 00:45:15.575396
RITC,9.48,9.45,9.48,220900.0,206300.0,0,0,0,0,0,0,334,2026-02-03 00:45:16.597247
COMP,25.6,25.52,25.6,138200.0,68900.0,0,0,0,0,0,0,334,2026-02-03 00:45:16.597247
RITC,9.44,9.44,9.48,223900.0,206300.0,0,0,0,0,0,0,335,2026-02-03 00:45:17.618080
COMP,25.62,25.59,25.62,135800.0,70600.0,0,0,0,0,0,0,335,2026-02-03 00:45:17.618080
RITC,9.44,9.47,9.48,224600.0,206300.0,0,0,0,0,0,0,336,2026-02-03 00:45:18.640895
COMP,25.62,25.59,25.62,135200.0,70600.0,0,0,0,0,0,0,336,2026-02-03 00:45:18.640895
RITC,9.47,9.44,9.47,212300.0,208800.0,0,0,0,0,0,0,337,2026-02-03 00:45:19.666567
COMP,25.62,25.59,25.62,134900.0,70600.0,0,0,0,0,0,0,337,2026-02-03 00:45:19.666567
RITC,9.47,9.47,9.48,223800.0,206300.0,0,0,0,0,0,0,338,2026-02-03 00:45:20.689255
COMP,25.65,25.59,25.65,135400.0,71000.0,0,0,0,0,0,0,338,2026-02-03 00:45:20.689255
RITC,9.48,9.47,9.48,223800.0,207600.0,0,0,0,0,0,0,339,2026-02-03 00:45:21.708914
COMP,25.65,25.59,25.64,135400.0,78600.0,0,0,0,0,0,0,339,2026-02-03 00:45:21.708914
RITC,9.49,9.47,9.49,226600.0,210400.0,0,0,0,0,0,0,340,2026-02-03 00:45:22.729063
COMP,25.59,25.59,25.64,135600.0,85500.0,0,0,0,0,0,0,340,2026-02-03 00:45:22.729063
RITC,9.49,9.47,9.49,226600.0,210400.0,0,0,0,0,0,0,341,2026-02-03 00:45:23.750615
COMP,25.59,25.59,25.64,135600.0,91900.0,0,0,0,0,0,0,341,2026-02-03 00:45:23.750615
RITC,9.49,9.49,9.5,224600.0,211000.0,0,0,0,0,0,0,342,2026-02-03 00:45:24.777229
COMP,25.59,25.57,25.59,135600.0,98500.0,0,0,0,0,0,0,342,2026-02-03 00:45:24.777229
RITC,9.5,9.49,9.5,224500.0,211000.0,0,0,0,0,0,0,343,2026-02-03 00:45:25.796475
COMP,25.59,25.57,25.59,135600.0,104500.0,0,0,0,0,0,0,343,2026-02-03 00:45:25.796475
RITC,9.5,9.49,9.5,224500.0,211000.0,0,0,0,0,0,0,344,2026-02-03 00:45:26.316850
COMP,25.52,25.52,25.59,138200.0,104500.0,0,0,0,0,0,0,344,2026-02-03 00:45:26.316850
RITC,9.5,9.49,9.5,222900.0,213100.0,0,0,0,0,0,0,345,2026-02-03 00:45:27.340858
COMP,25.52,25.52,25.53,138200.0,112600.0,0,0,0,0,0,0,345,2026-02-03 00:45:27.340858
RITC,9.5,9.49,9.5,221200.0,213100.0,0,0,0,0,0,0,346,2026-02-03 00:45:28.367055
COMP,25.48,25.48,25.53,140500.0,112600.0,0,0,0,0,0,0,346,2026-02-03 00:45:28.367055
RITC,9.5,9.5,9.51,221700.0,210300.0,0,0,0,0,0,0,347,2026-02-03 00:45:29.391812
COMP,25.48,25.48,25.53,140400.0,118300.0,0,0,0,0,0,0,347,2026-02-03 00:45:29.391812
RITC,9.5,9.5,9.51,218400.0,210300.0,0,0,0,0,0,0,348,2026-02-03 00:45:30.423760
COMP,25.48,25.48,25.53,142400.0,118300.0,0,0,0,0,0,0,348,2026-02-03 00:45:30.423760
RITC,9.5,9.5,9.51,220400.0,210300.0,0,0,0,0,0,0,349,2026-02-03 00:45:31.451856
COMP,25.48,25.52,25.53,141200.0,125500.0,0,0,0,0,0,0,349,2026-02-03 00:45:31.451856
RITC,9.5,9.5,9.51,220600.0,210300.0,0,0,0,0,0,0,350,2026-02-03 00:45:32.480239
COMP,25.48,25.52,25.53,141200.0,131700.0,0,0,0,0,0,0,350,2026-02-03 00:45:32.480239
RITC,9.51,9.5,9.51,218300.0,210500.0,0,0,0,0,0,0,351,2026-02-03 00:45:33.504798
COMP,25.53,25.52,25.53,141200.0,137700.0,0,0,0,0,0,0,351,2026-02-03 00:45:33.504798
RITC,9.51,9.5,9.51,222100.0,210500.0,0,0,0,0,0,0,352,2026-02-03 00:45:34.534345
COMP,25.52,25.48,25.52,142400.0,138300.0,0,0,0,0,0,0,352,2026-02-03 00:45:34.534345
RITC,9.51,9.5,9.51,219400.0,210500.0,0,0,0,0,0,0,353,2026-02-03 00:45:35.564126
COMP,25.48,25.44,25.47,140000.0,139800.0,0,0,0,0,0,0,353,2026-02-03 00:45:35.564126
RITC,9.51,9.51,9.52,223100.0,209000.0,0,0,0,0,0,0,354,2026-02-03 00:45:36.588539
COMP,25.52,25.52,25.53,140800.0,138100.0,0,0,0,0,0,0,354,2026-02-03 00:45:36.588539
RITC,9.53,9.51,9.53,223100.0,206100.0,0,0,0,0,0,0,355,2026-02-03 00:45:37.619349
COMP,25.52,25.44,25.5,140000.0,138200.0,0,0,0,0,0,0,355,2026-02-03 00:45:37.619349
RITC,9.53,9.52,9.53,220700.0,205900.0,0,0,0,0,0,0,356,2026-02-03 00:45:38.652338
COMP,25.5,25.44,25.5,140000.0,136600.0,0,0,0,0,0,0,356,2026-02-03 00:45:38.652338
RITC,9.53,9.52,9.53,220300.0,205900.0,0,0,0,0,0,0,357,2026-02-03 00:45:39.676770
COMP,25.5,25.44,25.47,140000.0,138900.0,0,0,0,0,0,0,357,2026-02-03 00:45:39.676770
RITC,9.54,9.53,9.54,219000.0,202800.0,0,0,0,0,0,0,358,2026-02-03 00:45:40.700432
COMP,25.53,25.44,25.53,140000.0,138100.0,0,0,0,0,0,0,358,2026-02-03 00:45:40.700432
RITC,9.54,9.53,9.54,218100.0,202800.0,0,0,0,0,0,0,359,2026-02-03 00:45:41.720414
COMP,25.53,25.44,25.48,140000.0,138800.0,0,0,0,0,0,0,359,2026-02-03 00:45:41.720414
RITC,9.54,9.54,9.55,220600.0,203500.0,0,0,0,0,0,0,360,2026-02-03 00:45:42.740125
COMP,25.53,25.44,25.48,140000.0,139300.0,0,0,0,0,0,0,360,2026-02-03 00:45:42.740125
RITC,9.56,9.54,9.56,220600.0,206000.0,0,0,0,0,0,0,361,2026-02-03 00:45:43.761694
COMP,25.44,25.44,25.48,140000.0,139300.0,0,0,0,0,0,0,361,2026-02-03 00:45:43.761694
RITC,9.56,9.54,9.56,222000.0,206000.0,0,0,0,0,0,0,362,2026-02-03 00:45:44.785815
COMP,25.44,25.44,25.46,140000.0,137800.0,0,0,0,0,0,0,362,2026-02-03 00:45:44.785815
RITC,9.56,9.55,9.56,220900.0,206000.0,0,0,0,0,0,0,363,2026-02-03 00:45:45.809390
COMP,25.44,25.44,25.46,140000.0,136300.0,0,0,0,0,0,0,363,2026-02-03 00:45:45.809390
RITC,9.56,9.55,9.56,220900.0,205700.0,0,0,0,0,0,0,364,2026-02-03 00:45:46.828961
COMP,25.45,25.45,25.46,140600.0,136300.0,0,0,0,0,0,0,364,2026-02-03 00:45:46.828961
RITC,9.56,9.55,9.56,221700.0,205700.0,0,0,0,0,0,0,365,2026-02-03 00:45:47.851577
COMP,25.45,25.45,25.46,140600.0,135800.0,0,0,0,0,0,0,365,2026-02-03 00:45:47.851577
RITC,9.56,9.56,9.58,218700.0,206800.0,0,0,0,0,0,0,366,2026-02-03 00:45:48.875527
COMP,25.43,25.43,25.46,139700.0,135800.0,0,0,0,0,0,0,366,2026-02-03 00:45:48.875527
RITC,9.59,9.56,9.59,218700.0,207900.0,0,0,0,0,0,0,367,2026-02-03 00:45:49.895751
COMP,25.43,25.43,25.46,139700.0,135000.0,0,0,0,0,0,0,367,2026-02-03 00:45:49.895751
RITC,9.59,9.56,9.59,218300.0,207900.0,0,0,0,0,0,0,368,2026-02-03 00:45:50.418564
COMP,25.42,25.42,25.46,139400.0,135000.0,0,0,0,0,0,0,368,2026-02-03 00:45:50.418564
RITC,9.59,9.58,9.59,218700.0,207900.0,0,0,0,0,0,0,369,2026-02-03 00:45:51.438650
COMP,25.4,25.4,25.46,137500.0,135000.0,0,0,0,0,0,0,369,2026-02-03 00:45:51.438650
RITC,9.59,9.58,9.59,218600.0,210300.0,0,0,0,0,0,0,370,2026-02-03 00:45:52.462239
COMP,25.4,25.4,25.46,135700.0,135000.0,0,0,0,0,0,0,370,2026-02-03 00:45:52.462239
RITC,9.6,9.59,9.6,218900.0,208100.0,0,0,0,0,0,0,371,2026-02-03 00:45:53.490569
COMP,25.4,25.4,25.43,135700.0,135000.0,0,0,0,0,0,0,371,2026-02-03 00:45:53.490569
RITC,9.6,9.59,9.6,219300.0,208100.0,0,0,0,0,0,0,372,2026-02-03 00:45:54.515717
COMP,25.39,25.39,25.43,135400.0,135000.0,0,0,0,0,0,0,372,2026-02-03 00:45:54.515717
RITC,9.6,9.59,9.6,218600.0,208100.0,0,0,0,0,0,0,373,2026-02-03 00:45:55.565293
COMP,25.39,25.39,25.43,135400.0,133800.0,0,0,0,0,0,0,373,2026-02-03 00:45:55.565293
RITC,9.6,9.59,9.6,218600.0,210000.0,0,0,0,0,0,0,374,2026-02-03 00:45:56.589838
COMP,25.39,25.39,25.43,135400.0,132300.0,0,0,0,0,0,0,374,2026-02-03 00:45:56.589838
RITC,9.61,9.59,9.61,221800.0,208300.0,0,0,0,0,0,0,375,2026-02-03 00:45:57.612916
COMP,25.39,25.39,25.41,135500.0,132600.0,0,0,0,0,0,0,375,2026-02-03 00:45:57.612916
RITC,9.62,9.62,9.63,224000.0,211300.0,0,0,0,0,0,0,376,2026-02-03 00:45:58.637902
COMP,25.39,25.39,25.41,135500.0,132000.0,0,0,0,0,0,0,376,2026-02-03 00:45:58.637902
RITC,9.63,9.62,9.63,222800.0,211300.0,0,0,0,0,0,0,377,2026-02-03 00:45:59.668496
COMP,25.38,25.38,25.4,137200.0,133800.0,0,0,0,0,0,0,377,2026-02-03 00:45:59.668496
RITC,9.63,9.63,9.65,224000.0,214700.0,0,0,0,0,0,0,378,2026-02-03 00:46:00.695597
COMP,25.37,25.37,25.4,138200.0,133800.0,0,0,0,0,0,0,378,2026-02-03 00:46:00.695597
RITC,9.65,9.63,9.65,226700.0,215400.0,0,0,0,0,0,0,379,2026-02-03 00:46:01.727643
COMP,25.37,25.37,25.4,138100.0,135400.0,0,0,0,0,0,0,379,2026-02-03 00:46:01.727643
RITC,9.65,9.65,9.66,225500.0,215200.0,0,0,0,0,0,0,380,2026-02-03 00:46:02.750854
COMP,25.37,25.37,25.4,138100.0,135400.0,0,0,0,0,0,0,380,2026-02-03 00:46:02.750854
RITC,9.65,9.65,9.66,223200.0,215200.0,0,0,0,0,0,0,381,2026-02-03 00:46:03.771156
COMP,25.37,25.37,25.4,138700.0,135400.0,0,0,0,0,0,0,381,2026-02-03 00:46:03.771156
RITC,9.66,9.65,9.66,219500.0,215200.0,0,0,0,0,0,0,382,2026-02-03 00:46:04.792794
COMP,25.37,25.37,25.4,138700.0,133900.0,0,0,0,0,0,0,382,2026-02-03 00:46:04.792794
RITC,9.66,9.65,9.66,216300.0,215200.0,0,0,0,0,0,0,383,2026-02-03 00:46:05.842992
COMP,25.4,25.37,25.4,138700.0,135100.0,0,0,0,0,0,0,383,2026-02-03 00:46:05.842992
RITC,9.66,9.65,9.66,218800.0,215200.0,0,0,0,0,0,0,384,2026-02-03 00:46:06.863405
COMP,25.37,25.37,25.4,139700.0,135200.0,0,0,0,0,0,0,384,2026-02-03 00:46:06.863405
RITC,9.66,9.65,9.66,218800.0,216100.0,0,0,0,0,0,0,385,2026-02-03 00:46:07.893404
COMP,25.37,25.37,25.4,139700.0,135200.0,0,0,0,0,0,0,385,2026-02-03 00:46:07.893404
RITC,9.66,9.65,9.66,215000.0,216100.0,0,0,0,0,0,0,386,2026-02-03 00:46:08.922083
COMP,25.35,25.35,25.4,141600.0,135200.0,0,0,0,0,0,0,386,2026-02-03 00:46:08.922083
RITC,9.66,9.65,9.66,213400.0,216100.0,0,0,0,0,0,0,387,2026-02-03 00:46:09.945497
COMP,25.35,25.35,25.37,141600.0,135100.0,0,0,0,0,0,0,387,2026-02-03 00:46:09.945497
RITC,9.66,9.66,9.67,211900.0,212900.0,0,0,0,0,0,0,388,2026-02-03 00:46:10.966081
COMP,25.35,25.35,25.37,141600.0,133500.0,0,0,0,0,0,0,388,2026-02-03 00:46:10.966081
RITC,9.69,9.66,9.69,208400.0,213000.0,0,0,0,0,0,0,389,2026-02-03 00:46:11.992153
COMP,25.33,25.33,25.37,141600.0,133500.0,0,0,0,0,0,0,389,2026-02-03 00:46:11.992153
RITC,9.69,9.66,9.69,209300.0,213000.0,0,0,0,0,0,0,390,2026-02-03 00:46:13.011420
COMP,25.33,25.33,25.37,140700.0,135100.0,0,0,0,0,0,0,390,2026-02-03 00:46:13.011420
RITC,9.69,9.66,9.69,209400.0,211500.0,0,0,0,0,0,0,391,2026-02-03 00:46:14.031111
COMP,25.33,25.33,25.34,140700.0,135800.0,0,0,0,0,0,0,391,2026-02-03 00:46:14.031111
RITC,9.69,9.67,9.69,209300.0,211600.0,0,0,0,0,0,0,392,2026-02-03 00:46:15.054747
COMP,25.32,25.32,25.34,138300.0,135800.0,0,0,0,0,0,0,392,2026-02-03 00:46:15.054747
RITC,9.69,9.67,9.69,209300.0,211600.0,0,0,0,0,0,0,393,2026-02-03 00:46:15.578054
COMP,25.32,25.32,25.34,138300.0,135600.0,0,0,0,0,0,0,393,2026-02-03 00:46:15.578054
RITC,9.69,9.67,9.69,206000.0,211600.0,0,0,0,0,0,0,394,2026-02-03 00:46:16.600894
COMP,25.31,25.31,25.34,140300.0,135600.0,0,0,0,0,0,0,394,2026-02-03 00:46:16.600894
RITC,9.69,9.69,9.7,208100.0,210300.0,0,0,0,0,0,0,395,2026-02-03 00:46:17.631326
COMP,25.31,25.31,25.34,140300.0,136600.0,0,0,0,0,0,0,395,2026-02-03 00:46:17.631326
RITC,9.7,9.69,9.7,208100.0,208700.0,0,0,0,0,0,0,396,2026-02-03 00:46:18.655474
COMP,25.31,25.31,25.32,139500.0,135600.0,0,0,0,0,0,0,396,2026-02-03 00:46:18.655474
RITC,9.7,9.69,9.7,208100.0,204800.0,0,0,0,0,0,0,397,2026-02-03 00:46:19.681155
COMP,25.31,25.31,25.32,142000.0,135600.0,0,0,0,0,0,0,397,2026-02-03 00:46:19.681155
RITC,9.69,9.67,9.68,206000.0,204000.0,0,0,0,0,0,0,398,2026-02-03 00:46:20.706721
COMP,25.3,25.3,25.32,143000.0,135600.0,0,0,0,0,0,0,398,2026-02-03 00:46:20.706721
RITC,9.7,9.67,9.7,206000.0,204500.0,0,0,0,0,0,0,399,2026-02-03 00:46:21.729377
COMP,25.29,25.29,25.32,144800.0,135600.0,0,0,0,0,0,0,399,2026-02-03 00:46:21.729377
RITC,9.7,9.68,9.7,208100.0,203600.0,0,0,0,0,0,0,400,2026-02-03 00:46:22.756572
COMP,25.29,25.29,25.32,143200.0,135600.0,0,0,0,0,0,0,400,2026-02-03 00:46:22.756572
RITC,9.7,9.68,9.7,208100.0,203600.0,0,0,0,0,0,0,401,2026-02-03 00:46:23.790385
COMP,25.32,25.28,25.32,143900.0,135600.0,0,0,0,0,0,0,401,2026-02-03 00:46:23.790385
RITC,9.71,9.69,9.71,206200.0,202200.0,0,0,0,0,0,0,402,2026-02-03 00:46:24.819924
COMP,25.32,25.28,25.3,143900.0,134400.0,0,0,0,0,0,0,402,2026-02-03 00:46:24.819924
RITC,9.71,9.72,9.73,206100.0,201400.0,0,0,0,0,0,0,403,2026-02-03 00:46:25.844305
COMP,25.3,25.27,25.3,144900.0,134400.0,0,0,0,0,0,0,403,2026-02-03 00:46:25.844305
RITC,9.73,9.72,9.73,206100.0,202800.0,0,0,0,0,0,0,404,2026-02-03 00:46:26.869218
COMP,25.3,25.27,25.3,142200.0,134400.0,0,0,0,0,0,0,404,2026-02-03 00:46:26.869218
RITC,9.72,9.7,9.71,203200.0,203200.0,0,0,0,0,0,0,405,2026-02-03 00:46:27.909245
COMP,25.3,25.3,25.32,142700.0,135600.0,0,0,0,0,0,0,405,2026-02-03 00:46:27.909245
RITC,9.71,9.7,9.71,203200.0,203200.0,0,0,0,0,0,0,406,2026-02-03 00:46:28.939206
COMP,25.3,25.3,25.32,142700.0,134800.0,0,0,0,0,0,0,406,2026-02-03 00:46:28.939206
RITC,9.71,9.71,9.73,203100.0,202800.0,0,0,0,0,0,0,407,2026-02-03 00:46:29.970579
COMP,25.34,25.3,25.34,142700.0,134600.0,0,0,0,0,0,0,407,2026-02-03 00:46:29.970579
RITC,9.69,9.69,9.74,206200.0,203100.0,0,0,0,0,0,0,408,2026-02-03 00:46:31.001568
COMP,25.34,25.3,25.34,142500.0,134600.0,0,0,0,0,0,0,408,2026-02-03 00:46:31.001568
RITC,9.69,9.73,9.74,207800.0,203100.0,0,0,0,0,0,0,409,2026-02-03 00:46:32.065081
COMP,25.3,25.28,25.3,144500.0,135300.0,0,0,0,0,0,0,409,2026-02-03 00:46:32.065081
RITC,9.74,9.73,9.74,209600.0,204000.0,0,0,0,0,0,0,410,2026-02-03 00:46:33.088886
COMP,25.3,25.28,25.3,144500.0,135300.0,0,0,0,0,0,0,410,2026-02-03 00:46:33.088886
RITC,9.74,9.73,9.74,210500.0,204000.0,0,0,0,0,0,0,411,2026-02-03 00:46:34.111446
COMP,25.3,25.3,25.31,143500.0,135700.0,0,0,0,0,0,0,411,2026-02-03 00:46:34.111446
RITC,9.75,9.73,9.75,212100.0,202300.0,0,0,0,0,0,0,412,2026-02-03 00:46:35.133851
COMP,25.3,25.3,25.31,143500.0,136400.0,0,0,0,0,0,0,412,2026-02-03 00:46:35.133851
RITC,9.75,9.73,9.75,212600.0,202300.0,0,0,0,0,0,0,413,2026-02-03 00:46:36.159099
COMP,25.3,25.3,25.31,141900.0,137400.0,0,0,0,0,0,0,413,2026-02-03 00:46:36.159099
RITC,9.75,9.74,9.75,212700.0,202100.0,0,0,0,0,0,0,414,2026-02-03 00:46:37.180910
COMP,25.3,25.3,25.31,143500.0,137400.0,0,0,0,0,0,0,414,2026-02-03 00:46:37.180910
RITC,9.75,9.74,9.75,213300.0,202100.0,0,0,0,0,0,0,415,2026-02-03 00:46:37.708885
COMP,25.3,25.3,25.31,142100.0,137400.0,0,0,0,0,0,0,415,2026-02-03 00:46:37.708885
RITC,9.76,9.77,9.78,215400.0,201500.0,0,0,0,0,0,0,416,2026-02-03 00:46:38.738944
COMP,25.3,25.3,25.31,142100.0,135500.0,0,0,0,0,0,0,416,2026-02-03 00:46:38.738944
RITC,9.78,9.77,9.78,215400.0,201500.0,0,0,0,0,0,0,417,2026-02-03 00:46:39.771658
COMP,25.31,25.28,25.31,142600.0,135500.0,0,0,0,0,0,0,417,2026-02-03 00:46:39.771658
RITC,9.8,9.78,9.8,214500.0,198600.0,0,0,0,0,0,0,418,2026-02-03 00:46:40.799270
COMP,25.31,25.28,25.31,142600.0,136600.0,0,0,0,0,0,0,418,2026-02-03 00:46:40.799270
RITC,9.81,9.81,9.82,213100.0,200600.0,0,0,0,0,0,0,419,2026-02-03 00:46:41.820544
COMP,25.31,25.28,25.29,142600.0,136500.0,0,0,0,0,0,0,419,2026-02-03 00:46:41.820544
RITC,9.82,9.81,9.82,213100.0,201000.0,0,0,0,0,0,0,420,2026-02-03 00:46:42.844373
COMP,25.29,25.29,25.31,142600.0,137500.0,0,0,0,0,0,0,420,2026-02-03 00:46:42.844373
RITC,9.82,9.81,9.82,213100.0,202000.0,0,0,0,0,0,0,421,2026-02-03 00:46:43.864461
COMP,25.28,25.28,25.31,142600.0,138000.0,0,0,0,0,0,0,421,2026-02-03 00:46:43.864461
RITC,9.83,9.82,9.83,211200.0,205100.0,0,0,0,0,0,0,422,2026-02-03 00:46:44.890122
COMP,25.28,25.28,25.3,142600.0,137600.0,0,0,0,0,0,0,422,2026-02-03 00:46:44.890122
RITC,9.84,9.82,9.84,211200.0,202800.0,0,0,0,0,0,0,423,2026-02-03 00:46:45.920814
COMP,25.28,25.28,25.3,140000.0,136900.0,0,0,0,0,0,0,423,2026-02-03 00:46:45.920814
RITC,9.84,9.85,9.86,210900.0,203500.0,0,0,0,0,0,0,424,2026-02-03 00:46:46.944054
COMP,25.28,25.28,25.3,140000.0,136700.0,0,0,0,0,0,0,424,2026-02-03 00:46:46.944054
RITC,9.86,9.85,9.86,210900.0,201600.0,0,0,0,0,0,0,425,2026-02-03 00:46:47.965298
COMP,25.28,25.28,25.3,140000.0,136500.0,0,0,0,0,0,0,425,2026-02-03 00:46:47.965298
RITC,9.87,9.85,9.87,210900.0,201300.0,0,0,0,0,0,0,426,2026-02-03 00:46:48.995677
COMP,25.3,25.28,25.3,140000.0,136500.0,0,0,0,0,0,0,426,2026-02-03 00:46:48.995677
RITC,9.87,9.86,9.87,206300.0,201300.0,0,0,0,0,0,0,427,2026-02-03 00:46:50.019376
COMP,25.27,25.27,25.29,142200.0,136800.0,0,0,0,0,0,0,427,2026-02-03 00:46:50.019376
RITC,9.87,9.86,9.87,205200.0,200200.0,0,0,0,0,0,0,428,2026-02-03 00:46:51.049091
COMP,25.27,25.27,25.29,142400.0,136800.0,0,0,0,0,0,0,428,2026-02-03 00:46:51.049091
RITC,9.87,9.87,9.88,203400.0,200800.0,0,0,0,0,0,0,429,2026-02-03 00:46:52.075833
COMP,25.27,25.27,25.29,141200.0,137000.0,0,0,0,0,0,0,429,2026-02-03 00:46:52.075833
RITC,9.88,9.87,9.88,202400.0,200800.0,0,0,0,0,0,0,430,2026-02-03 00:46:53.098860
COMP,25.27,25.27,25.29,141200.0,137000.0,0,0,0,0,0,0,430,2026-02-03 00:46:53.098860
RITC,9.89,9.89,9.9,201000.0,203200.0,0,0,0,0,0,0,431,2026-02-03 00:46:54.128692
COMP,25.27,25.27,25.29,141200.0,136100.0,0,0,0,0,0,0,431,2026-02-03 00:46:54.128692
RITC,9.89,9.89,9.9,196600.0,203200.0,0,0,0,0,0,0,432,2026-02-03 00:46:55.149702
COMP,25.27,25.27,25.29,141200.0,134800.0,0,0,0,0,0,0,432,2026-02-03 00:46:55.149702
RITC,9.9,9.89,9.9,195700.0,203500.0,0,0,0,0,0,0,433,2026-02-03 00:46:56.176589
COMP,25.26,25.25,25.26,142500.0,135000.0,0,0,0,0,0,0,433,2026-02-03 00:46:56.176589
RITC,9.91,9.89,9.91,195700.0,202600.0,0,0,0,0,0,0,434,2026-02-03 00:46:57.197644
COMP,25.26,25.25,25.26,142500.0,135900.0,0,0,0,0,0,0,434,2026-02-03 00:46:57.197644
RITC,9.91,9.89,9.91,193800.0,200800.0,0,0,0,0,0,0,435,2026-02-03 00:46:58.217065
COMP,25.26,25.25,25.26,142500.0,138600.0,0,0,0,0,0,0,435,2026-02-03 00:46:58.217065
RITC,9.93,9.91,9.93,190400.0,202500.0,0,0,0,0,0,0,436,2026-02-03 00:46:59.236078
COMP,25.25,25.25,25.26,142500.0,138600.0,0,0,0,0,0,0,436,2026-02-03 00:46:59.236078
RITC,9.93,9.91,9.93,191100.0,203800.0,0,0,0,0,0,0,437,2026-02-03 00:47:00.260332
COMP,25.2,25.2,25.23,142800.0,137400.0,0,0,0,0,0,0,437,2026-02-03 00:47:00.260332
RITC,9.91,9.91,9.93,191200.0,203800.0,0,0,0,0,0,0,438,2026-02-03 00:47:01.282043
COMP,25.2,25.2,25.23,143200.0,136000.0,0,0,0,0,0,0,438,2026-02-03 00:47:01.282043
RITC,9.91,9.91,9.92,191200.0,203700.0,0,0,0,0,0,0,439,2026-02-03 00:47:02.302261
COMP,25.2,25.17,25.18,144000.0,136100.0,0,0,0,0,0,0,439,2026-02-03 00:47:02.302261
RITC,9.92,9.91,9.92,194400.0,203700.0,0,0,0,0,0,0,440,2026-02-03 00:47:03.325212
COMP,25.2,25.17,25.18,144000.0,135600.0,0,0,0,0,0,0,440,2026-02-03 00:47:03.325212
RITC,9.92,9.91,9.92,193700.0,203700.0,0,0,0,0,0,0,441,2026-02-03 00:47:03.841378
COMP,25.16,25.16,25.18,145200.0,135600.0,0,0,0,0,0,0,441,2026-02-03 00:47:03.841378
RITC,9.92,9.91,9.93,193700.0,203800.0,0,0,0,0,0,0,442,2026-02-03 00:47:04.877085
COMP,25.16,25.16,25.18,145200.0,135900.0,0,0,0,0,0,0,442,2026-02-03 00:47:04.877085
RITC,9.93,9.92,9.93,190000.0,203600.0,0,0,0,0,0,0,443,2026-02-03 00:47:05.908413
COMP,25.16,25.16,25.17,145200.0,136500.0,0,0,0,0,0,0,443,2026-02-03 00:47:05.908413
RITC,9.93,9.92,9.93,192600.0,203600.0,0,0,0,0,0,0,444,2026-02-03 00:47:06.939137
COMP,25.14,25.14,25.17,143000.0,136500.0,0,0,0,0,0,0,444,2026-02-03 00:47:06.939137
RITC,9.93,9.93,9.94,193200.0,204200.0,0,0,0,0,0,0,445,2026-02-03 00:47:07.966130
COMP,25.14,25.14,25.17,143000.0,135800.0,0,0,0,0,0,0,445,2026-02-03 00:47:07.966130
RITC,9.93,9.93,9.94,192500.0,204200.0,0,0,0,0,0,0,446,2026-02-03 00:47:08.989102
COMP,25.14,25.14,25.15,143000.0,137900.0,0,0,0,0,0,0,446,2026-02-03 00:47:08.989102
RITC,9.94,9.93,9.94,192500.0,204200.0,0,0,0,0,0,0,447,2026-02-03 00:47:10.018762
COMP,25.14,25.14,25.15,143000.0,137300.0,0,0,0,0,0,0,447,2026-02-03 00:47:10.018762
RITC,9.94,9.93,9.94,192500.0,201500.0,0,0,0,0,0,0,448,2026-02-03 00:47:11.037617
COMP,25.13,25.13,25.15,143600.0,137400.0,0,0,0,0,0,0,448,2026-02-03 00:47:11.037617
RITC,9.95,9.93,9.95,192500.0,205700.0,0,0,0,0,0,0,449,2026-02-03 00:47:12.061072
COMP,25.13,25.13,25.15,143600.0,137000.0,0,0,0,0,0,0,449,2026-02-03 00:47:12.061072
RITC,9.95,9.93,9.95,192100.0,204500.0,0,0,0,0,0,0,450,2026-02-03 00:47:13.080151
COMP,25.12,25.12,25.15,144600.0,137000.0,0,0,0,0,0,0,450,2026-02-03 00:47:13.080151
RITC,9.95,9.94,9.95,194600.0,204500.0,0,0,0,0,0,0,451,2026-02-03 00:47:14.100841
COMP,25.12,25.12,25.15,144600.0,136100.0,0,0,0,0,0,0,451,2026-02-03 00:47:14.100841
RITC,9.95,9.95,9.96,194500.0,203900.0,0,0,0,0,0,0,452,2026-02-03 00:47:15.119422
COMP,25.11,25.11,25.15,146500.0,136100.0,0,0,0,0,0,0,452,2026-02-03 00:47:15.119422
RITC,9.96,9.96,9.97,197100.0,203700.0,0,0,0,0,0,0,453,2026-02-03 00:47:16.140689
COMP,25.1,25.1,25.12,147000.0,137400.0,0,0,0,0,0,0,453,2026-02-03 00:47:16.140689
RITC,9.96,9.96,9.97,198300.0,203700.0,0,0,0,0,0,0,454,2026-02-03 00:47:17.162805
COMP,25.1,25.1,25.12,147000.0,136600.0,0,0,0,0,0,0,454,2026-02-03 00:47:17.162805
RITC,9.97,9.97,9.98,198400.0,206400.0,0,0,0,0,0,0,455,2026-02-03 00:47:18.180351
COMP,25.09,25.09,25.12,146600.0,136600.0,0,0,0,0,0,0,455,2026-02-03 00:47:18.180351
RITC,9.97,9.97,9.98,199100.0,206400.0,0,0,0,0,0,0,456,2026-02-03 00:47:19.199053
COMP,25.09,25.09,25.12,145900.0,136600.0,0,0,0,0,0,0,456,2026-02-03 00:47:19.199053
RITC,9.98,9.97,9.98,199100.0,203900.0,0,0,0,0,0,0,457,2026-02-03 00:47:20.217884
COMP,25.09,25.09,25.12,145900.0,137000.0,0,0,0,0,0,0,457,2026-02-03 00:47:20.217884
RITC,9.98,9.97,9.98,201600.0,204300.0,0,0,0,0,0,0,458,2026-02-03 00:47:21.244065
COMP,25.08,25.08,25.12,144700.0,137000.0,0,0,0,0,0,0,458,2026-02-03 00:47:21.244065
RITC,9.99,9.97,9.99,201600.0,199300.0,0,0,0,0,0,0,459,2026-02-03 00:47:22.263297
COMP,25.08,25.08,25.1,146700.0,136200.0,0,0,0,0,0,0,459,2026-02-03 00:47:22.263297
RITC,9.99,9.97,9.99,201000.0,198200.0,0,0,0,0,0,0,460,2026-02-03 00:47:23.286545
COMP,25.08,25.08,25.1,144700.0,136200.0,0,0,0,0,0,0,460,2026-02-03 00:47:23.286545
RITC,9.99,9.97,9.99,201000.0,197800.0,0,0,0,0,0,0,461,2026-02-03 00:47:24.310985
COMP,25.08,25.08,25.1,144700.0,137300.0,0,0,0,0,0,0,461,2026-02-03 00:47:24.310985
RITC,9.99,9.99,10.0,201600.0,200000.0,0,0,0,0,0,0,462,2026-02-03 00:47:25.335933
COMP,25.08,25.08,25.1,144700.0,137900.0,0,0,0,0,0,0,462,2026-02-03 00:47:25.335933
RITC,10.0,9.99,10.0,202600.0,202500.0,0,0,0,0,0,0,463,2026-02-03 00:47:26.357301
COMP,25.08,25.08,25.1,145100.0,137900.0,0,0,0,0,0,0,463,2026-02-03 00:47:26.357301
RITC,10.0,9.99,10.0,202600.0,204600.0,0,0,0,0,0,0,464,2026-02-03 00:47:27.380680
COMP,25.08,25.08,25.1,145100.0,140400.0,0,0,0,0,0,0,464,2026-02-03 00:47:27.380680
RITC,10.0,9.99,10.0,203100.0,204600.0,0,0,0,0,0,0,465,2026-02-03 00:47:28.402846
COMP,25.08,25.08,25.1,145100.0,140000.0,0,0,0,0,0,0,465,2026-02-03 00:47:28.402846
RITC,10.01,9.99,10.01,203100.0,204200.0,0,0,0,0,0,0,466,2026-02-03 00:47:29.427469
COMP,25.08,25.08,25.09,145100.0,141300.0,0,0,0,0,0,0,466,2026-02-03 00:47:29.427469
RITC,10.01,9.99,10.01,204000.0,204200.0,0,0,0,0,0,0,467,2026-02-03 00:47:29.955765
COMP,25.08,25.08,25.09,145100.0,142500.0,0,0,0,0,0,0,467,2026-02-03 00:47:29.955765
RITC,10.01,9.99,10.01,204000.0,201700.0,0,0,0,0,0,0,468,2026-02-03 00:47:30.984218
COMP,25.08,25.08,25.09,145100.0,142000.0,0,0,0,0,0,0,468,2026-02-03 00:47:30.984218
RITC,10.01,10.0,10.01,204500.0,201700.0,0,0,0,0,0,0,469,2026-02-03 00:47:32.008977
COMP,25.07,25.07,25.09,146600.0,142000.0,0,0,0,0,0,0,469,2026-02-03 00:47:32.008977
RITC,10.01,10.0,10.01,201600.0,198500.0,0,0,0,0,0,0,470,2026-02-03 00:47:33.030117
COMP,25.07,25.06,25.07,146500.0,142200.0,0,0,0,0,0,0,470,2026-02-03 00:47:33.030117
RITC,10.01,10.0,10.01,199500.0,198500.0,0,0,0,0,0,0,471,2026-02-03 00:47:34.050447
COMP,25.06,25.06,25.07,145500.0,142500.0,0,0,0,0,0,0,471,2026-02-03 00:47:34.050447
RITC,10.03,10.0,10.03,200000.0,199700.0,0,0,0,0,0,0,472,2026-02-03 00:47:35.074666
COMP,25.06,25.06,25.07,145500.0,142500.0,0,0,0,0,0,0,472,2026-02-03 00:47:35.074666
RITC,10.03,10.0,10.03,203400.0,199700.0,0,0,0,0,0,0,473,2026-02-03 00:47:36.099765
COMP,25.06,25.06,25.07,144600.0,142500.0,0,0,0,0,0,0,473,2026-02-03 00:47:36.099765
RITC,10.04,10.0,10.04,206500.0,201000.0,0,0,0,0,0,0,474,2026-02-03 00:47:37.127307
COMP,25.06,25.06,25.07,144600.0,144600.0,0,0,0,0,0,0,474,2026-02-03 00:47:37.127307
RITC,10.04,10.04,10.05,208700.0,201300.0,0,0,0,0,0,0,475,2026-02-03 00:47:38.152052
COMP,25.05,25.05,25.07,142400.0,144600.0,0,0,0,0,0,0,475,2026-02-03 00:47:38.152052
RITC,10.05,10.04,10.05,208700.0,202100.0,0,0,0,0,0,0,476,2026-02-03 00:47:39.175109
COMP,25.05,25.05,25.07,142400.0,143100.0,0,0,0,0,0,0,476,2026-02-03 00:47:39.175109
RITC,10.04,10.0,10.01,206500.0,201300.0,0,0,0,0,0,0,477,2026-02-03 00:47:40.198724
COMP,25.04,25.04,25.07,142300.0,143100.0,0,0,0,0,0,0,477,2026-02-03 00:47:40.198724
RITC,10.04,10.0,10.01,210500.0,201300.0,0,0,0,0,0,0,478,2026-02-03 00:47:41.223283
COMP,25.03,25.03,25.07,143300.0,143100.0,0,0,0,0,0,0,478,2026-02-03 00:47:41.223283
RITC,10.01,10.0,10.01,211200.0,201300.0,0,0,0,0,0,0,479,2026-02-03 00:47:42.244717
COMP,25.03,25.03,25.07,143300.0,142100.0,0,0,0,0,0,0,479,2026-02-03 00:47:42.244717
RITC,10.01,10.03,10.05,207800.0,202100.0,0,0,0,0,0,0,480,2026-02-03 00:47:43.266155
COMP,25.03,25.03,25.07,141700.0,142100.0,0,0,0,0,0,0,480,2026-02-03 00:47:43.266155
RITC,10.01,10.04,10.05,209700.0,202100.0,0,0,0,0,0,0,481,2026-02-03 00:47:44.291066
COMP,25.03,25.03,25.07,139800.0,142100.0,0,0,0,0,0,0,481,2026-02-03 00:47:44.291066
RITC,10.05,10.04,10.05,209700.0,201400.0,0,0,0,0,0,0,482,2026-02-03 00:47:45.311037
COMP,25.03,25.03,25.07,139800.0,141800.0,0,0,0,0,0,0,482,2026-02-03 00:47:45.311037
RITC,10.05,10.04,10.05,209200.0,202800.0,0,0,0,0,0,0,483,2026-02-03 00:47:46.333555
COMP,25.03,25.03,25.04,139800.0,143900.0,0,0,0,0,0,0,483,2026-02-03 00:47:46.333555
RITC,10.06,10.04,10.06,207000.0,204300.0,0,0,0,0,0,0,484,2026-02-03 00:47:47.358628
COMP,25.02,25.02,25.04,136800.0,143900.0,0,0,0,0,0,0,484,2026-02-03 00:47:47.358628
RITC,10.06,10.04,10.06,206800.0,204300.0,0,0,0,0,0,0,485,2026-02-03 00:47:48.381724
COMP,25.02,25.02,25.04,138200.0,143900.0,0,0,0,0,0,0,485,2026-02-03 00:47:48.381724
RITC,10.06,10.04,10.06,206800.0,206100.0,0,0,0,0,0,0,486,2026-02-03 00:47:49.404766
COMP,25.01,25.01,25.04,138500.0,143900.0,0,0,0,0,0,0,486,2026-02-03 00:47:49.404766
RITC,10.07,10.05,10.07,206500.0,204400.0,0,0,0,0,0,0,487,2026-02-03 00:47:50.425308
COMP,25.01,25.01,25.02,138500.0,145100.0,0,0,0,0,0,0,487,2026-02-03 00:47:50.425308
RITC,10.07,10.06,10.07,207200.0,204400.0,0,0,0,0,0,0,488,2026-02-03 00:47:51.451338
COMP,25.0,25.0,25.02,138000.0,145100.0,0,0,0,0,0,0,488,2026-02-03 00:47:51.451338
RITC,10.07,10.06,10.07,207300.0,204400.0,0,0,0,0,0,0,489,2026-02-03 00:47:52.475212
COMP,25.0,25.0,25.02,138000.0,143900.0,0,0,0,0,0,0,489,2026-02-03 00:47:52.475212
RITC,10.07,10.07,10.08,208800.0,204500.0,0,0,0,0,0,0,490,2026-02-03 00:47:53.524194
COMP,25.0,25.0,25.02,138000.0,142400.0,0,0,0,0,0,0,490,2026-02-03 00:47:53.524194
RITC,10.08,10.07,10.08,208800.0,201800.0,0,0,0,0,0,0,491,2026-02-03 00:47:54.549690
COMP,25.0,25.0,25.02,137500.0,141700.0,0,0,0,0,0,0,491,2026-02-03 00:47:54.549690
RITC,10.08,10.07,10.08,207200.0,199100.0,0,0,0,0,0,0,492,2026-02-03 00:47:55.570099
COMP,25.0,25.0,25.02,136300.0,139700.0,0,0,0,0,0,0,492,2026-02-03 00:47:55.570099
RITC,10.08,10.07,10.08,206100.0,199100.0,0,0,0,0,0,0,493,2026-02-03 00:47:56.088215
COMP,25.0,25.0,25.02,136300.0,139700.0,0,0,0,0,0,0,493,2026-02-03 00:47:56.088215
RITC,10.08,10.07,10.08,202300.0,199100.0,0,0,0,0,0,0,494,2026-02-03 00:47:57.120820
COMP,25.0,25.0,25.02,135600.0,139700.0,0,0,0,0,0,0,494,2026-02-03 00:47:57.120820
RITC,10.08,10.08,10.09,200800.0,198000.0,0,0,0,0,0,0,495,2026-02-03 00:47:58.143680
COMP,24.98,24.98,25.02,134100.0,139700.0,0,0,0,0,0,0,495,2026-02-03 00:47:58.143680
RITC,10.08,10.08,10.09,204600.0,198000.0,0,0,0,0,0,0,496,2026-02-03 00:47:59.165372
COMP,24.98,24.98,25.02,134100.0,141400.0,0,0,0,0,0,0,496,2026-02-03 00:47:59.165372
RITC,10.08,10.08,10.09,204200.0,198000.0,0,0,0,0,0,0,497,2026-02-03 00:48:00.193377
COMP,24.98,24.98,25.02,131800.0,141400.0,0,0,0,0,0,0,497,2026-02-03 00:48:00.193377
RITC,10.09,10.09,10.1,207200.0,197900.0,0,0,0,0,0,0,498,2026-02-03 00:48:01.213579
COMP,24.96,24.96,25.02,133300.0,141400.0,0,0,0,0,0,0,498,2026-02-03 00:48:01.213579
RITC,10.09,10.09,10.1,208500.0,197900.0,0,0,0,0,0,0,499,2026-02-03 00:48:02.239152
COMP,24.96,24.96,25.02,134000.0,141400.0,0,0,0,0,0,0,499,2026-02-03 00:48:02.239152
RITC,10.09,10.09,10.1,207400.0,197900.0,0,0,0,0,0,0,500,2026-02-03 00:48:03.265244
COMP,24.96,24.96,25.02,134000.0,141700.0,0,0,0,0,0,0,500,2026-02-03 00:48:03.265244
RITC,10.09,10.09,10.1,206600.0,197900.0,0,0,0,0,0,0,501,2026-02-03 00:48:04.289223
COMP,24.96,24.96,24.98,133700.0,142900.0,0,0,0,0,0,0,501,2026-02-03 00:48:04.289223
RITC,10.1,10.09,10.1,206600.0,197900.0,0,0,0,0,0,0,502,2026-02-03 00:48:05.312986
COMP,24.96,24.96,24.98,133700.0,142900.0,0,0,0,0,0,0,502,2026-02-03 00:48:05.312986
RITC,10.1,10.09,10.1,206300.0,197900.0,0,0,0,0,0,0,503,2026-02-03 00:48:06.350714
COMP,24.96,24.96,24.98,133700.0,142400.0,0,0,0,0,0,0,503,2026-02-03 00:48:06.350714
RITC,10.1,10.09,10.1,206300.0,203500.0,0,0,0,0,0,0,504,2026-02-03 00:48:07.391894
COMP,24.96,24.96,24.97,133700.0,143700.0,0,0,0,0,0,0,504,2026-02-03 00:48:07.391894
RITC,10.1,10.09,10.1,207200.0,205300.0,0,0,0,0,0,0,505,2026-02-03 00:48:08.430191
COMP,24.96,24.95,24.96,133700.0,144300.0,0,0,0,0,0,0,505,2026-02-03 00:48:08.430191
RITC,10.1,10.09,10.1,206400.0,205300.0,0,0,0,0,0,0,506,2026-02-03 00:48:09.462788
COMP,24.95,24.95,24.96,134600.0,144300.0,0,0,0,0,0,0,506,2026-02-03 00:48:09.462788
RITC,10.11,10.09,10.11,206400.0,183000.0,0,0,0,0,0,0,507,2026-02-03 00:48:10.490075
COMP,24.94,24.94,24.96,138900.0,144300.0,0,0,0,0,0,0,507,2026-02-03 00:48:10.490075
RITC,10.11,10.09,10.11,208100.0,172400.0,0,0,0,0,0,0,508,2026-02-03 00:48:11.515229
COMP,24.94,24.94,24.96,140100.0,144300.0,0,0,0,0,0,0,508,2026-02-03 00:48:11.515229
RITC,10.12,10.09,10.12,211600.0,161100.0,0,0,0,0,0,0,509,2026-02-03 00:48:12.548808
COMP,24.94,24.94,24.96,141200.0,143900.0,0,0,0,0,0,0,509,2026-02-03 00:48:12.548808
RITC,10.09,10.09,10.12,211600.0,161100.0,0,0,0,0,0,0,510,2026-02-03 00:48:13.569783
COMP,24.94,24.94,24.96,140600.0,143900.0,0,0,0,0,0,0,510,2026-02-03 00:48:13.569783
RITC,10.09,10.11,10.12,208800.0,161100.0,0,0,0,0,0,0,511,2026-02-03 00:48:14.591484
COMP,24.93,24.93,24.96,140800.0,144900.0,0,0,0,0,0,0,511,2026-02-03 00:48:14.591484
RITC,10.09,10.11,10.12,206400.0,161100.0,0,0,0,0,0,0,512,2026-02-03 00:48:15.611950
COMP,24.93,24.93,24.96,142000.0,144900.0,0,0,0,0,0,0,512,2026-02-03 00:48:15.611950
RITC,10.14,10.11,10.14,206400.0,149400.0,0,0,0,0,0,0,513,2026-02-03 00:48:16.640571
COMP,24.93,24.93,24.96,142000.0,144400.0,0,0,0,0,0,0,513,2026-02-03 00:48:16.640571
RITC,10.15,10.15,10.16,203100.0,131900.0,0,0,0,0,0,0,514,2026-02-03 00:48:17.670210
COMP,24.93,24.93,24.94,142000.0,143700.0,0,0,0,0,0,0,514,2026-02-03 00:48:17.670210
RITC,10.15,10.13,10.14,204500.0,140000.0,0,0,0,0,0,0,515,2026-02-03 00:48:18.195479
COMP,24.93,24.93,24.94,142100.0,143700.0,0,0,0,0,0,0,515,2026-02-03 00:48:18.195479
RITC,10.14,10.14,10.16,203100.0,131900.0,0,0,0,0,0,0,516,2026-02-03 00:48:19.216589
COMP,24.92,24.92,24.94,144400.0,143700.0,0,0,0,0,0,0,516,2026-02-03 00:48:19.216589
RITC,10.13,10.13,10.14,204500.0,139800.0,0,0,0,0,0,0,517,2026-02-03 00:48:20.244642
COMP,24.92,24.92,24.94,145300.0,145500.0,0,0,0,0,0,0,517,2026-02-03 00:48:20.244642
RITC,10.16,10.15,10.16,206200.0,131900.0,0,0,0,0,0,0,518,2026-02-03 00:48:21.268142
COMP,24.92,24.92,24.94,145300.0,144800.0,0,0,0,0,0,0,518,2026-02-03 00:48:21.268142
RITC,10.16,10.15,10.16,206200.0,121600.0,0,0,0,0,0,0,519,2026-02-03 00:48:22.297059
COMP,24.92,24.92,24.94,145300.0,143700.0,0,0,0,0,0,0,519,2026-02-03 00:48:22.297059
RITC,10.16,10.15,10.16,204000.0,120200.0,0,0,0,0,0,0,520,2026-02-03 00:48:23.320638
COMP,24.92,24.92,24.93,144000.0,143700.0,0,0,0,0,0,0,520,2026-02-03 00:48:23.320638
RITC,10.15,10.15,10.16,204000.0,130000.0,0,0,0,0,0,0,521,2026-02-03 00:48:24.339848
COMP,24.92,24.92,24.93,144000.0,141200.0,0,0,0,0,0,0,521,2026-02-03 00:48:24.339848
RITC,10.15,10.14,10.15,200600.0,139200.0,0,0,0,0,0,0,522,2026-02-03 00:48:25.364081
COMP,24.91,24.91,24.93,144500.0,141200.0,0,0,0,0,0,0,522,2026-02-03 00:48:25.364081
RITC,10.15,10.14,10.16,200300.0,130000.0,0,0,0,0,0,0,523,2026-02-03 00:48:26.392284
COMP,24.91,24.91,24.93,144500.0,140500.0,0,0,0,0,0,0,523,2026-02-03 00:48:26.392284
RITC,10.16,10.15,10.16,200000.0,130000.0,0,0,0,0,0,0,524,2026-02-03 00:48:27.418098
COMP,24.91,24.91,24.93,144900.0,140100.0,0,0,0,0,0,0,524,2026-02-03 00:48:27.418098
RITC,10.16,10.16,10.17,199700.0,129600.0,0,0,0,0,0,0,525,2026-02-03 00:48:28.444422
COMP,24.91,24.91,24.93,145100.0,140100.0,0,0,0,0,0,0,525,2026-02-03 00:48:28.444422
RITC,10.17,10.16,10.17,199700.0,120500.0,0,0,0,0,0,0,526,2026-02-03 00:48:29.477515
COMP,24.91,24.91,24.92,144100.0,138400.0,0,0,0,0,0,0,526,2026-02-03 00:48:29.477515
RITC,10.16,10.15,10.16,200000.0,139600.0,0,0,0,0,0,0,527,2026-02-03 00:48:30.514033
COMP,24.91,24.91,24.92,144100.0,138800.0,0,0,0,0,0,0,527,2026-02-03 00:48:30.514033
RITC,10.16,10.16,10.17,199200.0,129000.0,0,0,0,0,0,0,528,2026-02-03 00:48:31.544786
COMP,24.9,24.9,24.92,142900.0,139500.0,0,0,0,0,0,0,528,2026-02-03 00:48:31.544786
RITC,10.16,10.16,10.17,197900.0,129000.0,0,0,0,0,0,0,529,2026-02-03 00:48:32.578409
COMP,24.9,24.9,24.92,143900.0,139500.0,0,0,0,0,0,0,529,2026-02-03 00:48:32.578409
RITC,10.17,10.16,10.17,198600.0,108100.0,0,0,0,0,0,0,530,2026-02-03 00:48:33.604952
COMP,24.9,24.9,24.92,143900.0,139500.0,0,0,0,0,0,0,530,2026-02-03 00:48:33.604952
RITC,10.17,10.16,10.17,198500.0,99500.0,0,0,0,0,0,0,531,2026-02-03 00:48:34.636054
COMP,24.9,24.9,24.92,143900.0,138800.0,0,0,0,0,0,0,531,2026-02-03 00:48:34.636054
RITC,10.18,10.16,10.18,198500.0,98600.0,0,0,0,0,0,0,532,2026-02-03 00:48:35.657619
COMP,24.9,24.9,24.92,143900.0,138400.0,0,0,0,0,0,0,532,2026-02-03 00:48:35.657619
RITC,10.18,10.16,10.18,198300.0,99000.0,0,0,0,0,0,0,533,2026-02-03 00:48:36.681587
COMP,24.9,24.9,24.92,144300.0,138400.0,0,0,0,0,0,0,533,2026-02-03 00:48:36.681587
RITC,10.18,10.18,10.19,198800.0,99800.0,0,0,0,0,0,0,534,2026-02-03 00:48:37.704094
COMP,24.89,24.89,24.92,143300.0,138400.0,0,0,0,0,0,0,534,2026-02-03 00:48:37.704094
RITC,10.2,10.18,10.2,197800.0,102600.0,0,0,0,0,0,0,535,2026-02-03 00:48:38.726052
COMP,24.89,24.89,24.92,142400.0,138400.0,0,0,0,0,0,0,535,2026-02-03 00:48:38.726052
RITC,10.2,10.18,10.2,197300.0,102600.0,0,0,0,0,0,0,536,2026-02-03 00:48:39.750195
COMP,24.89,24.89,24.91,142400.0,138500.0,0,0,0,0,0,0,536,2026-02-03 00:48:39.750195
RITC,10.2,10.19,10.2,194300.0,102600.0,0,0,0,0,0,0,537,2026-02-03 00:48:40.776883
COMP,24.89,24.89,24.91,141700.0,138500.0,0,0,0,0,0,0,537,2026-02-03 00:48:40.776883
RITC,10.2,10.2,10.21,194100.0,101500.0,0,0,0,0,0,0,538,2026-02-03 00:48:41.297308
COMP,24.88,24.88,24.91,140000.0,138500.0,0,0,0,0,0,0,538,2026-02-03 00:48:41.297308
RITC,10.21,10.2,10.21,194100.0,103600.0,0,0,0,0,0,0,539,2026-02-03 00:48:42.320372
COMP,24.88,24.88,24.91,138800.0,138500.0,0,0,0,0,0,0,539,2026-02-03 00:48:42.320372
RITC,10.21,10.22,10.26,196200.0,102600.0,0,0,0,0,0,0,540,2026-02-03 00:48:43.344345
COMP,24.88,24.88,24.91,138800.0,137500.0,0,0,0,0,0,0,540,2026-02-03 00:48:43.344345
RITC,10.26,10.23,10.26,196200.0,102600.0,0,0,0,0,0,0,541,2026-02-03 00:48:44.372337
COMP,24.88,24.88,24.91,138800.0,137600.0,0,0,0,0,0,0,541,2026-02-03 00:48:44.372337
RITC,10.24,10.24,10.26,193400.0,102600.0,0,0,0,0,0,0,542,2026-02-03 00:48:45.405799
COMP,24.88,24.88,24.89,137100.0,138800.0,0,0,0,0,0,0,542,2026-02-03 00:48:45.405799
RITC,10.24,10.24,10.26,189700.0,102600.0,0,0,0,0,0,0,543,2026-02-03 00:48:46.427534
COMP,24.88,24.88,24.89,137100.0,137800.0,0,0,0,0,0,0,543,2026-02-03 00:48:46.427534
RITC,10.27,10.25,10.27,188200.0,100200.0,0,0,0,0,0,0,544,2026-02-03 00:48:47.502585
COMP,24.88,24.88,24.89,137100.0,137800.0,0,0,0,0,0,0,544,2026-02-03 00:48:47.502585
RITC,10.27,10.33,10.35,191000.0,97900.0,0,0,0,0,0,0,545,2026-02-03 00:48:48.522413
COMP,24.86,24.86,24.87,138800.0,139100.0,0,0,0,0,0,0,545,2026-02-03 00:48:48.522413
RITC,10.27,10.33,10.35,193200.0,97900.0,0,0,0,0,0,0,546,2026-02-03 00:48:49.544816
COMP,24.85,24.85,24.87,136600.0,139100.0,0,0,0,0,0,0,546,2026-02-03 00:48:49.544816
RITC,10.35,10.33,10.35,192600.0,97900.0,0,0,0,0,0,0,547,2026-02-03 00:48:50.570251
COMP,24.85,24.85,24.87,136600.0,139700.0,0,0,0,0,0,0,547,2026-02-03 00:48:50.570251
RITC,10.35,10.33,10.35,194900.0,97900.0,0,0,0,0,0,0,548,2026-02-03 00:48:51.598822
COMP,24.85,24.85,24.87,136600.0,139700.0,0,0,0,0,0,0,548,2026-02-03 00:48:51.598822
RITC,10.34,10.34,10.35,194800.0,97900.0,0,0,0,0,0,0,549,2026-02-03 00:48:52.632808
COMP,24.84,24.84,24.87,139500.0,139800.0,0,0,0,0,0,0,549,2026-02-03 00:48:52.632808
RITC,10.34,10.34,10.35,193500.0,106200.0,0,0,0,0,0,0,550,2026-02-03 00:48:53.685224
COMP,24.83,24.83,24.86,139900.0,142100.0,0,0,0,0,0,0,550,2026-02-03 00:48:53.685224
RITC,10.35,10.34,10.35,193500.0,102600.0,0,0,0,0,0,0,551,2026-02-03 00:48:54.723260
COMP,24.83,24.83,24.86,139000.0,142100.0,0,0,0,0,0,0,551,2026-02-03 00:48:54.723260
RITC,10.35,10.34,10.35,193500.0,99900.0,0,0,0,0,0,0,552,2026-02-03 00:48:55.758129
COMP,24.82,24.82,24.83,140700.0,140700.0,0,0,0,0,0,0,552,2026-02-03 00:48:55.758129
RITC,10.36,10.35,10.36,191900.0,92200.0,0,0,0,0,0,0,553,2026-02-03 00:48:56.792219
COMP,24.81,24.81,24.83,142100.0,140400.0,0,0,0,0,0,0,553,2026-02-03 00:48:56.792219
RITC,10.36,10.35,10.36,189100.0,92200.0,0,0,0,0,0,0,554,2026-02-03 00:48:57.817757
COMP,24.81,24.81,24.83,142100.0,140900.0,0,0,0,0,0,0,554,2026-02-03 00:48:57.817757
RITC,10.41,10.36,10.41,190700.0,91800.0,0,0,0,0,0,0,555,2026-02-03 00:48:58.843539
COMP,24.81,24.81,24.83,142100.0,143100.0,0,0,0,0,0,0,555,2026-02-03 00:48:58.843539
RITC,10.41,10.4,10.41,191400.0,100400.0,0,0,0,0,0,0,556,2026-02-03 00:48:59.868127
COMP,24.81,24.81,24.83,141600.0,143100.0,0,0,0,0,0,0,556,2026-02-03 00:48:59.868127
RITC,10.41,10.4,10.41,191000.0,100400.0,0,0,0,0,0,0,557,2026-02-03 00:49:00.385567
COMP,24.81,24.8,24.81,141200.0,144000.0,0,0,0,0,0,0,557,2026-02-03 00:49:00.385567
RITC,10.4,10.4,10.41,191500.0,92500.0,0,0,0,0,0,0,558,2026-02-03 00:49:01.437322
COMP,24.8,24.8,24.81,138600.0,144000.0,0,0,0,0,0,0,558,2026-02-03 00:49:01.437322
RITC,10.42,10.43,10.46,193000.0,93200.0,0,0,0,0,0,0,559,2026-02-03 00:49:02.465418
COMP,24.8,24.8,24.81,138600.0,144000.0,0,0,0,0,0,0,559,2026-02-03 00:49:02.465418
RITC,10.42,10.43,10.46,197100.0,93200.0,0,0,0,0,0,0,560,2026-02-03 00:49:03.492759
COMP,24.94,24.8,24.81,138600.0,142600.0,0,0,0,0,0,0,560,2026-02-03 00:49:03.492759
RITC,10.46,10.46,10.48,197000.0,93800.0,0,0,0,0,0,0,561,2026-02-03 00:49:04.522349
COMP,24.78,24.78,24.81,137200.0,142600.0,0,0,0,0,0,0,561,2026-02-03 00:49:04.522349
RITC,10.46,10.47,10.48,197300.0,93800.0,,0,0,0,0,0,562,2026-02-03 00:49:05.544951
COMP,24.78,24.78,24.83,131000.0,142800.0,5000.0,0,0,0,0,0,562,2026-02-03 00:49:05.544951
RITC,10.46,10.47,10.48,197200.0,93800.0,0,0,0,0,0,0,563,2026-02-03 00:49:06.580180
COMP,24.76,24.76,24.83,138100.0,142800.0,0,0,0,0,0,0,563,2026-02-03 00:49:06.580180
RITC,10.48,10.49,10.5,195000.0,93000.0,,0,0,0,0,0,564,2026-02-03 00:49:07.607243
COMP,24.76,24.76,24.83,130200.0,141500.0,5000.0,0,0,0,0,0,564,2026-02-03 00:49:07.607243
RITC,10.5,10.5,10.51,196800.0,95300.0,0,0,0,0,0,0,565,2026-02-03 00:49:08.633010
COMP,24.74,24.74,24.83,139500.0,141400.0,0,0,0,0,0,0,565,2026-02-03 00:49:08.633010
RITC,10.5,10.5,10.51,196800.0,103400.0,,0,0,0,0,0,566,2026-02-03 00:49:09.653731
COMP,24.74,24.74,24.76,132300.0,142200.0,5000.0,0,0,0,0,0,566,2026-02-03 00:49:09.653731
RITC,10.5,10.5,10.51,196800.0,122200.0,,0,0,0,0,0,567,2026-02-03 00:49:10.676231
COMP,24.74,24.74,24.76,132300.0,143600.0,5000.0,0,0,0,0,0,567,2026-02-03 00:49:10.676231
RITC,10.5,10.5,10.51,199400.0,122200.0,,0,0,0,0,0,568,2026-02-03 00:49:11.703910
COMP,24.74,24.74,24.76,133200.0,143600.0,5000.0,0,0,0,0,0,568,2026-02-03 00:49:11.703910
RITC,10.47,10.47,10.51,197200.0,122200.0,,0,0,0,0,0,569,2026-02-03 00:49:12.780848
COMP,24.74,24.74,24.75,133200.0,144000.0,5000.0,0,0,0,0,0,569,2026-02-03 00:49:12.780848
RITC,10.47,10.47,10.51,197200.0,122200.0,0,0,0,0,0,0,570,2026-02-03 00:49:13.819963
COMP,24.73,24.73,24.75,140900.0,144000.0,0,0,0,0,0,0,570,2026-02-03 00:49:13.819963
RITC,10.5,10.5,10.51,197600.0,122200.0,,0,0,0,0,0,571,2026-02-03 00:49:14.849597
COMP,24.73,24.73,24.75,132900.0,144000.0,5000.0,0,0,0,0,0,571,2026-02-03 00:49:14.849597
RITC,10.5,10.5,10.51,197600.0,130500.0,,0,0,0,0,0,572,2026-02-03 00:49:15.878027
COMP,24.73,24.73,24.75,132900.0,143300.0,5000.0,0,0,0,0,0,572,2026-02-03 00:49:15.878027
RITC,10.51,10.5,10.51,195000.0,131100.0,0,0,0,0,0,0,573,2026-02-03 00:49:16.910114
COMP,24.76,24.72,24.76,142100.0,143600.0,0,0,0,0,0,0,573,2026-02-03 00:49:16.910114
RITC,10.51,10.5,10.51,195000.0,114700.0,0,0,0,0,0,0,574,2026-02-03 00:49:17.948470
COMP,24.8,24.72,24.8,142600.0,143900.0,0,0,0,0,0,0,574,2026-02-03 00:49:17.948470
RITC,10.51,10.5,10.51,195000.0,122600.0,0,0,0,0,0,0,575,2026-02-03 00:49:18.483462
COMP,24.83,24.72,24.74,142600.0,143000.0,0,0,0,0,0,0,575,2026-02-03 00:49:18.483462
RITC,10.51,10.5,10.51,195000.0,124200.0,0,0,0,0,0,0,576,2026-02-03 00:49:19.519153
COMP,24.72,24.72,24.74,141800.0,143000.0,0,0,0,0,0,0,576,2026-02-03 00:49:19.519153
RITC,10.5,10.49,10.5,196100.0,143300.0,0,0,0,0,0,0,577,2026-02-03 00:49:20.552255
COMP,24.71,24.71,24.73,140500.0,144000.0,0,0,0,0,0,0,577,2026-02-03 00:49:20.552255
RITC,10.49,10.49,10.5,196100.0,153200.0,0,0,0,0,0,0,578,2026-02-03 00:49:21.601488
COMP,24.71,24.71,24.73,140500.0,144000.0,0,0,0,0,0,0,578,2026-02-03 00:49:21.601488
RITC,10.48,10.48,10.49,199000.0,162900.0,0,0,0,0,0,0,579,2026-02-03 00:49:22.638554
COMP,24.71,24.71,24.73,141800.0,144000.0,0,0,0,0,0,0,579,2026-02-03 00:49:22.638554
RITC,10.48,10.48,10.49,195700.0,162900.0,0,0,0,0,0,0,580,2026-02-03 00:49:23.663464
COMP,24.73,24.7,24.74,143500.0,143000.0,0,0,0,0,0,0,580,2026-02-03 00:49:23.663464
RITC,10.48,10.48,10.49,193200.0,172200.0,0,0,0,0,0,0,581,2026-02-03 00:49:24.694428
COMP,24.73,24.7,24.74,143500.0,143000.0,0,0,0,0,0,0,581,2026-02-03 00:49:24.694428
RITC,10.48,10.48,10.49,194400.0,172200.0,0,0,0,0,0,0,582,2026-02-03 00:49:25.719352
COMP,24.76,24.69,24.76,143600.0,143900.0,0,0,0,0,0,0,582,2026-02-03 00:49:25.719352
RITC,10.47,10.47,10.48,196900.0,192200.0,0,0,0,0,0,0,583,2026-02-03 00:49:26.742192
COMP,24.76,24.78,24.83,143800.0,143700.0,0,0,0,0,0,0,583,2026-02-03 00:49:26.742192
RITC,10.48,10.47,10.48,196900.0,192200.0,0,0,0,0,0,0,584,2026-02-03 00:49:27.767525
COMP,24.69,24.69,24.83,143800.0,143000.0,0,0,0,0,0,0,584,2026-02-03 00:49:27.767525
RITC,10.45,10.44,10.45,196400.0,249400.0,0,0,0,0,0,0,585,2026-02-03 00:49:28.793920
COMP,24.69,24.69,24.73,218300.0,143600.0,0,0,0,0,0,0,585,2026-02-03 00:49:28.793920
RITC,10.45,10.46,10.48,358100.0,192200.0,0,0,0,0,0,0,586,2026-02-03 00:49:29.837107
COMP,24.69,24.69,24.73,281300.0,143600.0,0,0,0,0,0,0,586,2026-02-03 00:49:29.837107
RITC,10.45,10.46,10.48,358100.0,192200.0,0,0,0,0,0,0,587,2026-02-03 00:49:30.872627
COMP,24.69,24.66,24.67,285100.0,291200.0,0,0,0,0,0,0,587,2026-02-03 00:49:30.872627
RITC,10.44,10.43,10.44,276200.0,322800.0,0,0,0,0,0,0,588,2026-02-03 00:49:31.922171
COMP,24.67,24.7,24.73,426400.0,215500.0,0,0,0,0,0,0,588,2026-02-03 00:49:31.922171
RITC,10.42,10.42,10.43,275100.0,322400.0,0,0,0,0,0,0,589,2026-02-03 00:49:32.956044
COMP,24.7,24.7,24.73,502500.0,215500.0,0,0,0,0,0,0,589,2026-02-03 00:49:32.956044
RITC,10.41,10.41,10.43,269000.0,322400.0,0,0,0,0,0,0,590,2026-02-03 00:49:33.989040
COMP,24.75,24.75,24.83,584000.0,143000.0,0,0,0,0,0,0,590,2026-02-03 00:49:33.989040
RITC,10.41,10.4,10.41,262100.0,394400.0,0,0,0,0,0,0,591,2026-02-03 00:49:35.018628
COMP,24.75,24.75,24.83,584000.0,204500.0,0,0,0,0,0,0,591,2026-02-03 00:49:35.018628
RITC,10.41,10.4,10.41,262100.0,471300.0,0,0,0,0,0,0,592,2026-02-03 00:49:35.549853
COMP,24.75,24.8,24.83,667400.0,204500.0,0,0,0,0,0,0,592,2026-02-03 00:49:35.549853
RITC,10.43,10.4,10.43,322800.0,399300.0,0,0,0,0,0,0,593,2026-02-03 00:49:36.588378
COMP,24.75,24.8,24.83,671400.0,204500.0,0,0,0,0,0,0,593,2026-02-03 00:49:36.588378
RITC,10.39,10.39,10.43,320300.0,453600.0,0,0,0,0,0,0,594,2026-02-03 00:49:37.619117
COMP,24.75,24.8,24.83,671400.0,361100.0,0,0,0,0,0,0,594,2026-02-03 00:49:37.619117
RITC,10.33,10.33,10.43,190900.0,518100.0,0,0,0,0,0,0,595,2026-02-03 00:49:38.642987
COMP,24.75,24.8,24.83,671400.0,492300.0,0,0,0,0,0,0,595,2026-02-03 00:49:38.642987
RITC,10.33,10.33,10.35,190900.0,666300.0,0,0,0,0,0,0,596,2026-02-03 00:49:39.673380
COMP,24.75,24.8,24.83,671400.0,573000.0,0,0,0,0,0,0,596,2026-02-03 00:49:39.673380
RITC,10.35,10.33,10.35,190900.0,737700.0,0,0,0,0,0,0,597,2026-02-03 00:49:40.704662
COMP,24.8,24.8,24.83,671400.0,656500.0,0,0,0,0,0,0,597,2026-02-03 00:49:40.704662
RITC,10.36,10.33,10.36,268000.0,660600.0,0,0,0,0,0,0,598,2026-02-03 00:49:41.731082
COMP,24.8,24.8,24.83,671400.0,730300.0,0,0,0,0,0,0,598,2026-02-03 00:49:41.731082
RITC,10.36,10.35,10.36,408100.0,660600.0,0,0,0,0,0,0,599,2026-02-03 00:49:42.754897
COMP,24.79,24.75,24.77,584000.0,812500.0,0,0,0,0,0,0,599,2026-02-03 00:49:42.754897
