ticker,last_price,bid_price,ask_price,BUY_ANON,SELL_ANON,BUY_GIOT-1,SELL_GIOT-2,BUY_GIOT-3,BUY_GIOT-2,SELL_GIOT-1,SELL_GIOT-3,tick,timestamp,news_news_id,news_period,news_tick,news_ticker,news_headline,news_body
RITC,9.99,9.99,10.0,203000.0,196700.0,0,0,0,0,0,0,1,2026-02-03 02:08:34.612013,1.0,1.0,1.0,,Welcome to the RITC 2026 Liquidity Risk Case - practice server,Good Luck!
COMP,0.0,24.99,25.01,136900.0,141600.0,0,0,0,0,0,0,1,2026-02-03 02:08:34.612013,,,,,,
RITC,9.99,9.99,10.0,203000.0,192000.0,0,0,0,0,0,0,2,2026-02-03 02:08:35.663151
COMP,25.01,24.99,25.01,139000.0,141600.0,0,0,0,0,0,0,2,2026-02-03 02:08:35.663151
RITC,9.98,9.98,10.0,202900.0,194600.0,0,0,0,0,0,0,3,2026-02-03 02:08:36.713288
COMP,25.01,24.99,25.01,140600.0,141600.0,0,0,0,0,0,0,3,2026-02-03 02:08:36.713288
RITC,9.98,9.98,9.99,202900.0,197000.0,0,0,0,0,0,0,4,2026-02-03 02:08:37.754082
COMP,25.01,24.99,25.01,141300.0,141600.0,0,0,0,0,0,0,4,2026-02-03 02:08:37.754082
RITC,9.98,9.97,9.98,205500.0,197300.0,0,0,0,0,0,0,5,2026-02-03 02:08:38.782026
COMP,25.01,24.99,25.01,141300.0,141600.0,0,0,0,0,0,0,5,2026-02-03 02:08:38.782026
RITC,9.97,9.97,9.98,206300.0,195800.0,0,0,0,0,0,0,6,2026-02-03 02:08:39.830540
COMP,25.01,24.99,25.01,140200.0,141600.0,0,0,0,0,0,0,6,2026-02-03 02:08:39.830540
RITC,9.97,9.97,9.98,206300.0,195000.0,0,0,0,0,0,0,7,2026-02-03 02:08:40.361502
COMP,25.01,24.99,25.01,141800.0,141600.0,0,0,0,0,0,0,7,2026-02-03 02:08:40.361502
RITC,9.97,9.97,9.98,207100.0,197100.0,0,0,0,0,0,0,8,2026-02-03 02:08:41.388362
COMP,25.03,25.02,25.03,144400.0,141500.0,0,0,0,0,0,0,8,2026-02-03 02:08:41.388362
RITC,9.95,9.95,9.97,205200.0,198300.0,0,0,0,0,0,0,9,2026-02-03 02:08:42.412875
COMP,25.03,25.02,25.03,142000.0,141500.0,0,0,0,0,0,0,9,2026-02-03 02:08:42.412875
RITC,9.94,9.94,9.97,184800.0,198300.0,0,0,0,0,0,0,10,2026-02-03 02:08:43.458044
COMP,25.04,25.02,25.04,142000.0,139600.0,0,0,0,0,0,0,10,2026-02-03 02:08:43.458044
RITC,9.94,9.94,9.97,184800.0,198500.0,0,0,0,0,0,0,11,2026-02-03 02:08:44.583579
COMP,25.04,25.02,25.04,142000.0,140400.0,0,0,0,0,0,0,11,2026-02-03 02:08:44.583579
RITC,9.94,9.94,9.97,173600.0,198500.0,0,0,0,0,0,0,12,2026-02-03 02:08:45.612735
COMP,25.06,25.04,25.06,140100.0,138600.0,0,0,0,0,0,0,12,2026-02-03 02:08:45.612735
RITC,9.94,9.94,9.97,163400.0,200200.0,0,0,0,0,0,0,13,2026-02-03 02:08:46.632303
COMP,25.06,25.04,25.06,140100.0,132000.0,0,0,0,0,0,0,13,2026-02-03 02:08:46.632303
RITC,9.92,9.92,9.93,154100.0,200000.0,0,0,0,0,0,0,14,2026-02-03 02:08:47.656301
COMP,25.07,25.04,25.07,141700.0,123600.0,0,0,0,0,0,0,14,2026-02-03 02:08:47.656301
RITC,9.92,9.92,9.93,143200.0,199700.0,0,0,0,0,0,0,15,2026-02-03 02:08:48.675930
COMP,25.07,25.04,25.07,143700.0,123600.0,0,0,0,0,0,0,15,2026-02-03 02:08:48.675930
RITC,9.92,9.91,9.92,134200.0,201100.0,0,0,0,0,0,0,16,2026-02-03 02:08:49.695272
COMP,25.07,25.04,25.07,143700.0,123600.0,0,0,0,0,0,0,16,2026-02-03 02:08:49.695272
RITC,9.91,9.91,9.92,125100.0,201100.0,0,0,0,0,0,0,17,2026-02-03 02:08:50.718455
COMP,25.07,25.05,25.07,143600.0,108900.0,0,0,0,0,0,0,17,2026-02-03 02:08:50.718455
RITC,10.01,9.91,9.92,125100.0,195600.0,0,0,0,0,0,0,18,2026-02-03 02:08:51.743154
COMP,25.07,25.05,25.07,143200.0,108900.0,0,0,0,0,0,0,18,2026-02-03 02:08:51.743154
RITC,10.01,9.91,9.92,125100.0,5000.0,195000.0,0,0,0,0,0,19,2026-02-03 02:08:52.774441
COMP,25.07,25.05,25.07,143600.0,,108900.0,0,0,0,0,0,19,2026-02-03 02:08:52.774441
RITC,10.01,9.91,9.92,125100.0,5000.0,197000.0,0,0,0,0,0,20,2026-02-03 02:08:53.801617
COMP,25.08,25.05,25.08,143600.0,,101300.0,0,0,0,0,0,20,2026-02-03 02:08:53.801617
RITC,9.91,9.91,9.92,113900.0,5000.0,199900.0,0,0,0,0,0,21,2026-02-03 02:08:54.829619
COMP,25.1,25.07,25.1,141200.0,,94700.0,0,0,0,0,0,21,2026-02-03 02:08:54.829619
RITC,9.91,9.91,9.92,104000.0,5000.0,199000.0,0,0,0,0,0,22,2026-02-03 02:08:55.854082
COMP,25.1,25.08,25.1,139800.0,,94700.0,0,0,0,0,0,22,2026-02-03 02:08:55.854082
RITC,9.91,9.91,9.92,103900.0,5000.0,197400.0,0,0,0,0,0,23,2026-02-03 02:08:56.882383
COMP,25.1,25.1,25.11,141000.0,,80400.0,0,0,0,0,0,23,2026-02-03 02:08:56.882383
RITC,9.91,9.91,9.92,103900.0,5000.0,197900.0,0,0,0,0,0,24,2026-02-03 02:08:57.901013
COMP,25.1,25.1,25.11,140000.0,,80400.0,0,0,0,0,0,24,2026-02-03 02:08:57.901013
RITC,9.91,9.91,9.92,103900.0,5000.0,198600.0,0,0,0,0,0,25,2026-02-03 02:08:58.923660
COMP,25.1,25.1,25.11,142000.0,,80400.0,0,0,0,0,0,25,2026-02-03 02:08:58.923660
RITC,9.91,9.91,9.92,103900.0,5000.0,194000.0,0,0,0,0,0,26,2026-02-03 02:08:59.946670
COMP,25.1,25.1,25.11,139700.0,,80400.0,0,0,0,0,0,26,2026-02-03 02:08:59.946670
RITC,9.91,9.91,9.92,103900.0,5000.0,196000.0,0,0,0,0,0,27,2026-02-03 02:09:00.468916
COMP,25.1,25.1,25.11,137800.0,,80400.0,0,0,0,0,0,27,2026-02-03 02:09:00.468916
RITC,9.91,9.91,9.92,103900.0,5000.0,195400.0,0,0,0,0,0,28,2026-02-03 02:09:01.493670
COMP,25.1,25.1,25.11,138600.0,,80400.0,0,0,0,0,0,28,2026-02-03 02:09:01.493670
RITC,9.91,9.91,9.92,101400.0,5000.0,192600.0,0,0,0,0,0,29,2026-02-03 02:09:02.512838
COMP,25.1,25.1,25.11,138500.0,,88700.0,0,0,0,0,0,29,2026-02-03 02:09:02.512838
RITC,9.91,9.91,9.92,101400.0,5000.0,193900.0,0,0,0,0,0,30,2026-02-03 02:09:03.535474
COMP,25.1,25.1,25.11,138700.0,,88700.0,0,0,0,0,0,30,2026-02-03 02:09:03.535474
RITC,9.9,9.9,9.92,99700.0,5000.0,193900.0,0,0,0,0,0,31,2026-02-03 02:09:04.553629
COMP,25.1,25.1,25.11,139600.0,,88700.0,0,0,0,0,0,31,2026-02-03 02:09:04.553629
RITC,9.9,9.9,9.92,99700.0,5000.0,199200.0,0,0,0,0,0,32,2026-02-03 02:09:05.572859
COMP,25.12,25.1,25.12,139600.0,,89800.0,0,0,0,0,0,32,2026-02-03 02:09:05.572859
RITC,9.9,9.9,9.92,101300.0,5000.0,199100.0,0,0,0,0,0,33,2026-02-03 02:09:06.591940
COMP,25.13,25.1,25.13,138200.0,,83100.0,0,0,0,0,0,33,2026-02-03 02:09:06.591940
RITC,9.88,9.88,9.9,5000.0,103400.0,202200.0,0,0,0,0,0,34,2026-02-03 02:09:07.615740
COMP,25.13,25.1,25.13,,139400.0,83100.0,0,0,0,0,0,34,2026-02-03 02:09:07.615740
RITC,9.86,9.87,9.9,5000.0,100500.0,202200.0,0,0,0,0,0,35,2026-02-03 02:09:08.638916
COMP,25.15,25.09,25.15,,139100.0,75500.0,0,0,0,0,0,35,2026-02-03 02:09:08.638916
RITC,9.86,9.86,9.87,100500.0,5000.0,204300.0,0,0,0,0,0,36,2026-02-03 02:09:09.657696
COMP,25.15,25.09,25.15,139100.0,,75500.0,0,0,0,0,0,36,2026-02-03 02:09:09.657696
RITC,9.85,9.85,9.87,100300.0,203100.0,0,0,0,0,0,0,37,2026-02-03 02:09:10.675857
COMP,25.19,25.13,25.19,139800.0,68600.0,0,0,0,0,0,0,37,2026-02-03 02:09:10.675857
RITC,9.85,9.85,9.87,5000.0,99400.0,205300.0,0,0,0,0,0,38,2026-02-03 02:09:11.696470
COMP,25.19,25.13,25.16,,139800.0,74700.0,0,0,0,0,0,38,2026-02-03 02:09:11.696470
RITC,9.85,9.82,9.84,99400.0,5000.0,205600.0,0,0,0,0,0,39,2026-02-03 02:09:12.720183
COMP,25.12,25.12,25.16,138800.0,,74700.0,0,0,0,0,0,39,2026-02-03 02:09:12.720183
RITC,9.82,9.82,9.84,99400.0,5000.0,205600.0,0,0,0,0,0,40,2026-02-03 02:09:13.739944
COMP,25.09,25.09,25.16,139100.0,,74700.0,0,0,0,0,0,40,2026-02-03 02:09:13.739944
RITC,9.82,9.79,9.8,98400.0,5000.0,207100.0,0,0,0,0,0,41,2026-02-03 02:09:14.759782
COMP,25.09,25.09,25.16,139100.0,,89800.0,0,0,0,0,0,41,2026-02-03 02:09:14.759782
RITC,9.82,9.79,9.8,98400.0,5000.0,207500.0,0,0,0,0,0,42,2026-02-03 02:09:15.782282
COMP,25.09,25.09,25.16,138900.0,,96800.0,0,0,0,0,0,42,2026-02-03 02:09:15.782282
RITC,9.8,9.79,9.8,98400.0,5000.0,207900.0,0,0,0,0,0,43,2026-02-03 02:09:16.808728
COMP,25.09,25.09,25.16,138900.0,,102500.0,0,0,0,0,0,43,2026-02-03 02:09:16.808728
RITC,9.8,9.79,9.8,108600.0,5000.0,207900.0,0,0,0,0,0,44,2026-02-03 02:09:17.832196
COMP,25.09,25.15,25.16,138900.0,,102500.0,0,0,0,0,0,44,2026-02-03 02:09:17.832196
RITC,9.79,9.79,9.8,108600.0,5000.0,207000.0,0,0,0,0,0,45,2026-02-03 02:09:18.855852
COMP,25.09,25.15,25.16,138900.0,,108700.0,0,0,0,0,0,45,2026-02-03 02:09:18.855852
RITC,9.78,9.78,9.8,98500.0,5000.0,204900.0,0,0,0,0,0,46,2026-02-03 02:09:19.882692
COMP,25.1,25.1,25.16,138900.0,,108700.0,0,0,0,0,0,46,2026-02-03 02:09:19.882692
RITC,9.78,9.79,9.8,97100.0,5000.0,203100.0,0,0,0,0,0,47,2026-02-03 02:09:20.910164
COMP,25.1,25.1,25.15,138900.0,,116200.0,0,0,0,0,0,47,2026-02-03 02:09:20.910164
RITC,9.78,9.79,9.8,109100.0,5000.0,203900.0,0,0,0,0,0,48,2026-02-03 02:09:21.940317
COMP,25.09,25.09,25.14,138200.0,,122700.0,0,0,0,0,0,48,2026-02-03 02:09:21.940317
RITC,9.81,9.79,9.81,109100.0,5000.0,204900.0,0,0,0,0,0,49,2026-02-03 02:09:22.966336
COMP,25.09,25.09,25.14,138200.0,,129400.0,0,0,0,0,0,49,2026-02-03 02:09:22.966336
RITC,9.81,9.8,9.81,119800.0,5000.0,202800.0,0,0,0,0,0,50,2026-02-03 02:09:23.997604
COMP,25.09,25.09,25.14,138200.0,,136200.0,0,0,0,0,0,50,2026-02-03 02:09:23.997604
RITC,9.82,9.8,9.82,128600.0,206100.0,0,0,0,0,0,0,51,2026-02-03 02:09:25.019635
COMP,25.09,25.09,25.1,138200.0,137100.0,0,0,0,0,0,0,51,2026-02-03 02:09:25.019635
RITC,9.84,9.82,9.84,139500.0,205600.0,0,0,0,0,0,0,52,2026-02-03 02:09:26.046942
COMP,25.08,25.08,25.1,138200.0,137100.0,0,0,0,0,0,0,52,2026-02-03 02:09:26.046942
RITC,9.86,9.82,9.86,139500.0,204500.0,0,0,0,0,0,0,53,2026-02-03 02:09:27.073582
COMP,25.08,25.08,25.1,138200.0,137100.0,0,0,0,0,0,0,53,2026-02-03 02:09:27.073582
RITC,9.85,9.82,9.85,139500.0,206600.0,0,0,0,0,0,0,54,2026-02-03 02:09:28.096545
COMP,25.08,25.08,25.1,139200.0,137100.0,0,0,0,0,0,0,54,2026-02-03 02:09:28.096545
RITC,9.79,9.79,9.85,117900.0,206600.0,0,0,0,0,0,0,55,2026-02-03 02:09:29.118381
COMP,25.08,25.08,25.1,139400.0,137100.0,0,0,0,0,0,0,55,2026-02-03 02:09:29.118381
RITC,9.87,9.82,9.87,127200.0,203900.0,0,0,0,0,0,0,56,2026-02-03 02:09:30.139490
COMP,25.07,25.07,25.1,140900.0,136700.0,0,0,0,0,0,0,56,2026-02-03 02:09:30.139490
RITC,9.87,9.82,9.84,127200.0,204800.0,0,0,0,0,0,0,57,2026-02-03 02:09:31.163064
COMP,25.07,25.07,25.1,142200.0,137300.0,0,0,0,0,0,0,57,2026-02-03 02:09:31.163064
RITC,9.84,9.85,9.87,148700.0,203900.0,0,0,0,0,0,0,58,2026-02-03 02:09:31.684464
COMP,25.07,25.07,25.1,142200.0,137300.0,0,0,0,0,0,0,58,2026-02-03 02:09:31.684464
RITC,9.84,9.86,9.87,167000.0,203900.0,0,0,0,0,0,0,59,2026-02-03 02:09:32.711490
COMP,25.07,25.07,25.1,142200.0,137200.0,0,0,0,0,0,0,59,2026-02-03 02:09:32.711490
RITC,9.84,9.86,9.87,184900.0,203900.0,0,0,0,0,0,0,60,2026-02-03 02:09:33.730298
COMP,25.14,25.08,25.14,141000.0,138400.0,0,0,0,0,0,0,60,2026-02-03 02:09:33.730298
RITC,9.88,9.88,9.89,194500.0,201900.0,0,0,0,0,0,0,61,2026-02-03 02:09:34.753770
COMP,25.14,25.08,25.14,141000.0,138400.0,0,0,0,0,0,0,61,2026-02-03 02:09:34.753770
RITC,9.87,9.87,9.89,194800.0,201900.0,0,0,0,0,0,0,62,2026-02-03 02:09:35.776616
COMP,25.14,25.08,25.14,141000.0,138400.0,0,0,0,0,0,0,62,2026-02-03 02:09:35.776616
RITC,9.89,9.89,9.9,197000.0,202200.0,0,0,0,0,0,0,63,2026-02-03 02:09:36.798971
COMP,25.14,25.08,25.14,141000.0,138400.0,0,0,0,0,0,0,63,2026-02-03 02:09:36.798971
RITC,9.87,9.87,9.89,194800.0,203100.0,0,0,0,0,0,0,64,2026-02-03 02:09:37.818756
COMP,25.14,25.08,25.14,141000.0,138400.0,0,0,0,0,0,0,64,2026-02-03 02:09:37.818756
RITC,9.89,9.87,9.89,194800.0,204000.0,0,0,0,0,0,0,65,2026-02-03 02:09:38.838765
COMP,25.14,25.08,25.14,141000.0,138700.0,0,0,0,0,0,0,65,2026-02-03 02:09:38.838765
RITC,9.86,9.86,9.89,194400.0,204000.0,0,0,0,0,0,0,66,2026-02-03 02:09:39.862290
COMP,25.14,25.08,25.14,141000.0,139900.0,0,0,0,0,0,0,66,2026-02-03 02:09:39.862290
RITC,9.86,9.86,9.89,197300.0,204000.0,0,0,0,0,0,0,67,2026-02-03 02:09:40.881991
COMP,25.14,25.08,25.14,142900.0,139900.0,0,0,0,0,0,0,67,2026-02-03 02:09:40.881991
RITC,9.86,9.88,9.89,198000.0,204000.0,0,0,0,0,0,0,68,2026-02-03 02:09:41.901749
COMP,25.15,25.12,25.15,142100.0,140700.0,0,0,0,0,0,0,68,2026-02-03 02:09:41.901749
RITC,9.86,9.88,9.89,198300.0,204000.0,0,0,0,0,0,0,69,2026-02-03 02:09:42.924944
COMP,25.15,25.12,25.15,142100.0,141200.0,0,0,0,0,0,0,69,2026-02-03 02:09:42.924944
RITC,9.88,9.88,9.9,198300.0,202200.0,0,0,0,0,0,0,70,2026-02-03 02:09:43.947421
COMP,25.12,25.08,25.1,141400.0,142100.0,0,0,0,0,0,0,70,2026-02-03 02:09:43.947421
RITC,9.9,9.9,9.92,198100.0,199100.0,0,0,0,0,0,0,71,2026-02-03 02:09:44.966232
COMP,25.12,25.08,25.1,141400.0,142100.0,0,0,0,0,0,0,71,2026-02-03 02:09:44.966232
RITC,9.9,9.9,9.92,195500.0,199100.0,0,0,0,0,0,0,72,2026-02-03 02:09:45.989399
COMP,25.12,25.08,25.1,141300.0,142100.0,0,0,0,0,0,0,72,2026-02-03 02:09:45.989399
RITC,9.9,9.9,9.92,195500.0,199100.0,0,0,0,0,0,0,73,2026-02-03 02:09:47.021143
COMP,25.15,25.08,25.15,141300.0,141200.0,0,0,0,0,0,0,73,2026-02-03 02:09:47.021143
RITC,9.92,9.9,9.92,194300.0,198400.0,0,0,0,0,0,0,74,2026-02-03 02:09:48.041460
COMP,25.15,25.08,25.12,140800.0,139600.0,0,0,0,0,0,0,74,2026-02-03 02:09:48.041460
RITC,9.92,9.9,9.92,194300.0,200800.0,0,0,0,0,0,0,75,2026-02-03 02:09:49.064782
COMP,25.15,25.08,25.09,140800.0,140400.0,0,0,0,0,0,0,75,2026-02-03 02:09:49.064782
RITC,9.92,9.9,9.92,194300.0,203700.0,0,0,0,0,0,0,76,2026-02-03 02:09:50.090939
COMP,25.08,25.08,25.09,140900.0,140400.0,0,0,0,0,0,0,76,2026-02-03 02:09:50.090939
RITC,9.92,9.91,9.92,194200.0,203700.0,0,0,0,0,0,0,77,2026-02-03 02:09:51.121075
COMP,25.08,25.08,25.09,140900.0,140900.0,0,0,0,0,0,0,77,2026-02-03 02:09:51.121075
RITC,9.92,9.91,9.92,196900.0,205000.0,0,0,0,0,0,0,78,2026-02-03 02:09:52.145251
COMP,25.09,25.07,25.09,141200.0,140900.0,0,0,0,0,0,0,78,2026-02-03 02:09:52.145251
RITC,9.89,9.89,9.91,195600.0,205900.0,0,0,0,0,0,0,79,2026-02-03 02:09:53.169593
COMP,25.09,25.07,25.09,141200.0,142100.0,0,0,0,0,0,0,79,2026-02-03 02:09:53.169593
RITC,9.89,9.89,9.91,196800.0,205900.0,,0,0,0,0,0,80,2026-02-03 02:09:54.195453
COMP,25.21,25.07,25.09,134200.0,142100.0,5000.0,0,0,0,0,0,80,2026-02-03 02:09:54.195453
RITC,9.89,9.89,9.9,196600.0,207900.0,,0,0,0,0,0,81,2026-02-03 02:09:55.219069
COMP,25.07,25.07,25.09,136500.0,142100.0,5000.0,0,0,0,0,0,81,2026-02-03 02:09:55.219069
RITC,9.89,9.89,9.9,196600.0,210100.0,,0,0,0,0,0,82,2026-02-03 02:09:56.238709
COMP,25.07,25.07,25.09,136500.0,142100.0,5000.0,0,0,0,0,0,82,2026-02-03 02:09:56.238709
RITC,9.88,9.88,9.9,192800.0,210100.0,,0,0,0,0,0,83,2026-02-03 02:09:57.264472
COMP,25.1,25.07,25.1,136500.0,140300.0,5000.0,0,0,0,0,0,83,2026-02-03 02:09:57.264472
RITC,9.9,9.88,9.9,191600.0,210400.0,,0,0,0,0,0,84,2026-02-03 02:09:58.284420
COMP,25.07,25.07,25.1,138200.0,140300.0,5000.0,0,0,0,0,0,84,2026-02-03 02:09:58.284420
RITC,9.9,9.89,9.9,197400.0,210400.0,,0,0,0,0,0,85,2026-02-03 02:09:59.304658
COMP,25.1,25.07,25.1,138200.0,140000.0,5000.0,0,0,0,0,0,85,2026-02-03 02:09:59.304658
RITC,9.9,9.89,9.9,196100.0,210400.0,,0,0,0,0,0,86,2026-02-03 02:09:59.825942
COMP,25.1,25.08,25.1,138400.0,140000.0,5000.0,0,0,0,0,0,86,2026-02-03 02:09:59.825942
RITC,9.9,9.89,9.9,192500.0,210400.0,0,0,0,0,0,0,87,2026-02-03 02:10:00.859405
COMP,25.15,25.09,25.15,145300.0,141200.0,0,0,0,0,0,0,87,2026-02-03 02:10:00.859405
RITC,9.9,9.89,9.9,196400.0,210400.0,0,0,0,0,0,0,88,2026-02-03 02:10:01.915201
COMP,25.17,25.09,25.17,145300.0,140700.0,0,0,0,0,0,0,88,2026-02-03 02:10:01.915201
RITC,9.9,9.89,9.9,196800.0,210400.0,0,0,0,0,0,0,89,2026-02-03 02:10:02.957092
COMP,25.19,25.09,25.19,145300.0,133400.0,0,0,0,0,0,0,89,2026-02-03 02:10:02.957092
RITC,9.92,9.89,9.92,193800.0,205000.0,0,0,0,0,0,0,90,2026-02-03 02:10:03.986430
COMP,25.08,25.08,25.19,145700.0,126500.0,0,0,0,0,0,0,90,2026-02-03 02:10:03.986430
RITC,9.89,9.89,9.92,194700.0,205000.0,0,0,0,0,0,0,91,2026-02-03 02:10:05.026271
COMP,25.08,25.11,25.15,145800.0,134100.0,0,0,0,0,0,0,91,2026-02-03 02:10:05.026271
RITC,9.89,9.89,9.92,195300.0,207300.0,0,0,0,0,0,0,92,2026-02-03 02:10:06.067738
COMP,25.08,25.11,25.15,145800.0,141600.0,0,0,0,0,0,0,92,2026-02-03 02:10:06.067738
RITC,9.89,9.89,9.91,195300.0,207400.0,0,0,0,0,0,0,93,2026-02-03 02:10:07.096666
COMP,25.15,25.11,25.15,145800.0,141600.0,0,0,0,0,0,0,93,2026-02-03 02:10:07.096666
RITC,9.89,9.89,9.91,195100.0,207400.0,0,0,0,0,0,0,94,2026-02-03 02:10:08.120183
COMP,25.15,25.14,25.15,142300.0,141600.0,0,0,0,0,0,0,94,2026-02-03 02:10:08.120183
RITC,9.89,9.89,9.9,195100.0,205700.0,0,0,0,0,0,0,95,2026-02-03 02:10:09.148448
COMP,25.14,25.11,25.14,143500.0,142400.0,0,0,0,0,0,0,95,2026-02-03 02:10:09.148448
RITC,9.89,9.89,9.9,193300.0,207500.0,0,0,0,0,0,0,96,2026-02-03 02:10:10.178130
COMP,25.11,25.11,25.14,143500.0,142400.0,0,0,0,0,0,0,96,2026-02-03 02:10:10.178130
RITC,9.89,9.89,9.9,191700.0,206000.0,0,0,0,0,0,0,97,2026-02-03 02:10:11.216665
COMP,25.11,25.11,25.13,143500.0,142700.0,0,0,0,0,0,0,97,2026-02-03 02:10:11.216665
RITC,9.89,9.89,9.9,192100.0,202900.0,0,0,0,0,0,0,98,2026-02-03 02:10:12.288315
COMP,25.13,25.11,25.13,143500.0,142700.0,0,0,0,0,0,0,98,2026-02-03 02:10:12.288315
RITC,9.89,9.89,9.9,190300.0,202900.0,0,0,0,0,0,0,99,2026-02-03 02:10:13.327685
COMP,25.13,25.11,25.13,143100.0,142100.0,0,0,0,0,0,0,99,2026-02-03 02:10:13.327685
RITC,9.88,9.88,9.9,192800.0,201400.0,0,0,0,0,0,0,100,2026-02-03 02:10:14.359416
COMP,25.15,25.15,25.16,144900.0,140200.0,0,0,0,0,0,0,100,2026-02-03 02:10:14.359416
RITC,9.9,9.88,9.9,192800.0,201400.0,0,0,0,0,0,0,101,2026-02-03 02:10:14.945424
COMP,25.07,25.07,25.16,143900.0,140200.0,0,0,0,0,0,0,101,2026-02-03 02:10:14.945424
RITC,9.88,9.88,9.9,194100.0,201400.0,0,0,0,0,0,0,102,2026-02-03 02:10:15.993477
COMP,25.07,25.06,25.07,141200.0,138100.0,0,0,0,0,0,0,102,2026-02-03 02:10:15.993477
RITC,9.88,9.88,9.9,194100.0,201400.0,0,0,0,0,0,0,103,2026-02-03 02:10:17.049467
COMP,25.07,25.06,25.07,141200.0,139000.0,0,0,0,0,0,0,103,2026-02-03 02:10:17.049467
RITC,9.9,9.9,9.91,195900.0,206500.0,0,0,0,0,0,0,104,2026-02-03 02:10:18.074092
COMP,25.07,25.06,25.07,141200.0,138800.0,0,0,0,0,0,0,104,2026-02-03 02:10:18.074092
RITC,9.91,9.9,9.91,195900.0,208900.0,0,0,0,0,0,0,105,2026-02-03 02:10:19.097771
COMP,25.07,25.06,25.07,141200.0,140500.0,0,0,0,0,0,0,105,2026-02-03 02:10:19.097771
RITC,9.9,9.88,9.9,194100.0,208500.0,0,0,0,0,0,0,106,2026-02-03 02:10:20.124352
COMP,25.07,25.06,25.07,141200.0,141300.0,0,0,0,0,0,0,106,2026-02-03 02:10:20.124352
RITC,9.9,9.88,9.9,196500.0,207300.0,0,0,0,0,0,0,107,2026-02-03 02:10:21.147241
COMP,25.07,25.06,25.07,141200.0,140800.0,0,0,0,0,0,0,107,2026-02-03 02:10:21.147241
RITC,9.9,9.91,9.92,197500.0,208200.0,0,0,0,0,0,0,108,2026-02-03 02:10:22.172541
COMP,25.07,25.06,25.07,141200.0,140800.0,0,0,0,0,0,0,108,2026-02-03 02:10:22.172541
RITC,9.92,9.91,9.92,197500.0,208200.0,0,0,0,0,0,0,109,2026-02-03 02:10:23.198978
COMP,25.06,25.06,25.07,142600.0,142500.0,0,0,0,0,0,0,109,2026-02-03 02:10:23.198978
RITC,9.91,9.91,9.92,194200.0,208200.0,0,0,0,0,0,0,110,2026-02-03 02:10:24.217629
COMP,25.06,25.06,25.07,142600.0,143400.0,0,0,0,0,0,0,110,2026-02-03 02:10:24.217629
RITC,9.91,9.88,9.91,196500.0,208500.0,0,0,0,0,0,0,111,2026-02-03 02:10:25.241154
COMP,25.06,25.06,25.07,142600.0,143400.0,0,0,0,0,0,0,111,2026-02-03 02:10:25.241154
RITC,9.91,9.88,9.89,196500.0,210700.0,0,0,0,0,0,0,112,2026-02-03 02:10:26.268401
COMP,25.06,25.06,25.07,142600.0,143500.0,0,0,0,0,0,0,112,2026-02-03 02:10:26.268401
RITC,9.88,9.88,9.89,195700.0,209400.0,0,0,0,0,0,0,113,2026-02-03 02:10:27.292559
COMP,25.06,25.06,25.07,143600.0,142000.0,0,0,0,0,0,0,113,2026-02-03 02:10:27.292559
RITC,9.88,9.88,9.89,195600.0,209400.0,0,0,0,0,0,0,114,2026-02-03 02:10:28.316199
COMP,25.06,25.06,25.07,143600.0,142000.0,0,0,0,0,0,0,114,2026-02-03 02:10:28.316199
RITC,9.88,9.88,9.89,195600.0,207200.0,0,0,0,0,0,0,115,2026-02-03 02:10:29.348677
COMP,25.06,25.06,25.07,143600.0,142100.0,0,0,0,0,0,0,115,2026-02-03 02:10:29.348677
RITC,9.89,9.88,9.89,193700.0,207200.0,0,0,0,0,0,0,116,2026-02-03 02:10:30.376873
COMP,25.06,25.06,25.07,144000.0,142100.0,0,0,0,0,0,0,116,2026-02-03 02:10:30.376873
RITC,9.89,9.88,9.89,191300.0,206900.0,0,0,0,0,0,0,117,2026-02-03 02:10:31.403142
COMP,25.05,25.05,25.07,143900.0,142100.0,0,0,0,0,0,0,117,2026-02-03 02:10:31.403142
RITC,9.9,9.89,9.9,190700.0,208200.0,0,0,0,0,0,0,118,2026-02-03 02:10:32.426613
COMP,25.05,25.05,25.07,143500.0,142100.0,0,0,0,0,0,0,118,2026-02-03 02:10:32.426613
RITC,9.91,9.89,9.91,190700.0,209200.0,0,0,0,0,0,0,119,2026-02-03 02:10:33.455425
COMP,25.05,25.05,25.07,143300.0,142100.0,0,0,0,0,0,0,119,2026-02-03 02:10:33.455425
RITC,9.92,9.89,9.92,190700.0,207500.0,0,0,0,0,0,0,120,2026-02-03 02:10:33.984394
COMP,25.05,25.05,25.07,143300.0,142100.0,0,0,0,0,0,0,120,2026-02-03 02:10:33.984394
RITC,9.92,9.89,9.92,192000.0,207500.0,0,0,0,0,0,0,121,2026-02-03 02:10:35.013382
COMP,25.05,25.05,25.07,142700.0,142100.0,0,0,0,0,0,0,121,2026-02-03 02:10:35.013382
RITC,9.92,9.9,9.92,193700.0,204000.0,0,0,0,0,0,0,122,2026-02-03 02:10:36.042940
COMP,25.05,25.05,25.07,140900.0,142100.0,0,0,0,0,0,0,122,2026-02-03 02:10:36.042940
RITC,9.92,9.9,9.92,195300.0,204000.0,0,0,0,0,0,0,123,2026-02-03 02:10:37.079340
COMP,25.05,25.05,25.07,140700.0,142100.0,0,0,0,0,0,0,123,2026-02-03 02:10:37.079340
RITC,9.92,9.91,9.92,195600.0,202600.0,0,0,0,0,0,0,124,2026-02-03 02:10:38.106721
COMP,25.05,25.05,25.07,140000.0,142100.0,0,0,0,0,0,0,124,2026-02-03 02:10:38.106721
RITC,9.92,9.91,9.92,197500.0,200000.0,0,0,0,0,0,0,125,2026-02-03 02:10:39.139883
COMP,25.05,25.05,25.08,141100.0,140000.0,0,0,0,0,0,0,125,2026-02-03 02:10:39.139883
RITC,9.92,9.91,9.92,196700.0,199700.0,0,0,0,0,0,0,126,2026-02-03 02:10:40.185380
COMP,25.08,25.05,25.08,141100.0,140300.0,0,0,0,0,0,0,126,2026-02-03 02:10:40.185380
RITC,9.92,9.91,9.92,199600.0,199700.0,0,0,0,0,0,0,127,2026-02-03 02:10:41.219806
COMP,25.08,25.08,25.1,142300.0,140900.0,0,0,0,0,0,0,127,2026-02-03 02:10:41.219806
RITC,9.92,9.91,9.92,198900.0,199800.0,0,0,0,0,0,0,128,2026-02-03 02:10:42.249100
COMP,25.1,25.08,25.1,143000.0,140900.0,0,0,0,0,0,0,128,2026-02-03 02:10:42.249100
RITC,9.92,9.91,9.92,200500.0,197500.0,0,0,0,0,0,0,129,2026-02-03 02:10:43.278567
COMP,25.1,25.08,25.1,143000.0,141000.0,0,0,0,0,0,0,129,2026-02-03 02:10:43.278567
RITC,9.92,9.91,9.92,199900.0,197500.0,0,0,0,0,0,0,130,2026-02-03 02:10:44.303587
COMP,25.1,25.08,25.1,143000.0,140800.0,0,0,0,0,0,0,130,2026-02-03 02:10:44.303587
RITC,9.92,9.91,9.92,198700.0,194500.0,0,0,0,0,0,0,131,2026-02-03 02:10:45.323363
COMP,25.1,25.08,25.1,144800.0,140800.0,0,0,0,0,0,0,131,2026-02-03 02:10:45.323363
RITC,9.92,9.91,9.92,199500.0,193300.0,0,0,0,0,0,0,132,2026-02-03 02:10:46.347651
COMP,25.12,25.08,25.12,144800.0,139600.0,0,0,0,0,0,0,132,2026-02-03 02:10:46.347651
RITC,9.92,9.91,9.92,200500.0,193300.0,0,0,0,0,0,0,133,2026-02-03 02:10:47.373605
COMP,25.08,25.08,25.12,142800.0,139600.0,0,0,0,0,0,0,133,2026-02-03 02:10:47.373605
RITC,9.92,9.91,9.92,200500.0,194400.0,0,0,0,0,0,0,134,2026-02-03 02:10:48.395751
COMP,25.12,25.1,25.12,143400.0,139500.0,0,0,0,0,0,0,134,2026-02-03 02:10:48.395751
RITC,9.92,9.91,9.92,200500.0,184300.0,5000.0,0,0,0,0,0,135,2026-02-03 02:10:49.452120
COMP,25.12,25.1,25.12,143400.0,139100.0,,0,0,0,0,0,135,2026-02-03 02:10:49.452120
RITC,9.92,9.91,9.92,203200.0,184300.0,5000.0,0,0,0,0,0,136,2026-02-03 02:10:50.547731
COMP,25.12,25.1,25.12,141900.0,138500.0,,0,0,0,0,0,136,2026-02-03 02:10:50.547731
RITC,9.92,9.91,9.92,202700.0,184300.0,5000.0,0,0,0,0,0,137,2026-02-03 02:10:51.595672
COMP,25.12,25.1,25.12,141900.0,138400.0,,0,0,0,0,0,137,2026-02-03 02:10:51.595672
RITC,9.92,9.91,9.92,202700.0,184300.0,5000.0,0,0,0,0,0,138,2026-02-03 02:10:52.120887
COMP,25.13,25.1,25.13,141900.0,139800.0,,0,0,0,0,0,138,2026-02-03 02:10:52.120887
RITC,9.92,9.91,9.92,200500.0,184700.0,5000.0,0,0,0,0,0,139,2026-02-03 02:10:53.141717
COMP,25.12,25.1,25.12,141900.0,140400.0,,0,0,0,0,0,139,2026-02-03 02:10:53.141717
RITC,9.92,9.91,9.92,198200.0,184700.0,5000.0,0,0,0,0,0,140,2026-02-03 02:10:54.165769
COMP,25.12,25.1,25.12,141900.0,140400.0,,0,0,0,0,0,140,2026-02-03 02:10:54.165769
RITC,9.92,9.91,9.92,198200.0,180700.0,5000.0,0,0,0,0,0,141,2026-02-03 02:10:55.206712
COMP,25.12,25.12,25.13,143000.0,139900.0,,0,0,0,0,0,141,2026-02-03 02:10:55.206712
RITC,9.92,9.91,9.92,199700.0,183500.0,5000.0,0,0,0,0,0,142,2026-02-03 02:10:56.245628
COMP,25.1,25.1,25.13,141900.0,142100.0,,0,0,0,0,0,142,2026-02-03 02:10:56.245628
RITC,9.93,9.91,9.93,199700.0,181600.0,5000.0,0,0,0,0,0,143,2026-02-03 02:10:57.272045
COMP,25.13,25.1,25.13,141900.0,142000.0,,0,0,0,0,0,143,2026-02-03 02:10:57.272045
RITC,9.93,9.91,9.93,199700.0,181700.0,5000.0,0,0,0,0,0,144,2026-02-03 02:10:58.306572
COMP,25.08,25.08,25.13,142600.0,142500.0,,0,0,0,0,0,144,2026-02-03 02:10:58.306572
RITC,9.93,9.92,9.93,201200.0,181700.0,5000.0,0,0,0,0,0,145,2026-02-03 02:10:59.348372
COMP,25.08,25.11,25.12,142300.0,143600.0,,0,0,0,0,0,145,2026-02-03 02:10:59.348372
RITC,9.93,9.92,9.93,198200.0,182500.0,5000.0,0,0,0,0,0,146,2026-02-03 02:11:00.452575
COMP,25.12,25.11,25.12,142300.0,143600.0,,0,0,0,0,0,146,2026-02-03 02:11:00.452575
RITC,9.93,9.92,9.93,200000.0,182500.0,5000.0,0,0,0,0,0,147,2026-02-03 02:11:01.506181
COMP,25.12,25.11,25.12,142300.0,144200.0,,0,0,0,0,0,147,2026-02-03 02:11:01.506181
RITC,9.93,9.92,9.93,198900.0,183000.0,5000.0,0,0,0,0,0,148,2026-02-03 02:11:02.542818
COMP,25.14,25.11,25.14,142300.0,143000.0,,0,0,0,0,0,148,2026-02-03 02:11:02.542818
RITC,9.93,9.92,9.93,200700.0,184000.0,5000.0,0,0,0,0,0,149,2026-02-03 02:11:03.570357
COMP,25.14,25.11,25.14,142300.0,142600.0,,0,0,0,0,0,149,2026-02-03 02:11:03.570357
RITC,9.93,9.92,9.93,201600.0,186100.0,5000.0,0,0,0,0,0,150,2026-02-03 02:11:04.598274
COMP,25.14,25.11,25.14,142700.0,142600.0,,0,0,0,0,0,150,2026-02-03 02:11:04.598274
RITC,9.93,9.92,9.93,201600.0,186100.0,5000.0,0,0,0,0,0,151,2026-02-03 02:11:05.118824
COMP,25.14,25.11,25.14,142700.0,142600.0,,0,0,0,0,0,151,2026-02-03 02:11:05.118824
RITC,9.93,9.92,9.93,202800.0,184800.0,5000.0,0,0,0,0,0,152,2026-02-03 02:11:06.167532
COMP,25.14,25.11,25.14,142900.0,142600.0,,0,0,0,0,0,152,2026-02-03 02:11:06.167532
RITC,9.93,9.92,9.93,202800.0,5000.0,183800.0,0,0,0,0,0,153,2026-02-03 02:11:07.200728
COMP,25.14,25.11,25.14,142900.0,,142600.0,0,0,0,0,0,153,2026-02-03 02:11:07.200728
RITC,9.93,9.92,9.93,202800.0,5000.0,183800.0,0,0,0,0,0,154,2026-02-03 02:11:08.233765
COMP,25.14,25.11,25.14,142300.0,,142100.0,0,0,0,0,0,154,2026-02-03 02:11:08.233765
RITC,9.93,9.93,9.94,205200.0,183800.0,5000.0,0,0,0,0,0,155,2026-02-03 02:11:09.265242
COMP,25.14,25.11,25.14,142300.0,142100.0,,0,0,0,0,0,155,2026-02-03 02:11:09.265242
RITC,9.93,9.93,9.94,205500.0,183800.0,5000.0,0,0,0,0,0,156,2026-02-03 02:11:10.307424
COMP,25.15,25.11,25.15,142300.0,141100.0,,0,0,0,0,0,156,2026-02-03 02:11:10.307424
RITC,9.94,9.93,9.94,204800.0,187000.0,5000.0,0,0,0,0,0,157,2026-02-03 02:11:11.335212
COMP,25.15,25.11,25.14,142300.0,141900.0,,0,0,0,0,0,157,2026-02-03 02:11:11.335212
RITC,9.94,9.93,9.94,202200.0,187000.0,5000.0,0,0,0,0,0,158,2026-02-03 02:11:12.357265
COMP,25.15,25.11,25.14,138800.0,141900.0,,0,0,0,0,0,158,2026-02-03 02:11:12.357265
RITC,9.94,9.93,9.94,203600.0,187000.0,5000.0,0,0,0,0,0,159,2026-02-03 02:11:13.390093
COMP,25.15,25.11,25.14,140600.0,141900.0,,0,0,0,0,0,159,2026-02-03 02:11:13.390093
RITC,9.94,9.93,9.94,203600.0,5000.0,189300.0,0,0,0,0,0,160,2026-02-03 02:11:14.425337
COMP,25.15,25.11,25.14,138600.0,,141900.0,0,0,0,0,0,160,2026-02-03 02:11:14.425337
RITC,9.96,9.93,9.96,203600.0,189600.0,5000.0,0,0,0,0,0,161,2026-02-03 02:11:15.453756
COMP,25.15,25.11,25.14,139500.0,141900.0,,0,0,0,0,0,161,2026-02-03 02:11:15.453756
RITC,9.97,9.93,9.97,203600.0,189700.0,5000.0,0,0,0,0,0,162,2026-02-03 02:11:16.481322
COMP,25.14,25.11,25.14,140900.0,141900.0,,0,0,0,0,0,162,2026-02-03 02:11:16.481322
RITC,9.97,9.95,9.97,202900.0,189700.0,5000.0,0,0,0,0,0,163,2026-02-03 02:11:17.504446
COMP,25.15,25.11,25.15,140900.0,140700.0,,0,0,0,0,0,163,2026-02-03 02:11:17.504446
RITC,9.97,9.95,9.97,202900.0,188100.0,5000.0,0,0,0,0,0,164,2026-02-03 02:11:18.533130
COMP,25.16,25.15,25.16,141600.0,140100.0,,0,0,0,0,0,164,2026-02-03 02:11:18.533130
RITC,9.97,9.95,9.97,201100.0,5000.0,188900.0,0,0,0,0,0,165,2026-02-03 02:11:19.554080
COMP,25.18,25.15,25.18,141600.0,,139400.0,0,0,0,0,0,165,2026-02-03 02:11:19.554080
RITC,9.98,9.96,9.98,200600.0,197800.0,0,0,0,0,0,0,166,2026-02-03 02:11:20.580274
COMP,25.18,25.16,25.18,138900.0,141300.0,0,0,0,0,0,0,166,2026-02-03 02:11:20.580274
RITC,9.98,9.96,9.98,200600.0,187900.0,5000.0,0,0,0,0,0,167,2026-02-03 02:11:21.610718
COMP,25.19,25.16,25.19,138900.0,140300.0,,0,0,0,0,0,167,2026-02-03 02:11:21.610718
RITC,9.96,9.96,9.98,200600.0,5000.0,186600.0,0,0,0,0,0,168,2026-02-03 02:11:22.636725
COMP,25.19,25.16,25.19,138400.0,,140300.0,0,0,0,0,0,168,2026-02-03 02:11:22.636725
RITC,9.97,9.96,9.97,200600.0,187300.0,5000.0,0,0,0,0,0,169,2026-02-03 02:11:23.662528
COMP,25.19,25.16,25.19,138400.0,140300.0,,0,0,0,0,0,169,2026-02-03 02:11:23.662528
RITC,9.97,9.96,9.97,200600.0,189600.0,5000.0,0,0,0,0,0,170,2026-02-03 02:11:24.692012
COMP,25.2,25.16,25.2,137600.0,138400.0,,0,0,0,0,0,170,2026-02-03 02:11:24.692012
RITC,9.97,9.96,9.97,200600.0,189700.0,5000.0,0,0,0,0,0,171,2026-02-03 02:11:25.216505
COMP,25.2,25.17,25.2,137200.0,138400.0,,0,0,0,0,0,171,2026-02-03 02:11:25.216505
RITC,9.97,9.96,9.97,200600.0,197400.0,0,0,0,0,0,0,172,2026-02-03 02:11:26.240210
COMP,25.2,25.17,25.2,139100.0,138400.0,0,0,0,0,0,0,172,2026-02-03 02:11:26.240210
RITC,9.95,9.95,9.97,199900.0,197400.0,0,0,0,0,0,0,173,2026-02-03 02:11:27.263392
COMP,25.2,25.17,25.2,140400.0,138400.0,0,0,0,0,0,0,173,2026-02-03 02:11:27.263392
RITC,9.93,9.93,9.94,203600.0,201400.0,0,0,0,0,0,0,174,2026-02-03 02:11:28.293099
COMP,25.2,25.17,25.2,141300.0,138400.0,0,0,0,0,0,0,174,2026-02-03 02:11:28.293099
RITC,9.97,9.95,9.97,203800.0,199600.0,0,0,0,0,0,0,175,2026-02-03 02:11:29.315948
COMP,25.2,25.17,25.2,142400.0,131000.0,0,0,0,0,0,0,175,2026-02-03 02:11:29.315948
RITC,9.95,9.93,9.95,200800.0,201800.0,0,0,0,0,0,0,176,2026-02-03 02:11:30.345822
COMP,25.2,25.18,25.2,142300.0,131000.0,0,0,0,0,0,0,176,2026-02-03 02:11:30.345822
RITC,9.95,9.94,9.95,205000.0,201800.0,0,0,0,0,0,0,177,2026-02-03 02:11:31.397143
COMP,25.2,25.18,25.2,140500.0,131000.0,0,0,0,0,0,0,177,2026-02-03 02:11:31.397143
RITC,9.99,9.95,9.99,203200.0,197100.0,0,0,0,0,0,0,178,2026-02-03 02:11:32.439175
COMP,25.21,25.18,25.21,142800.0,124200.0,0,0,0,0,0,0,178,2026-02-03 02:11:32.439175
RITC,9.99,9.95,9.99,203200.0,195600.0,0,0,0,0,0,0,179,2026-02-03 02:11:33.471642
COMP,25.21,25.2,25.21,142400.0,124200.0,0,0,0,0,0,0,179,2026-02-03 02:11:33.471642
RITC,9.99,9.95,9.99,201600.0,195600.0,0,0,0,0,0,0,180,2026-02-03 02:11:34.506227
COMP,25.21,25.21,25.22,143400.0,109900.0,0,0,0,0,0,0,180,2026-02-03 02:11:34.506227
RITC,9.99,9.95,9.99,201100.0,198200.0,0,0,0,0,0,0,181,2026-02-03 02:11:35.534287
COMP,25.21,25.21,25.22,143000.0,109900.0,0,0,0,0,0,0,181,2026-02-03 02:11:35.534287
RITC,9.99,9.98,9.99,202500.0,199800.0,0,0,0,0,0,0,182,2026-02-03 02:11:36.561278
COMP,25.23,25.21,25.23,143000.0,104200.0,0,0,0,0,0,0,182,2026-02-03 02:11:36.561278
RITC,9.99,9.98,9.99,204100.0,198500.0,0,0,0,0,0,0,183,2026-02-03 02:11:37.583080
COMP,25.23,25.21,25.23,143000.0,104200.0,0,0,0,0,0,0,183,2026-02-03 02:11:37.583080
RITC,9.99,9.98,9.99,202300.0,199600.0,0,0,0,0,0,0,184,2026-02-03 02:11:38.608727
COMP,25.23,25.22,25.23,143900.0,104200.0,0,0,0,0,0,0,184,2026-02-03 02:11:38.608727
RITC,10.0,9.98,10.0,202300.0,201400.0,0,0,0,0,0,0,185,2026-02-03 02:11:39.633169
COMP,25.25,25.22,25.25,143900.0,89100.0,0,0,0,0,0,0,185,2026-02-03 02:11:39.633169
RITC,10.0,9.99,10.0,203600.0,201400.0,0,0,0,0,0,0,186,2026-02-03 02:11:40.656675
COMP,25.25,25.22,25.25,143900.0,81300.0,0,0,0,0,0,0,186,2026-02-03 02:11:40.656675
RITC,10.01,9.99,10.01,203600.0,200100.0,0,0,0,0,0,0,187,2026-02-03 02:11:41.685733
COMP,25.25,25.26,25.29,141800.0,67300.0,0,0,0,0,0,0,187,2026-02-03 02:11:41.685733
RITC,10.01,10.0,10.01,204400.0,202300.0,0,0,0,0,0,0,188,2026-02-03 02:11:42.713074
COMP,25.25,25.27,25.29,139900.0,67300.0,0,0,0,0,0,0,188,2026-02-03 02:11:42.713074
RITC,10.01,10.0,10.01,202200.0,202300.0,0,0,0,0,0,0,189,2026-02-03 02:11:43.748571
COMP,25.29,25.33,25.38,136400.0,68700.0,0,0,0,0,0,0,189,2026-02-03 02:11:43.748571
RITC,10.01,10.0,10.02,202200.0,203100.0,0,0,0,0,0,0,190,2026-02-03 02:11:44.781037
COMP,25.29,25.33,25.38,135900.0,68700.0,0,0,0,0,0,0,190,2026-02-03 02:11:44.781037
RITC,10.02,10.0,10.02,202200.0,199900.0,0,0,0,0,0,0,191,2026-02-03 02:11:45.812339
COMP,25.38,25.33,25.38,135900.0,69100.0,0,0,0,0,0,0,191,2026-02-03 02:11:45.812339
RITC,10.02,10.01,10.02,202700.0,199900.0,0,0,0,0,0,0,192,2026-02-03 02:11:46.835756
COMP,25.42,25.39,25.42,135300.0,68800.0,0,0,0,0,0,0,192,2026-02-03 02:11:46.835756
RITC,10.02,10.01,10.02,202700.0,198300.0,0,0,0,0,0,0,193,2026-02-03 02:11:47.360200
COMP,25.42,25.41,25.42,134300.0,68800.0,0,0,0,0,0,0,193,2026-02-03 02:11:47.360200
RITC,10.02,10.01,10.02,203200.0,198300.0,0,0,0,0,0,0,194,2026-02-03 02:11:48.382456
COMP,25.42,25.41,25.42,134300.0,68800.0,0,0,0,0,0,0,194,2026-02-03 02:11:48.382456
RITC,10.02,10.01,10.02,202400.0,198300.0,0,0,0,0,0,0,195,2026-02-03 02:11:49.407608
COMP,25.42,25.42,25.43,134500.0,69500.0,0,0,0,0,0,0,195,2026-02-03 02:11:49.407608
RITC,10.02,10.01,10.02,198200.0,198300.0,0,0,0,0,0,0,196,2026-02-03 02:11:50.435016
COMP,25.43,25.42,25.43,134500.0,69500.0,0,0,0,0,0,0,196,2026-02-03 02:11:50.435016
RITC,10.03,10.01,10.03,198200.0,195700.0,0,0,0,0,0,0,197,2026-02-03 02:11:51.464188
COMP,25.41,25.41,25.45,134300.0,69700.0,0,0,0,0,0,0,197,2026-02-03 02:11:51.464188
RITC,10.03,10.01,10.03,198200.0,199200.0,0,0,0,0,0,0,198,2026-02-03 02:11:52.500756
COMP,25.41,25.41,25.45,134300.0,76100.0,0,0,0,0,0,0,198,2026-02-03 02:11:52.500756
RITC,10.03,10.01,10.03,197200.0,201100.0,0,0,0,0,0,0,199,2026-02-03 02:11:53.540691
COMP,25.41,25.41,25.45,135600.0,82300.0,0,0,0,0,0,0,199,2026-02-03 02:11:53.540691
RITC,10.03,10.01,10.03,196200.0,201900.0,0,0,0,0,0,0,200,2026-02-03 02:11:54.577761
COMP,25.41,25.41,25.45,134500.0,82300.0,0,0,0,0,0,0,200,2026-02-03 02:11:54.577761
RITC,10.03,10.01,10.03,199500.0,201900.0,0,0,0,0,0,0,201,2026-02-03 02:11:55.603960
COMP,25.46,25.41,25.46,134000.0,74100.0,0,0,0,0,0,0,201,2026-02-03 02:11:55.603960
RITC,10.03,10.01,10.03,201400.0,201900.0,0,0,0,0,0,0,202,2026-02-03 02:11:56.637380
COMP,25.39,25.39,25.42,135000.0,80300.0,0,0,0,0,0,0,202,2026-02-03 02:11:56.637380
RITC,10.03,10.02,10.03,200500.0,202000.0,0,0,0,0,0,0,203,2026-02-03 02:11:57.659769
COMP,25.42,25.44,25.46,134700.0,74100.0,0,0,0,0,0,0,203,2026-02-03 02:11:57.659769
RITC,10.04,10.03,10.04,198600.0,201900.0,0,0,0,0,0,0,204,2026-02-03 02:11:58.683556
COMP,25.42,25.44,25.46,134700.0,89400.0,0,0,0,0,0,0,204,2026-02-03 02:11:58.683556
RITC,10.04,10.03,10.04,198600.0,200700.0,0,0,0,0,0,0,205,2026-02-03 02:11:59.706950
COMP,25.43,25.43,25.46,132700.0,89400.0,0,0,0,0,0,0,205,2026-02-03 02:11:59.706950
RITC,10.04,10.03,10.04,200400.0,196700.0,0,0,0,0,0,0,206,2026-02-03 02:12:00.732089
COMP,25.43,25.45,25.46,132500.0,89400.0,0,0,0,0,0,0,206,2026-02-03 02:12:00.732089
RITC,10.05,10.03,10.05,201700.0,197700.0,0,0,0,0,0,0,207,2026-02-03 02:12:01.754886
COMP,25.39,25.39,25.45,135000.0,97300.0,0,0,0,0,0,0,207,2026-02-03 02:12:01.754886
RITC,10.05,10.03,10.05,201400.0,197800.0,0,0,0,0,0,0,208,2026-02-03 02:12:02.782557
COMP,25.39,25.39,25.45,135800.0,97300.0,0,0,0,0,0,0,208,2026-02-03 02:12:02.782557
RITC,10.05,10.04,10.05,201400.0,188300.0,0,0,0,0,0,0,209,2026-02-03 02:12:03.803598
COMP,25.39,25.39,25.45,135800.0,111800.0,0,0,0,0,0,0,209,2026-02-03 02:12:03.803598
RITC,10.06,10.04,10.06,201200.0,177200.0,0,0,0,0,0,0,210,2026-02-03 02:12:04.829606
COMP,25.39,25.39,25.43,135800.0,119500.0,0,0,0,0,0,0,210,2026-02-03 02:12:04.829606
RITC,10.06,10.05,10.06,198600.0,167600.0,0,0,0,0,0,0,211,2026-02-03 02:12:05.855234
COMP,25.39,25.39,25.41,135800.0,126400.0,0,0,0,0,0,0,211,2026-02-03 02:12:05.855234
RITC,10.06,10.05,10.06,199800.0,176000.0,0,0,0,0,0,0,212,2026-02-03 02:12:06.886473
COMP,25.39,25.39,25.41,135000.0,134600.0,0,0,0,0,0,0,212,2026-02-03 02:12:06.886473
RITC,10.06,10.05,10.06,199800.0,164300.0,0,0,0,0,0,0,213,2026-02-03 02:12:07.919277
COMP,25.39,25.39,25.41,135000.0,141500.0,0,0,0,0,0,0,213,2026-02-03 02:12:07.919277
RITC,10.06,10.05,10.06,201100.0,174200.0,0,0,0,0,0,0,214,2026-02-03 02:12:08.953951
COMP,25.41,25.39,25.41,135000.0,141600.0,0,0,0,0,0,0,214,2026-02-03 02:12:08.953951
RITC,10.06,10.05,10.06,201100.0,184500.0,0,0,0,0,0,0,215,2026-02-03 02:12:09.481331
COMP,25.41,25.39,25.41,137100.0,141600.0,0,0,0,0,0,0,215,2026-02-03 02:12:09.481331
RITC,10.05,10.05,10.06,202900.0,194900.0,0,0,0,0,0,0,216,2026-02-03 02:12:10.504916
COMP,25.4,25.4,25.41,137100.0,141600.0,0,0,0,0,0,0,216,2026-02-03 02:12:10.504916
RITC,10.05,10.05,10.06,202900.0,195600.0,0,0,0,0,0,0,217,2026-02-03 02:12:11.527637
COMP,25.39,25.39,25.41,137100.0,141600.0,0,0,0,0,0,0,217,2026-02-03 02:12:11.527637
RITC,10.06,10.05,10.06,201100.0,197100.0,0,0,0,0,0,0,218,2026-02-03 02:12:12.563889
COMP,25.41,25.41,25.42,134100.0,142000.0,0,0,0,0,0,0,218,2026-02-03 02:12:12.563889
RITC,10.06,10.05,10.06,201100.0,199400.0,0,0,0,0,0,0,219,2026-02-03 02:12:13.603381
COMP,25.42,25.41,25.42,134100.0,142000.0,0,0,0,0,0,0,219,2026-02-03 02:12:13.603381
RITC,10.05,10.04,10.05,200600.0,197700.0,0,0,0,0,0,0,220,2026-02-03 02:12:14.637478
COMP,25.43,25.41,25.42,134100.0,142500.0,0,0,0,0,0,0,220,2026-02-03 02:12:14.637478
RITC,10.05,10.05,10.06,200700.0,198000.0,0,0,0,0,0,0,221,2026-02-03 02:12:15.678869
COMP,25.43,25.41,25.42,134100.0,142800.0,0,0,0,0,0,0,221,2026-02-03 02:12:15.678869
RITC,10.06,10.05,10.06,200700.0,200300.0,0,0,0,0,0,0,222,2026-02-03 02:12:16.709930
COMP,25.42,25.41,25.42,134100.0,142800.0,0,0,0,0,0,0,222,2026-02-03 02:12:16.709930
RITC,10.06,10.05,10.06,199900.0,200300.0,0,0,0,0,0,0,223,2026-02-03 02:12:17.735252
COMP,25.42,25.41,25.42,134200.0,143100.0,0,0,0,0,0,0,223,2026-02-03 02:12:17.735252
RITC,10.06,10.05,10.06,201000.0,190000.0,0,0,0,0,0,0,224,2026-02-03 02:12:18.763125
COMP,25.42,25.41,25.42,134100.0,143100.0,0,0,0,0,0,0,224,2026-02-03 02:12:18.763125
RITC,10.06,10.05,10.06,200000.0,190000.0,0,0,0,0,0,0,225,2026-02-03 02:12:19.786700
COMP,25.42,25.42,25.43,134900.0,140800.0,0,0,0,0,0,0,225,2026-02-03 02:12:19.786700
RITC,10.07,10.06,10.07,200900.0,179600.0,0,0,0,0,0,0,226,2026-02-03 02:12:20.810274
COMP,25.42,25.42,25.43,134900.0,140900.0,0,0,0,0,0,0,226,2026-02-03 02:12:20.810274
RITC,10.07,10.06,10.07,201500.0,190000.0,0,0,0,0,0,0,227,2026-02-03 02:12:21.833868
COMP,25.42,25.42,25.43,134900.0,142700.0,0,0,0,0,0,0,227,2026-02-03 02:12:21.833868
RITC,10.07,10.06,10.07,204400.0,190000.0,0,0,0,0,0,0,228,2026-02-03 02:12:22.857584
COMP,25.42,25.41,25.43,134100.0,142700.0,0,0,0,0,0,0,228,2026-02-03 02:12:22.857584
RITC,10.07,10.06,10.07,206300.0,200400.0,0,0,0,0,0,0,229,2026-02-03 02:12:23.882552
COMP,25.44,25.41,25.44,134100.0,139700.0,0,0,0,0,0,0,229,2026-02-03 02:12:23.882552
RITC,10.07,10.06,10.07,204400.0,200400.0,0,0,0,0,0,0,230,2026-02-03 02:12:24.904924
COMP,25.44,25.41,25.44,134100.0,140500.0,0,0,0,0,0,0,230,2026-02-03 02:12:24.904924
RITC,10.07,10.06,10.07,201700.0,200400.0,0,0,0,0,0,0,231,2026-02-03 02:12:25.926467
COMP,25.44,25.41,25.44,135000.0,140500.0,0,0,0,0,0,0,231,2026-02-03 02:12:25.926467
RITC,10.07,10.06,10.07,200800.0,191100.0,0,0,0,0,0,0,232,2026-02-03 02:12:26.950953
COMP,25.44,25.41,25.44,135400.0,140500.0,0,0,0,0,0,0,232,2026-02-03 02:12:26.950953
RITC,10.07,10.06,10.07,199400.0,180700.0,0,0,0,0,0,0,233,2026-02-03 02:12:27.975974
COMP,25.44,25.41,25.44,134200.0,140400.0,0,0,0,0,0,0,233,2026-02-03 02:12:27.975974
RITC,10.07,10.06,10.07,197500.0,180700.0,0,0,0,0,0,0,234,2026-02-03 02:12:29.003383
COMP,25.44,25.41,25.44,135100.0,140400.0,0,0,0,0,0,0,234,2026-02-03 02:12:29.003383
RITC,10.06,10.06,10.07,195100.0,180700.0,0,0,0,0,0,0,235,2026-02-03 02:12:30.028971
COMP,25.44,25.41,25.44,135100.0,139700.0,0,0,0,0,0,0,235,2026-02-03 02:12:30.028971
RITC,10.07,10.06,10.07,192600.0,169000.0,0,0,0,0,0,0,236,2026-02-03 02:12:31.059227
COMP,25.44,25.41,25.44,136400.0,139700.0,0,0,0,0,0,0,236,2026-02-03 02:12:31.059227
RITC,10.08,10.06,10.08,192600.0,159900.0,0,0,0,0,0,0,237,2026-02-03 02:12:31.586952
COMP,25.44,25.41,25.44,136400.0,139700.0,0,0,0,0,0,0,237,2026-02-03 02:12:31.586952
RITC,10.08,10.06,10.08,191700.0,151700.0,0,0,0,0,0,0,238,2026-02-03 02:12:32.607330
COMP,25.44,25.41,25.44,136400.0,138900.0,0,0,0,0,0,0,238,2026-02-03 02:12:32.607330
RITC,10.08,10.06,10.08,192300.0,151700.0,0,0,0,0,0,0,239,2026-02-03 02:12:33.648507
COMP,25.44,25.41,25.44,137000.0,138900.0,0,0,0,0,0,0,239,2026-02-03 02:12:33.648507
RITC,10.08,10.06,10.08,192300.0,141300.0,0,0,0,0,0,0,240,2026-02-03 02:12:34.691670
COMP,25.44,25.41,25.44,134300.0,138900.0,0,0,0,0,0,0,240,2026-02-03 02:12:34.691670
RITC,10.09,10.06,10.09,191000.0,130900.0,0,0,0,0,0,0,241,2026-02-03 02:12:35.731512
COMP,25.41,25.41,25.44,134300.0,138900.0,0,0,0,0,0,0,241,2026-02-03 02:12:35.731512
RITC,10.09,10.06,10.09,193600.0,130900.0,0,0,0,0,0,0,242,2026-02-03 02:12:36.765023
COMP,25.41,25.41,25.44,135600.0,138300.0,0,0,0,0,0,0,242,2026-02-03 02:12:36.765023
RITC,10.09,10.08,10.09,189700.0,130900.0,0,0,0,0,0,0,243,2026-02-03 02:12:37.796300
COMP,25.41,25.41,25.44,135600.0,138300.0,0,0,0,0,0,0,243,2026-02-03 02:12:37.796300
RITC,10.09,10.08,10.09,190300.0,130900.0,0,0,0,0,0,0,244,2026-02-03 02:12:38.821794
COMP,25.44,25.41,25.44,135600.0,136100.0,0,0,0,0,0,0,244,2026-02-03 02:12:38.821794
RITC,10.09,10.08,10.09,192600.0,130900.0,0,0,0,0,0,0,245,2026-02-03 02:12:39.845809
COMP,25.41,25.41,25.44,134900.0,136100.0,0,0,0,0,0,0,245,2026-02-03 02:12:39.845809
RITC,10.09,10.1,10.11,196000.0,110600.0,0,0,0,0,0,0,246,2026-02-03 02:12:40.873349
COMP,25.41,25.41,25.44,134900.0,137600.0,0,0,0,0,0,0,246,2026-02-03 02:12:40.873349
RITC,10.11,10.1,10.11,194500.0,110600.0,0,0,0,0,0,0,247,2026-02-03 02:12:41.906229
COMP,25.41,25.41,25.42,134900.0,136900.0,0,0,0,0,0,0,247,2026-02-03 02:12:41.906229
RITC,10.11,10.11,10.13,195700.0,100500.0,0,0,0,0,0,0,248,2026-02-03 02:12:42.932086
COMP,25.41,25.41,25.42,134900.0,134300.0,0,0,0,0,0,0,248,2026-02-03 02:12:42.932086
RITC,10.13,10.11,10.13,196500.0,100500.0,0,0,0,0,0,0,249,2026-02-03 02:12:43.970393
COMP,25.4,25.4,25.42,133600.0,134300.0,0,0,0,0,0,0,249,2026-02-03 02:12:43.970393
RITC,10.14,10.11,10.14,196500.0,100000.0,0,0,0,0,0,0,250,2026-02-03 02:12:44.997977
COMP,25.4,25.4,25.42,134600.0,135400.0,0,0,0,0,0,0,250,2026-02-03 02:12:44.997977
RITC,10.16,10.11,10.16,194400.0,99700.0,0,0,0,0,0,0,251,2026-02-03 02:12:46.024039
COMP,25.4,25.4,25.42,134300.0,135400.0,0,0,0,0,0,0,251,2026-02-03 02:12:46.024039
RITC,10.16,10.14,10.16,190700.0,99700.0,0,0,0,0,0,0,252,2026-02-03 02:12:47.050574
COMP,25.4,25.41,25.42,135500.0,132900.0,0,0,0,0,0,0,252,2026-02-03 02:12:47.050574
RITC,10.16,10.14,10.16,189700.0,99700.0,0,0,0,0,0,0,253,2026-02-03 02:12:48.073762
COMP,25.4,25.41,25.42,135500.0,133300.0,0,0,0,0,0,0,253,2026-02-03 02:12:48.073762
RITC,10.16,10.15,10.16,192200.0,99700.0,0,0,0,0,0,0,254,2026-02-03 02:12:49.097341
COMP,25.4,25.4,25.42,134300.0,134100.0,0,0,0,0,0,0,254,2026-02-03 02:12:49.097341
RITC,10.16,10.16,10.18,196600.0,100700.0,0,0,0,0,0,0,255,2026-02-03 02:12:50.124271
COMP,25.52,25.4,25.42,134300.0,134900.0,0,0,0,0,0,0,255,2026-02-03 02:12:50.124271
RITC,10.16,10.16,10.18,200300.0,100700.0,,0,0,0,0,0,256,2026-02-03 02:12:51.155976
COMP,25.42,25.4,25.42,128600.0,135100.0,5000.0,0,0,0,0,0,256,2026-02-03 02:12:51.155976
RITC,10.19,10.17,10.19,197300.0,102600.0,,0,0,0,0,0,257,2026-02-03 02:12:52.182715
COMP,25.44,25.4,25.44,128600.0,136400.0,5000.0,0,0,0,0,0,257,2026-02-03 02:12:52.182715
RITC,10.19,10.17,10.19,197000.0,102000.0,,0,0,0,0,0,258,2026-02-03 02:12:52.705723
COMP,25.44,25.4,25.44,128600.0,138900.0,5000.0,0,0,0,0,0,258,2026-02-03 02:12:52.705723
RITC,10.19,10.17,10.19,199000.0,102000.0,,0,0,0,0,0,259,2026-02-03 02:12:53.740089
COMP,25.44,25.4,25.44,128600.0,138900.0,5000.0,0,0,0,0,0,259,2026-02-03 02:12:53.740089
RITC,10.24,10.21,10.24,201500.0,104300.0,,0,0,0,0,0,260,2026-02-03 02:12:54.782395
COMP,25.4,25.4,25.44,128300.0,137800.0,5000.0,0,0,0,0,0,260,2026-02-03 02:12:54.782395
RITC,10.24,10.21,10.24,203400.0,104300.0,0,0,0,0,0,0,261,2026-02-03 02:12:55.810633
COMP,25.45,25.41,25.45,135600.0,137400.0,0,0,0,0,0,0,261,2026-02-03 02:12:55.810633
RITC,10.24,10.21,10.24,203100.0,104300.0,0,0,0,0,0,0,262,2026-02-03 02:12:56.840677
COMP,25.46,25.41,25.46,135200.0,138200.0,0,0,0,0,0,0,262,2026-02-03 02:12:56.840677
RITC,10.24,10.22,10.24,204800.0,104300.0,0,0,0,0,0,0,263,2026-02-03 02:12:57.868144
COMP,25.47,25.41,25.47,132700.0,137300.0,0,0,0,0,0,0,263,2026-02-03 02:12:57.868144
RITC,10.24,10.22,10.24,203800.0,112600.0,0,0,0,0,0,0,264,2026-02-03 02:12:58.893796
COMP,25.42,25.41,25.42,132700.0,138900.0,0,0,0,0,0,0,264,2026-02-03 02:12:58.893796
RITC,10.21,10.21,10.24,202300.0,112600.0,0,0,0,0,0,0,265,2026-02-03 02:12:59.916306
COMP,25.42,25.45,25.46,134600.0,140000.0,0,0,0,0,0,0,265,2026-02-03 02:12:59.916306
RITC,10.21,10.21,10.24,204400.0,121700.0,0,0,0,0,0,0,266,2026-02-03 02:13:00.939339
COMP,25.42,25.45,25.46,134600.0,140700.0,0,0,0,0,0,0,266,2026-02-03 02:13:00.939339
RITC,10.21,10.21,10.24,201400.0,121700.0,0,0,0,0,0,0,267,2026-02-03 02:13:01.972309
COMP,25.46,25.45,25.46,133300.0,140700.0,0,0,0,0,0,0,267,2026-02-03 02:13:01.972309
RITC,10.21,10.21,10.24,203200.0,121700.0,0,0,0,0,0,0,268,2026-02-03 02:13:03.020784
COMP,25.48,25.45,25.48,133300.0,139800.0,0,0,0,0,0,0,268,2026-02-03 02:13:03.020784
RITC,10.26,10.21,10.23,203200.0,123000.0,0,0,0,0,0,0,269,2026-02-03 02:13:04.058668
COMP,25.48,25.48,25.49,133800.0,126100.0,0,0,0,0,0,0,269,2026-02-03 02:13:04.058668
RITC,10.21,10.21,10.23,203200.0,123000.0,0,0,0,0,0,0,270,2026-02-03 02:13:05.082249
COMP,25.49,25.48,25.49,133800.0,119300.0,0,0,0,0,0,0,270,2026-02-03 02:13:05.082249
RITC,10.21,10.21,10.23,203000.0,132300.0,0,0,0,0,0,0,271,2026-02-03 02:13:06.105920
COMP,25.48,25.45,25.48,133200.0,127400.0,0,0,0,0,0,0,271,2026-02-03 02:13:06.105920
RITC,10.23,10.21,10.23,203800.0,132300.0,0,0,0,0,0,0,272,2026-02-03 02:13:07.132503
COMP,25.45,25.43,25.44,132100.0,133300.0,0,0,0,0,0,0,272,2026-02-03 02:13:07.132503
RITC,10.23,10.21,10.23,203100.0,132300.0,0,0,0,0,0,0,273,2026-02-03 02:13:08.157464
COMP,25.44,25.44,25.48,131700.0,127400.0,0,0,0,0,0,0,273,2026-02-03 02:13:08.157464
RITC,10.24,10.21,10.24,203100.0,121700.0,0,0,0,0,0,0,274,2026-02-03 02:13:09.183424
COMP,25.44,25.45,25.48,132700.0,127400.0,0,0,0,0,0,0,274,2026-02-03 02:13:09.183424
RITC,10.24,10.23,10.24,202300.0,131200.0,0,0,0,0,0,0,275,2026-02-03 02:13:10.209919
COMP,25.44,25.45,25.48,132700.0,134000.0,0,0,0,0,0,0,275,2026-02-03 02:13:10.209919
RITC,10.23,10.21,10.22,202100.0,141000.0,0,0,0,0,0,0,276,2026-02-03 02:13:11.234641
COMP,25.44,25.47,25.48,133900.0,140800.0,0,0,0,0,0,0,276,2026-02-03 02:13:11.234641
RITC,10.23,10.21,10.22,202100.0,157500.0,0,0,0,0,0,0,277,2026-02-03 02:13:12.265232
COMP,25.49,25.47,25.49,133900.0,132700.0,0,0,0,0,0,0,277,2026-02-03 02:13:12.265232
RITC,10.21,10.21,10.22,201400.0,157500.0,0,0,0,0,0,0,278,2026-02-03 02:13:12.787390
COMP,25.47,25.47,25.49,133900.0,132700.0,0,0,0,0,0,0,278,2026-02-03 02:13:12.787390
RITC,10.21,10.21,10.22,198900.0,157500.0,0,0,0,0,0,0,279,2026-02-03 02:13:13.807112
COMP,25.47,25.47,25.49,133900.0,138200.0,0,0,0,0,0,0,279,2026-02-03 02:13:13.807112
RITC,10.21,10.21,10.22,200300.0,168300.0,0,0,0,0,0,0,280,2026-02-03 02:13:14.832113
COMP,25.45,25.45,25.49,135000.0,138200.0,0,0,0,0,0,0,280,2026-02-03 02:13:14.832113
RITC,10.2,10.2,10.22,202200.0,150400.0,0,0,0,0,0,0,281,2026-02-03 02:13:15.851849
COMP,25.49,25.45,25.49,135000.0,124800.0,0,0,0,0,0,0,281,2026-02-03 02:13:15.851849
RITC,10.2,10.2,10.23,202200.0,139600.0,0,0,0,0,0,0,282,2026-02-03 02:13:16.877966
COMP,25.49,25.45,25.49,134600.0,124800.0,0,0,0,0,0,0,282,2026-02-03 02:13:16.877966
RITC,10.23,10.23,10.24,199600.0,131200.0,0,0,0,0,0,0,283,2026-02-03 02:13:17.907612
COMP,25.49,25.46,25.49,133900.0,124800.0,0,0,0,0,0,0,283,2026-02-03 02:13:17.907612
RITC,10.23,10.22,10.23,201100.0,150400.0,0,0,0,0,0,0,284,2026-02-03 02:13:18.952715
COMP,25.46,25.46,25.49,133900.0,124800.0,0,0,0,0,0,0,284,2026-02-03 02:13:18.952715
RITC,10.22,10.2,10.22,202200.0,160700.0,0,0,0,0,0,0,285,2026-02-03 02:13:19.991536
COMP,25.5,25.46,25.5,133900.0,124500.0,0,0,0,0,0,0,285,2026-02-03 02:13:19.991536
RITC,10.2,10.2,10.22,202300.0,170300.0,0,0,0,0,0,0,286,2026-02-03 02:13:21.029352
COMP,25.44,25.44,25.5,134700.0,130600.0,0,0,0,0,0,0,286,2026-02-03 02:13:21.029352
RITC,10.2,10.21,10.22,202000.0,179400.0,0,0,0,0,0,0,287,2026-02-03 02:13:22.084679
COMP,25.44,25.44,25.45,134700.0,137700.0,0,0,0,0,0,0,287,2026-02-03 02:13:22.084679
RITC,10.22,10.22,10.23,203700.0,169100.0,0,0,0,0,0,0,288,2026-02-03 02:13:23.115088
COMP,25.45,25.45,25.5,135900.0,136400.0,0,0,0,0,0,0,288,2026-02-03 02:13:23.115088
RITC,10.2,10.19,10.2,203400.0,180300.0,0,0,0,0,0,0,289,2026-02-03 02:13:24.141398
COMP,25.45,25.45,25.5,135900.0,136400.0,0,0,0,0,0,0,289,2026-02-03 02:13:24.141398
RITC,10.2,10.2,10.22,202000.0,178500.0,0,0,0,0,0,0,290,2026-02-03 02:13:25.164735
COMP,25.45,25.45,25.5,134500.0,136400.0,0,0,0,0,0,0,290,2026-02-03 02:13:25.164735
RITC,10.19,10.19,10.22,203700.0,188000.0,0,0,0,0,0,0,291,2026-02-03 02:13:26.184667
COMP,25.5,25.45,25.5,134500.0,130600.0,0,0,0,0,0,0,291,2026-02-03 02:13:26.184667
RITC,10.19,10.19,10.22,203700.0,198900.0,0,0,0,0,0,0,292,2026-02-03 02:13:27.212844
COMP,25.5,25.45,25.48,134500.0,135700.0,0,0,0,0,0,0,292,2026-02-03 02:13:27.212844
RITC,10.19,10.19,10.22,205200.0,200400.0,0,0,0,0,0,0,293,2026-02-03 02:13:28.235993
COMP,25.5,25.45,25.48,134500.0,137400.0,0,0,0,0,0,0,293,2026-02-03 02:13:28.235993
RITC,10.18,10.18,10.21,203900.0,196700.0,0,0,0,0,0,0,294,2026-02-03 02:13:29.254601
COMP,25.48,25.49,25.5,134700.0,138100.0,0,0,0,0,0,0,294,2026-02-03 02:13:29.254601
RITC,10.18,10.18,10.21,203900.0,197600.0,0,0,0,0,0,0,295,2026-02-03 02:13:30.283983
COMP,25.49,25.49,25.5,134400.0,138100.0,0,0,0,0,0,0,295,2026-02-03 02:13:30.283983
RITC,10.17,10.17,10.21,202500.0,197300.0,0,0,0,0,0,0,296,2026-02-03 02:13:31.302882
COMP,25.49,25.45,25.48,134900.0,138000.0,0,0,0,0,0,0,296,2026-02-03 02:13:31.302882
RITC,10.17,10.17,10.18,202500.0,193800.0,0,0,0,0,0,0,297,2026-02-03 02:13:31.824150
COMP,25.49,25.46,25.48,135300.0,138000.0,0,0,0,0,0,0,297,2026-02-03 02:13:31.824150
RITC,10.17,10.17,10.18,205500.0,193300.0,0,0,0,0,0,0,298,2026-02-03 02:13:32.848320
COMP,25.49,25.46,25.48,135300.0,138000.0,0,0,0,0,0,0,298,2026-02-03 02:13:32.848320
RITC,10.17,10.17,10.18,205500.0,195300.0,0,0,0,0,0,0,299,2026-02-03 02:13:33.872105
COMP,25.49,25.46,25.48,135300.0,138000.0,0,0,0,0,0,0,299,2026-02-03 02:13:33.872105
RITC,10.17,10.17,10.18,205500.0,192600.0,0,0,0,0,0,0,300,2026-02-03 02:13:34.900552
COMP,25.5,25.46,25.5,135300.0,139900.0,0,0,0,0,0,0,300,2026-02-03 02:13:34.900552
RITC,10.17,10.17,10.18,204500.0,191500.0,0,0,0,0,0,0,301,2026-02-03 02:13:35.923051
COMP,25.51,25.46,25.51,134300.0,132600.0,0,0,0,0,0,0,301,2026-02-03 02:13:35.923051
RITC,10.16,10.16,10.18,201900.0,191500.0,0,0,0,0,0,0,302,2026-02-03 02:13:36.950964
COMP,25.51,25.46,25.51,134300.0,118100.0,0,0,0,0,0,0,302,2026-02-03 02:13:36.950964
RITC,10.16,10.16,10.18,201900.0,192900.0,0,0,0,0,0,0,303,2026-02-03 02:13:37.973828
COMP,25.46,25.46,25.51,133300.0,118100.0,0,0,0,0,0,0,303,2026-02-03 02:13:37.973828
RITC,10.15,10.15,10.18,198600.0,190400.0,0,0,0,0,0,0,304,2026-02-03 02:13:38.996824
COMP,25.51,25.46,25.51,133300.0,112000.0,0,0,0,0,0,0,304,2026-02-03 02:13:38.996824
RITC,10.15,10.15,10.17,199400.0,191200.0,0,0,0,0,0,0,305,2026-02-03 02:13:40.023524
COMP,25.51,25.48,25.51,134200.0,112000.0,0,0,0,0,0,0,305,2026-02-03 02:13:40.023524
RITC,10.15,10.15,10.17,199400.0,194900.0,0,0,0,0,0,0,306,2026-02-03 02:13:41.060058
COMP,25.51,25.48,25.51,132600.0,112000.0,0,0,0,0,0,0,306,2026-02-03 02:13:41.060058
RITC,10.16,10.15,10.16,199400.0,196500.0,0,0,0,0,0,0,307,2026-02-03 02:13:42.095641
COMP,25.51,25.48,25.51,133100.0,112000.0,0,0,0,0,0,0,307,2026-02-03 02:13:42.095641
RITC,10.15,10.15,10.16,199100.0,196500.0,0,0,0,0,0,0,308,2026-02-03 02:13:43.148126
COMP,25.51,25.48,25.51,134200.0,112000.0,0,0,0,0,0,0,308,2026-02-03 02:13:43.148126
RITC,10.17,10.15,10.17,199100.0,194900.0,0,0,0,0,0,0,309,2026-02-03 02:13:44.180798
COMP,25.51,25.51,25.52,134200.0,105500.0,0,0,0,0,0,0,309,2026-02-03 02:13:44.180798
RITC,10.17,10.15,10.17,199100.0,192800.0,0,0,0,0,0,0,310,2026-02-03 02:13:45.209555
COMP,25.52,25.53,25.55,136500.0,98800.0,0,0,0,0,0,0,310,2026-02-03 02:13:45.209555
RITC,10.15,10.15,10.16,195700.0,194000.0,0,0,0,0,0,0,311,2026-02-03 02:13:46.237282
COMP,25.55,25.53,25.55,136500.0,90900.0,0,0,0,0,0,0,311,2026-02-03 02:13:46.237282
RITC,10.15,10.15,10.16,195700.0,194500.0,0,0,0,0,0,0,312,2026-02-03 02:13:47.260034
COMP,25.56,25.53,25.56,136500.0,85100.0,0,0,0,0,0,0,312,2026-02-03 02:13:47.260034
RITC,10.15,10.15,10.16,195700.0,194500.0,0,0,0,0,0,0,313,2026-02-03 02:13:48.285719
COMP,25.56,25.56,25.59,136800.0,77200.0,0,0,0,0,0,0,313,2026-02-03 02:13:48.285719
RITC,10.15,10.15,10.16,196700.0,194500.0,0,0,0,0,0,0,314,2026-02-03 02:13:49.308106
COMP,25.56,25.57,25.59,136200.0,77200.0,0,0,0,0,0,0,314,2026-02-03 02:13:49.308106
RITC,10.15,10.15,10.16,192000.0,194500.0,0,0,0,0,0,0,315,2026-02-03 02:13:50.332743
COMP,25.56,25.57,25.59,136200.0,77200.0,0,0,0,0,0,0,315,2026-02-03 02:13:50.332743
RITC,10.17,10.15,10.17,192000.0,194800.0,0,0,0,0,0,0,316,2026-02-03 02:13:51.378635
COMP,25.56,25.57,25.59,136200.0,77200.0,0,0,0,0,0,0,316,2026-02-03 02:13:51.378635
RITC,10.15,10.16,10.17,192600.0,194800.0,0,0,0,0,0,0,317,2026-02-03 02:13:52.433355
COMP,25.59,25.61,25.65,135600.0,71100.0,0,0,0,0,0,0,317,2026-02-03 02:13:52.433355
RITC,10.14,10.14,10.17,192200.0,194800.0,0,0,0,0,0,0,318,2026-02-03 02:13:52.962141
COMP,25.59,25.61,25.65,133500.0,71100.0,0,0,0,0,0,0,318,2026-02-03 02:13:52.962141
RITC,10.17,10.14,10.15,190100.0,193200.0,0,0,0,0,0,0,319,2026-02-03 02:13:53.985128
COMP,25.65,25.61,25.65,133500.0,71100.0,0,0,0,0,0,0,319,2026-02-03 02:13:53.985128
RITC,10.17,10.14,10.15,192200.0,193200.0,0,0,0,0,0,0,320,2026-02-03 02:13:55.004668
COMP,25.58,25.58,25.65,136200.0,71100.0,0,0,0,0,0,0,320,2026-02-03 02:13:55.004668
RITC,10.15,10.15,10.17,191900.0,193700.0,0,0,0,0,0,0,321,2026-02-03 02:13:56.029566
COMP,25.58,25.58,25.65,136200.0,78600.0,0,0,0,0,0,0,321,2026-02-03 02:13:56.029566
RITC,10.15,10.16,10.17,191800.0,193700.0,0,0,0,0,0,0,322,2026-02-03 02:13:57.050582
COMP,25.56,25.56,25.65,136100.0,78600.0,0,0,0,0,0,0,322,2026-02-03 02:13:57.050582
RITC,10.15,10.16,10.17,193300.0,193700.0,0,0,0,0,0,0,323,2026-02-03 02:13:58.073299
COMP,25.56,25.56,25.63,136100.0,92200.0,0,0,0,0,0,0,323,2026-02-03 02:13:58.073299
RITC,10.15,10.15,10.17,194100.0,193700.0,0,0,0,0,0,0,324,2026-02-03 02:13:59.112735
COMP,25.56,25.58,25.63,135400.0,92200.0,0,0,0,0,0,0,324,2026-02-03 02:13:59.112735
RITC,10.15,10.16,10.17,194000.0,195100.0,0,0,0,0,0,0,325,2026-02-03 02:14:00.146699
COMP,25.56,25.58,25.63,135400.0,98700.0,0,0,0,0,0,0,325,2026-02-03 02:14:00.146699
RITC,10.16,10.16,10.17,194000.0,197000.0,0,0,0,0,0,0,326,2026-02-03 02:14:01.183161
COMP,25.56,25.58,25.63,135400.0,105900.0,0,0,0,0,0,0,326,2026-02-03 02:14:01.183161
RITC,10.17,10.16,10.17,191900.0,195000.0,0,0,0,0,0,0,327,2026-02-03 02:14:02.210001
COMP,25.56,25.56,25.63,136100.0,113200.0,0,0,0,0,0,0,327,2026-02-03 02:14:02.210001
RITC,10.15,10.14,10.15,191100.0,194400.0,0,0,0,0,0,0,328,2026-02-03 02:14:03.239987
COMP,25.51,25.51,25.63,135800.0,113200.0,0,0,0,0,0,0,328,2026-02-03 02:14:03.239987
RITC,10.14,10.14,10.15,192300.0,194400.0,0,0,0,0,0,0,329,2026-02-03 02:14:04.264680
COMP,25.51,25.51,25.63,135800.0,113200.0,0,0,0,0,0,0,329,2026-02-03 02:14:04.264680
RITC,10.14,10.14,10.15,194800.0,194400.0,0,0,0,0,0,0,330,2026-02-03 02:14:05.288614
COMP,25.64,25.51,25.64,135800.0,106600.0,0,0,0,0,0,0,330,2026-02-03 02:14:05.288614
RITC,10.15,10.16,10.17,195300.0,192100.0,0,0,0,0,0,0,331,2026-02-03 02:14:06.309244
COMP,25.64,25.51,25.62,135800.0,104900.0,0,0,0,0,0,0,331,2026-02-03 02:14:06.309244
RITC,10.14,10.14,10.17,194800.0,194300.0,0,0,0,0,0,0,332,2026-02-03 02:14:07.331556
COMP,25.64,25.51,25.58,135800.0,110500.0,0,0,0,0,0,0,332,2026-02-03 02:14:07.331556
RITC,10.14,10.14,10.16,194800.0,192100.0,0,0,0,0,0,0,333,2026-02-03 02:14:08.354002
COMP,25.64,25.51,25.53,135800.0,123500.0,0,0,0,0,0,0,333,2026-02-03 02:14:08.354002
RITC,10.16,10.16,10.17,194400.0,194300.0,0,0,0,0,0,0,334,2026-02-03 02:14:09.380982
COMP,25.5,25.49,25.5,135700.0,131500.0,0,0,0,0,0,0,334,2026-02-03 02:14:09.380982
RITC,10.16,10.16,10.17,194400.0,192000.0,0,0,0,0,0,0,335,2026-02-03 02:14:10.403351
COMP,25.5,25.49,25.5,135700.0,138900.0,0,0,0,0,0,0,335,2026-02-03 02:14:10.403351
RITC,10.13,10.13,10.16,192600.0,192100.0,0,0,0,0,0,0,336,2026-02-03 02:14:11.423223
COMP,25.5,25.49,25.5,137800.0,138900.0,0,0,0,0,0,0,336,2026-02-03 02:14:11.423223
RITC,10.13,10.13,10.14,194100.0,192800.0,0,0,0,0,0,0,337,2026-02-03 02:14:12.446515
COMP,25.5,25.49,25.5,139800.0,130900.0,0,0,0,0,0,0,337,2026-02-03 02:14:12.446515
RITC,10.13,10.13,10.14,194100.0,195300.0,0,0,0,0,0,0,338,2026-02-03 02:14:13.471476
COMP,25.49,25.49,25.5,139800.0,138500.0,0,0,0,0,0,0,338,2026-02-03 02:14:13.471476
RITC,10.14,10.13,10.14,194100.0,193200.0,0,0,0,0,0,0,339,2026-02-03 02:14:14.500699
COMP,25.49,25.49,25.5,139300.0,138500.0,0,0,0,0,0,0,339,2026-02-03 02:14:14.500699
RITC,10.14,10.13,10.14,197200.0,194600.0,0,0,0,0,0,0,340,2026-02-03 02:14:15.530394
COMP,25.48,25.48,25.49,139600.0,138800.0,0,0,0,0,0,0,340,2026-02-03 02:14:15.530394
RITC,10.13,10.13,10.14,197800.0,194600.0,0,0,0,0,0,0,341,2026-02-03 02:14:16.073821
COMP,25.48,25.48,25.49,139600.0,139200.0,0,0,0,0,0,0,341,2026-02-03 02:14:16.073821
RITC,10.14,10.13,10.14,197800.0,193200.0,0,0,0,0,0,0,342,2026-02-03 02:14:17.105362
COMP,25.48,25.48,25.49,139800.0,139200.0,0,0,0,0,0,0,342,2026-02-03 02:14:17.105362
RITC,10.13,10.13,10.14,195500.0,193200.0,0,0,0,0,0,0,343,2026-02-03 02:14:18.145692
COMP,25.48,25.48,25.49,139800.0,140300.0,0,0,0,0,0,0,343,2026-02-03 02:14:18.145692
RITC,10.13,10.13,10.14,195700.0,193200.0,0,0,0,0,0,0,344,2026-02-03 02:14:19.201659
COMP,25.5,25.48,25.5,141600.0,139400.0,0,0,0,0,0,0,344,2026-02-03 02:14:19.201659
RITC,10.13,10.12,10.13,194900.0,193500.0,0,0,0,0,0,0,345,2026-02-03 02:14:20.354760
COMP,25.49,25.48,25.49,141600.0,140200.0,0,0,0,0,0,0,345,2026-02-03 02:14:20.354760
RITC,10.13,10.12,10.13,194900.0,192100.0,0,0,0,0,0,0,346,2026-02-03 02:14:21.388297
COMP,25.49,25.48,25.49,141600.0,138800.0,0,0,0,0,0,0,346,2026-02-03 02:14:21.388297
RITC,10.13,10.12,10.13,194900.0,193900.0,0,0,0,0,0,0,347,2026-02-03 02:14:22.423859
COMP,25.5,25.5,25.51,142800.0,138600.0,0,0,0,0,0,0,347,2026-02-03 02:14:22.423859
RITC,10.12,10.12,10.13,194800.0,192700.0,0,0,0,0,0,0,348,2026-02-03 02:14:23.449006
COMP,25.5,25.5,25.51,142800.0,140000.0,0,0,0,0,0,0,348,2026-02-03 02:14:23.449006
RITC,10.12,10.12,10.13,194000.0,192700.0,0,0,0,0,0,0,349,2026-02-03 02:14:24.478589
COMP,25.5,25.5,25.51,142300.0,140000.0,0,0,0,0,0,0,349,2026-02-03 02:14:24.478589
RITC,10.12,10.12,10.13,190900.0,194800.0,0,0,0,0,0,0,350,2026-02-03 02:14:25.504153
COMP,25.5,25.5,25.51,142100.0,140000.0,0,0,0,0,0,0,350,2026-02-03 02:14:25.504153
RITC,10.12,10.11,10.12,189200.0,193000.0,0,0,0,0,0,0,351,2026-02-03 02:14:26.527111
COMP,25.5,25.5,25.51,143700.0,140000.0,0,0,0,0,0,0,351,2026-02-03 02:14:26.527111
RITC,10.11,10.11,10.12,188800.0,191900.0,0,0,0,0,0,0,352,2026-02-03 02:14:27.556654
COMP,25.5,25.5,25.51,143900.0,138300.0,0,0,0,0,0,0,352,2026-02-03 02:14:27.556654
RITC,10.11,10.11,10.12,190700.0,191900.0,0,0,0,0,0,0,353,2026-02-03 02:14:28.584763
COMP,25.5,25.5,25.51,142700.0,138300.0,0,0,0,0,0,0,353,2026-02-03 02:14:28.584763
RITC,10.11,10.11,10.12,190200.0,194900.0,0,0,0,0,0,0,354,2026-02-03 02:14:29.605736
COMP,25.5,25.5,25.51,142700.0,138300.0,0,0,0,0,0,0,354,2026-02-03 02:14:29.605736
RITC,10.1,10.1,10.11,189300.0,197300.0,0,0,0,0,0,0,355,2026-02-03 02:14:30.636965
COMP,25.51,25.5,25.51,142700.0,136500.0,0,0,0,0,0,0,355,2026-02-03 02:14:30.636965
RITC,10.1,10.1,10.11,189300.0,198500.0,0,0,0,0,0,0,356,2026-02-03 02:14:31.160934
COMP,25.51,25.5,25.51,142700.0,138100.0,0,0,0,0,0,0,356,2026-02-03 02:14:31.160934
RITC,10.1,10.1,10.11,189900.0,198500.0,0,0,0,0,0,0,357,2026-02-03 02:14:32.188600
COMP,25.51,25.5,25.51,142700.0,138100.0,0,0,0,0,0,0,357,2026-02-03 02:14:32.188600
RITC,10.09,10.08,10.09,193500.0,197400.0,0,0,0,0,0,0,358,2026-02-03 02:14:33.209431
COMP,25.53,25.5,25.53,140600.0,136900.0,0,0,0,0,0,0,358,2026-02-03 02:14:33.209431
RITC,10.08,10.08,10.09,195400.0,197400.0,0,0,0,0,0,0,359,2026-02-03 02:14:34.235571
COMP,25.53,25.5,25.53,139700.0,136900.0,0,0,0,0,0,0,359,2026-02-03 02:14:34.235571
RITC,10.08,10.08,10.09,194200.0,197400.0,0,0,0,0,0,0,360,2026-02-03 02:14:35.262781
COMP,25.5,25.5,25.53,139400.0,136900.0,0,0,0,0,0,0,360,2026-02-03 02:14:35.262781
RITC,10.08,10.06,10.07,191500.0,195600.0,0,0,0,0,0,0,361,2026-02-03 02:14:36.290486
COMP,25.53,25.5,25.53,139400.0,137600.0,0,0,0,0,0,0,361,2026-02-03 02:14:36.290486
RITC,10.06,10.06,10.07,191500.0,193200.0,0,0,0,0,0,0,362,2026-02-03 02:14:37.325988
COMP,25.53,25.5,25.53,139400.0,135900.0,0,0,0,0,0,0,362,2026-02-03 02:14:37.325988
RITC,10.06,10.06,10.07,189400.0,193200.0,0,0,0,0,0,0,363,2026-02-03 02:14:38.366189
COMP,25.5,25.5,25.53,138600.0,135900.0,0,0,0,0,0,0,363,2026-02-03 02:14:38.366189
RITC,10.06,10.06,10.07,192400.0,191700.0,0,0,0,0,0,0,364,2026-02-03 02:14:39.402387
COMP,25.53,25.5,25.53,138600.0,136200.0,0,0,0,0,0,0,364,2026-02-03 02:14:39.402387
RITC,10.06,10.06,10.07,196100.0,193700.0,0,0,0,0,0,0,365,2026-02-03 02:14:40.433959
COMP,25.5,25.5,25.53,140000.0,136200.0,0,0,0,0,0,0,365,2026-02-03 02:14:40.433959
RITC,10.06,10.06,10.07,196500.0,193700.0,0,0,0,0,0,0,366,2026-02-03 02:14:41.463861
COMP,25.5,25.5,25.53,140000.0,136200.0,0,0,0,0,0,0,366,2026-02-03 02:14:41.463861
RITC,10.06,10.06,10.07,194100.0,193700.0,0,0,0,0,0,0,367,2026-02-03 02:14:42.503129
COMP,25.5,25.5,25.52,140000.0,137500.0,0,0,0,0,0,0,367,2026-02-03 02:14:42.503129
RITC,10.06,10.06,10.07,195800.0,193700.0,0,0,0,0,0,0,368,2026-02-03 02:14:43.529327
COMP,25.5,25.5,25.51,140000.0,138700.0,0,0,0,0,0,0,368,2026-02-03 02:14:43.529327
RITC,10.06,10.06,10.07,195500.0,195800.0,0,0,0,0,0,0,369,2026-02-03 02:14:44.552223
COMP,25.51,25.5,25.51,140000.0,136800.0,0,0,0,0,0,0,369,2026-02-03 02:14:44.552223
RITC,10.06,10.06,10.07,195500.0,195500.0,0,0,0,0,0,0,370,2026-02-03 02:14:45.575657
COMP,25.51,25.5,25.51,138700.0,136800.0,0,0,0,0,0,0,370,2026-02-03 02:14:45.575657
RITC,10.06,10.06,10.07,196400.0,195500.0,0,0,0,0,0,0,371,2026-02-03 02:14:46.601645
COMP,25.5,25.5,25.52,139600.0,137500.0,0,0,0,0,0,0,371,2026-02-03 02:14:46.601645
RITC,10.06,10.06,10.07,196400.0,195900.0,0,0,0,0,0,0,372,2026-02-03 02:14:47.626249
COMP,25.5,25.5,25.52,139700.0,137500.0,0,0,0,0,0,0,372,2026-02-03 02:14:47.626249
RITC,10.05,10.05,10.07,196900.0,195900.0,0,0,0,0,0,0,373,2026-02-03 02:14:48.649787
COMP,25.52,25.5,25.52,139700.0,137500.0,0,0,0,0,0,0,373,2026-02-03 02:14:48.649787
RITC,10.05,10.05,10.07,199400.0,195900.0,0,0,0,0,0,0,374,2026-02-03 02:14:49.675617
COMP,25.53,25.51,25.53,141200.0,136100.0,0,0,0,0,0,0,374,2026-02-03 02:14:49.675617
RITC,10.05,10.05,10.07,199400.0,192100.0,0,0,0,0,0,0,375,2026-02-03 02:14:50.702191
COMP,25.53,25.53,25.54,141200.0,138000.0,0,0,0,0,0,0,375,2026-02-03 02:14:50.702191
RITC,10.05,10.05,10.07,199400.0,189000.0,0,0,0,0,0,0,376,2026-02-03 02:14:51.730971
COMP,25.53,25.53,25.54,141600.0,138000.0,0,0,0,0,0,0,376,2026-02-03 02:14:51.730971
RITC,10.07,10.06,10.07,199600.0,192500.0,0,0,0,0,0,0,377,2026-02-03 02:14:52.762886
COMP,25.54,25.53,25.54,140900.0,138000.0,0,0,0,0,0,0,377,2026-02-03 02:14:52.762886
RITC,10.07,10.06,10.07,199600.0,195500.0,0,0,0,0,0,0,378,2026-02-03 02:14:53.288629
COMP,25.54,25.53,25.54,140900.0,138000.0,0,0,0,0,0,0,378,2026-02-03 02:14:53.288629
RITC,10.05,10.05,10.07,199600.0,195500.0,0,0,0,0,0,0,379,2026-02-03 02:14:54.308938
COMP,25.56,25.54,25.56,142900.0,137200.0,0,0,0,0,0,0,379,2026-02-03 02:14:54.308938
RITC,10.07,10.05,10.07,199600.0,197900.0,0,0,0,0,0,0,380,2026-02-03 02:14:55.327750
COMP,25.57,25.54,25.57,142900.0,138400.0,0,0,0,0,0,0,380,2026-02-03 02:14:55.327750
RITC,10.07,10.05,10.06,199600.0,197000.0,0,0,0,0,0,0,381,2026-02-03 02:14:56.353573
COMP,25.57,25.54,25.57,143300.0,138400.0,0,0,0,0,0,0,381,2026-02-03 02:14:56.353573
RITC,10.07,10.05,10.06,199600.0,196500.0,0,0,0,0,0,0,382,2026-02-03 02:14:57.377485
COMP,25.57,25.54,25.57,143300.0,138400.0,0,0,0,0,0,0,382,2026-02-03 02:14:57.377485
RITC,10.05,10.04,10.05,200200.0,195900.0,0,0,0,0,0,0,383,2026-02-03 02:14:58.398677
COMP,25.58,25.54,25.58,142700.0,130300.0,0,0,0,0,0,0,383,2026-02-03 02:14:58.398677
RITC,10.05,10.04,10.05,201500.0,195400.0,0,0,0,0,0,0,384,2026-02-03 02:14:59.431520
COMP,25.58,25.58,25.6,140700.0,124700.0,0,0,0,0,0,0,384,2026-02-03 02:14:59.431520
RITC,10.04,10.04,10.05,201300.0,194700.0,0,0,0,0,0,0,385,2026-02-03 02:15:00.478004
COMP,25.6,25.58,25.6,140700.0,117200.0,0,0,0,0,0,0,385,2026-02-03 02:15:00.478004
RITC,10.06,10.04,10.06,199000.0,196300.0,0,0,0,0,0,0,386,2026-02-03 02:15:01.511589
COMP,25.6,25.58,25.6,138600.0,117200.0,0,0,0,0,0,0,386,2026-02-03 02:15:01.511589
RITC,10.04,10.04,10.06,199800.0,196300.0,0,0,0,0,0,0,387,2026-02-03 02:15:02.542979
COMP,25.66,25.61,25.66,137200.0,97200.0,0,0,0,0,0,0,387,2026-02-03 02:15:02.542979
RITC,10.04,10.05,10.06,200200.0,196300.0,0,0,0,0,0,0,388,2026-02-03 02:15:03.571260
COMP,25.66,25.61,25.66,137200.0,97200.0,0,0,0,0,0,0,388,2026-02-03 02:15:03.571260
RITC,10.04,10.05,10.06,200200.0,196200.0,0,0,0,0,0,0,389,2026-02-03 02:15:04.596187
COMP,25.67,25.61,25.67,138700.0,90000.0,0,0,0,0,0,0,389,2026-02-03 02:15:04.596187
RITC,10.05,10.05,10.06,199700.0,198200.0,0,0,0,0,0,0,390,2026-02-03 02:15:05.625556
COMP,25.67,25.66,25.67,141100.0,90000.0,0,0,0,0,0,0,390,2026-02-03 02:15:05.625556
RITC,10.04,10.04,10.05,195800.0,197700.0,0,0,0,0,0,0,391,2026-02-03 02:15:06.650578
COMP,25.71,25.66,25.71,140400.0,82500.0,0,0,0,0,0,0,391,2026-02-03 02:15:06.650578
RITC,10.04,10.04,10.05,195800.0,199200.0,0,0,0,0,0,0,392,2026-02-03 02:15:07.699910
COMP,25.71,25.66,25.71,139700.0,82500.0,0,0,0,0,0,0,392,2026-02-03 02:15:07.699910
RITC,10.04,10.04,10.05,196600.0,199000.0,0,0,0,0,0,0,393,2026-02-03 02:15:08.748009
COMP,25.72,25.66,25.72,139700.0,68500.0,0,0,0,0,0,0,393,2026-02-03 02:15:08.748009
RITC,10.04,10.04,10.05,198500.0,201100.0,0,0,0,0,0,0,394,2026-02-03 02:15:09.767528
COMP,25.74,25.66,25.74,139700.0,68100.0,0,0,0,0,0,0,394,2026-02-03 02:15:09.767528
RITC,10.03,10.03,10.04,200700.0,202700.0,0,0,0,0,0,0,395,2026-02-03 02:15:10.802896
COMP,25.74,25.73,25.74,138300.0,68100.0,0,0,0,0,0,0,395,2026-02-03 02:15:10.802896
RITC,10.03,10.03,10.04,199600.0,202700.0,0,0,0,0,0,0,396,2026-02-03 02:15:11.348636
COMP,25.74,25.73,25.74,138100.0,68100.0,0,0,0,0,0,0,396,2026-02-03 02:15:11.348636
RITC,10.03,10.03,10.04,203100.0,202700.0,0,0,0,0,0,0,397,2026-02-03 02:15:12.372078
COMP,25.75,25.73,25.75,138100.0,68200.0,0,0,0,0,0,0,397,2026-02-03 02:15:12.372078
RITC,10.03,10.03,10.04,203100.0,201500.0,0,0,0,0,0,0,398,2026-02-03 02:15:13.395266
COMP,25.73,25.73,25.76,138100.0,68800.0,0,0,0,0,0,0,398,2026-02-03 02:15:13.395266
RITC,10.03,10.03,10.04,202700.0,204500.0,0,0,0,0,0,0,399,2026-02-03 02:15:14.416542
COMP,25.73,25.73,25.76,137500.0,68800.0,0,0,0,0,0,0,399,2026-02-03 02:15:14.416542
RITC,10.03,10.03,10.04,202100.0,201800.0,0,0,0,0,0,0,400,2026-02-03 02:15:15.441631
COMP,25.73,25.75,25.76,136900.0,68800.0,0,0,0,0,0,0,400,2026-02-03 02:15:15.441631
RITC,10.03,10.03,10.04,201000.0,200800.0,0,0,0,0,0,0,401,2026-02-03 02:15:16.472039
COMP,25.76,25.75,25.76,136900.0,68800.0,0,0,0,0,0,0,401,2026-02-03 02:15:16.472039
RITC,10.02,10.02,10.03,200900.0,202400.0,0,0,0,0,0,0,402,2026-02-03 02:15:17.498765
COMP,25.76,25.77,25.93,138200.0,70100.0,0,0,0,0,0,0,402,2026-02-03 02:15:17.498765
RITC,10.02,10.02,10.03,200900.0,204800.0,0,0,0,0,0,0,403,2026-02-03 02:15:18.541387
COMP,25.76,25.81,25.93,137500.0,70100.0,0,0,0,0,0,0,403,2026-02-03 02:15:18.541387
RITC,10.02,10.02,10.03,200900.0,204200.0,0,0,0,0,0,0,404,2026-02-03 02:15:19.570255
COMP,25.93,25.84,25.93,136100.0,70100.0,0,0,0,0,0,0,404,2026-02-03 02:15:19.570255
RITC,10.02,10.02,10.03,200900.0,208400.0,0,0,0,0,0,0,405,2026-02-03 02:15:20.603961
COMP,25.81,25.81,25.92,137500.0,75800.0,0,0,0,0,0,0,405,2026-02-03 02:15:20.603961
RITC,10.02,10.02,10.03,203700.0,208400.0,0,0,0,0,0,0,406,2026-02-03 02:15:21.635793
COMP,25.81,25.81,25.92,137500.0,82400.0,0,0,0,0,0,0,406,2026-02-03 02:15:21.635793
RITC,10.02,10.02,10.03,202100.0,208800.0,0,0,0,0,0,0,407,2026-02-03 02:15:22.665811
COMP,25.92,25.92,25.93,136400.0,76700.0,0,0,0,0,0,0,407,2026-02-03 02:15:22.665811
RITC,10.01,10.01,10.03,199900.0,208800.0,0,0,0,0,0,0,408,2026-02-03 02:15:23.717023
COMP,25.85,25.85,25.9,137000.0,82300.0,0,0,0,0,0,0,408,2026-02-03 02:15:23.717023
RITC,10.01,10.01,10.02,199900.0,209500.0,0,0,0,0,0,0,409,2026-02-03 02:15:24.746612
COMP,25.9,25.92,25.93,135900.0,76700.0,0,0,0,0,0,0,409,2026-02-03 02:15:24.746612
RITC,10.01,10.01,10.02,199900.0,207200.0,0,0,0,0,0,0,410,2026-02-03 02:15:25.780882
COMP,25.92,25.85,25.88,137000.0,91700.0,0,0,0,0,0,0,410,2026-02-03 02:15:25.780882
RITC,10.01,10.01,10.02,199500.0,204400.0,0,0,0,0,0,0,411,2026-02-03 02:15:26.809131
COMP,25.85,25.81,25.83,137500.0,98500.0,0,0,0,0,0,0,411,2026-02-03 02:15:26.809131
RITC,10.01,10.01,10.02,199400.0,204400.0,0,0,0,0,0,0,412,2026-02-03 02:15:27.834385
COMP,25.85,25.81,25.83,137500.0,106600.0,0,0,0,0,0,0,412,2026-02-03 02:15:27.834385
RITC,10.01,10.01,10.02,199400.0,201700.0,0,0,0,0,0,0,413,2026-02-03 02:15:28.861255
COMP,25.85,25.81,25.83,137300.0,106600.0,0,0,0,0,0,0,413,2026-02-03 02:15:28.861255
RITC,10.0,10.0,10.02,200100.0,204200.0,0,0,0,0,0,0,414,2026-02-03 02:15:29.885270
COMP,25.88,25.81,25.88,137300.0,91800.0,0,0,0,0,0,0,414,2026-02-03 02:15:29.885270
RITC,10.0,10.0,10.02,200100.0,202900.0,0,0,0,0,0,0,415,2026-02-03 02:15:30.914503
COMP,25.88,25.81,25.88,137300.0,99900.0,0,0,0,0,0,0,415,2026-02-03 02:15:30.914503
RITC,10.0,10.0,10.02,200100.0,202900.0,0,0,0,0,0,0,416,2026-02-03 02:15:31.443168
COMP,25.81,25.81,25.88,138300.0,99900.0,0,0,0,0,0,0,416,2026-02-03 02:15:31.443168
RITC,10.0,10.0,10.02,200100.0,202900.0,0,0,0,0,0,0,417,2026-02-03 02:15:32.463567
COMP,25.91,25.82,25.91,137900.0,91800.0,0,0,0,0,0,0,417,2026-02-03 02:15:32.463567
RITC,10.0,10.0,10.02,200000.0,201700.0,0,0,0,0,0,0,418,2026-02-03 02:15:33.484738
COMP,25.93,25.94,25.95,137500.0,76400.0,0,0,0,0,0,0,418,2026-02-03 02:15:33.484738
RITC,10.0,10.0,10.02,199800.0,201700.0,0,0,0,0,0,0,419,2026-02-03 02:15:34.511461
COMP,25.94,25.82,25.94,137900.0,87800.0,0,0,0,0,0,0,419,2026-02-03 02:15:34.511461
RITC,10.0,10.0,10.01,199800.0,202900.0,0,0,0,0,0,0,420,2026-02-03 02:15:35.541454
COMP,25.94,25.84,25.94,136800.0,87800.0,0,0,0,0,0,0,420,2026-02-03 02:15:35.541454
RITC,10.0,10.0,10.01,199800.0,201200.0,0,0,0,0,0,0,421,2026-02-03 02:15:36.561980
COMP,25.95,25.84,25.88,136800.0,88500.0,0,0,0,0,0,0,421,2026-02-03 02:15:36.561980
RITC,10.0,10.0,10.01,199800.0,203500.0,0,0,0,0,0,0,422,2026-02-03 02:15:37.579265
COMP,25.82,25.82,25.88,137900.0,88500.0,0,0,0,0,0,0,422,2026-02-03 02:15:37.579265
RITC,9.99,9.99,10.01,197100.0,203500.0,0,0,0,0,0,0,423,2026-02-03 02:15:38.613201
COMP,25.82,25.83,25.88,136200.0,88500.0,0,0,0,0,0,0,423,2026-02-03 02:15:38.613201
RITC,9.99,9.99,10.01,200300.0,203500.0,0,0,0,0,0,0,424,2026-02-03 02:15:39.661261
COMP,25.88,25.83,25.95,136200.0,82400.0,0,0,0,0,0,0,424,2026-02-03 02:15:39.661261
RITC,9.99,9.99,10.01,201100.0,203300.0,0,0,0,0,0,0,425,2026-02-03 02:15:40.707173
COMP,25.83,25.83,25.91,136200.0,90000.0,0,0,0,0,0,0,425,2026-02-03 02:15:40.707173
RITC,9.99,9.99,10.01,201100.0,200900.0,0,0,0,0,0,0,426,2026-02-03 02:15:41.763783
COMP,25.83,25.83,25.88,136200.0,97800.0,0,0,0,0,0,0,426,2026-02-03 02:15:41.763783
RITC,9.99,9.98,9.99,199100.0,203100.0,0,0,0,0,0,0,427,2026-02-03 02:15:42.798593
COMP,25.83,25.83,25.88,135600.0,103700.0,0,0,0,0,0,0,427,2026-02-03 02:15:42.798593
RITC,9.98,9.98,9.99,199100.0,196200.0,0,0,0,0,0,0,428,2026-02-03 02:15:43.832167
COMP,25.83,25.83,25.86,135600.0,109200.0,0,0,0,0,0,0,428,2026-02-03 02:15:43.832167
RITC,9.98,9.98,9.99,197900.0,196200.0,0,0,0,0,0,0,429,2026-02-03 02:15:44.863083
COMP,25.88,25.85,25.88,135700.0,103700.0,0,0,0,0,0,0,429,2026-02-03 02:15:44.863083
RITC,9.98,9.98,9.99,197800.0,198200.0,0,0,0,0,0,0,430,2026-02-03 02:15:45.891334
COMP,25.85,25.83,25.84,135600.0,110900.0,0,0,0,0,0,0,430,2026-02-03 02:15:45.891334
RITC,9.98,9.98,9.99,197600.0,195800.0,0,0,0,0,0,0,431,2026-02-03 02:15:46.922190
COMP,25.91,25.83,25.91,135600.0,95900.0,0,0,0,0,0,0,431,2026-02-03 02:15:46.922190
RITC,9.98,9.98,9.99,200500.0,194400.0,0,0,0,0,0,0,432,2026-02-03 02:15:47.946214
COMP,25.91,25.84,25.91,136400.0,95900.0,0,0,0,0,0,0,432,2026-02-03 02:15:47.946214
RITC,9.97,9.97,9.99,200300.0,194400.0,0,0,0,0,0,0,433,2026-02-03 02:15:48.970868
COMP,25.91,25.84,25.91,136400.0,101500.0,0,0,0,0,0,0,433,2026-02-03 02:15:48.970868
RITC,9.97,9.97,9.99,200300.0,191600.0,0,0,0,0,0,0,434,2026-02-03 02:15:50.005986
COMP,25.91,25.86,25.9,135700.0,107900.0,0,0,0,0,0,0,434,2026-02-03 02:15:50.005986
RITC,9.97,9.97,9.99,200300.0,192300.0,0,0,0,0,0,0,435,2026-02-03 02:15:51.032839
COMP,25.86,25.84,25.86,136400.0,121600.0,0,0,0,0,0,0,435,2026-02-03 02:15:51.032839
RITC,9.97,9.96,9.97,199500.0,194800.0,0,0,0,0,0,0,436,2026-02-03 02:15:51.554480
COMP,25.9,25.84,25.9,136400.0,115100.0,0,0,0,0,0,0,436,2026-02-03 02:15:51.554480
RITC,9.96,9.96,9.97,198600.0,193300.0,0,0,0,0,0,0,437,2026-02-03 02:15:52.588852
COMP,25.9,25.84,25.85,136400.0,129000.0,0,0,0,0,0,0,437,2026-02-03 02:15:52.588852
RITC,9.96,9.95,9.96,199600.0,192900.0,0,0,0,0,0,0,438,2026-02-03 02:15:53.625367
COMP,25.85,25.84,25.85,136400.0,129000.0,0,0,0,0,0,0,438,2026-02-03 02:15:53.625367
RITC,9.95,9.95,9.96,201400.0,192900.0,0,0,0,0,0,0,439,2026-02-03 02:15:54.655961
COMP,25.81,25.81,25.85,137900.0,129000.0,0,0,0,0,0,0,439,2026-02-03 02:15:54.655961
RITC,9.95,9.95,9.96,201400.0,189400.0,0,0,0,0,0,0,440,2026-02-03 02:15:55.678862
COMP,25.93,25.81,25.93,137900.0,107300.0,0,0,0,0,0,0,440,2026-02-03 02:15:55.678862
RITC,9.95,9.95,9.96,200400.0,189400.0,0,0,0,0,0,0,441,2026-02-03 02:15:56.705433
COMP,25.81,25.78,25.79,137400.0,122200.0,0,0,0,0,0,0,441,2026-02-03 02:15:56.705433
RITC,9.95,9.95,9.96,202800.0,190000.0,0,0,0,0,0,0,442,2026-02-03 02:15:57.739525
COMP,25.81,25.78,25.79,137400.0,122200.0,0,0,0,0,0,0,442,2026-02-03 02:15:57.739525
RITC,9.95,9.95,9.96,202700.0,190000.0,0,0,0,0,0,0,443,2026-02-03 02:15:58.770934
COMP,25.85,25.78,25.84,137400.0,120400.0,0,0,0,0,0,0,443,2026-02-03 02:15:58.770934
RITC,9.95,9.94,9.95,203600.0,193800.0,0,0,0,0,0,0,444,2026-02-03 02:15:59.810089
COMP,25.85,25.78,25.82,137400.0,127100.0,0,0,0,0,0,0,444,2026-02-03 02:15:59.810089
RITC,9.93,9.93,9.95,201200.0,193800.0,0,0,0,0,0,0,445,2026-02-03 02:16:00.843363
COMP,26.02,25.78,25.82,137400.0,132800.0,0,0,0,0,0,0,445,2026-02-03 02:16:00.843363
RITC,9.93,9.93,9.94,200600.0,192600.0,,0,0,0,0,0,446,2026-02-03 02:16:01.889122
COMP,25.77,25.77,25.78,130900.0,131800.0,5000.0,0,0,0,0,0,446,2026-02-03 02:16:01.889122
RITC,9.93,9.93,9.94,200600.0,196000.0,,0,0,0,0,0,447,2026-02-03 02:16:02.921132
COMP,25.77,25.77,25.78,130900.0,132300.0,5000.0,0,0,0,0,0,447,2026-02-03 02:16:02.921132
RITC,9.93,9.93,9.94,199800.0,194700.0,,0,0,0,0,0,448,2026-02-03 02:16:03.962931
COMP,25.77,25.77,25.78,130500.0,132300.0,5000.0,0,0,0,0,0,448,2026-02-03 02:16:03.962931
RITC,9.92,9.92,9.94,201600.0,194700.0,,0,0,0,0,0,449,2026-02-03 02:16:05.023062
COMP,25.77,25.77,25.78,130500.0,133800.0,5000.0,0,0,0,0,0,449,2026-02-03 02:16:05.023062
RITC,9.92,9.92,9.94,204800.0,194700.0,,0,0,0,0,0,450,2026-02-03 02:16:06.056087
COMP,25.77,25.77,25.78,130500.0,133500.0,5000.0,0,0,0,0,0,450,2026-02-03 02:16:06.056087
RITC,9.92,9.92,9.94,204600.0,195600.0,0,0,0,0,0,0,451,2026-02-03 02:16:07.081458
COMP,25.75,25.75,25.78,136900.0,134600.0,0,0,0,0,0,0,451,2026-02-03 02:16:07.081458
RITC,9.92,9.92,9.93,204600.0,195600.0,,0,0,0,0,0,452,2026-02-03 02:16:08.111196
COMP,25.73,25.73,25.78,129500.0,134600.0,5000.0,0,0,0,0,0,452,2026-02-03 02:16:08.111196
RITC,9.92,9.92,9.93,204300.0,195600.0,,0,0,0,0,0,453,2026-02-03 02:16:08.644013
COMP,25.73,25.73,25.78,129500.0,134200.0,5000.0,0,0,0,0,0,453,2026-02-03 02:16:08.644013
RITC,9.92,9.92,9.93,206200.0,197400.0,,0,0,0,0,0,454,2026-02-03 02:16:09.684441
COMP,25.73,25.73,25.78,129500.0,133800.0,5000.0,0,0,0,0,0,454,2026-02-03 02:16:09.684441
RITC,9.92,9.92,9.93,204900.0,200100.0,,0,0,0,0,0,455,2026-02-03 02:16:10.713384
COMP,25.73,25.73,25.74,129500.0,134800.0,5000.0,0,0,0,0,0,455,2026-02-03 02:16:10.713384
RITC,9.92,9.91,9.92,206600.0,202200.0,,0,0,0,0,0,456,2026-02-03 02:16:11.740580
COMP,25.73,25.73,25.74,129500.0,134900.0,5000.0,0,0,0,0,0,456,2026-02-03 02:16:11.740580
RITC,9.92,9.91,9.92,206800.0,199500.0,,0,0,0,0,0,457,2026-02-03 02:16:12.770855
COMP,25.73,25.73,25.74,129500.0,136600.0,5000.0,0,0,0,0,0,457,2026-02-03 02:16:12.770855
RITC,9.91,9.91,9.92,207600.0,199500.0,,0,0,0,0,0,458,2026-02-03 02:16:13.793220
COMP,25.73,25.73,25.74,129500.0,134900.0,5000.0,0,0,0,0,0,458,2026-02-03 02:16:13.793220
RITC,9.91,9.91,9.92,207700.0,199500.0,,0,0,0,0,0,459,2026-02-03 02:16:14.812222
COMP,25.73,25.73,25.74,129500.0,135200.0,5000.0,0,0,0,0,0,459,2026-02-03 02:16:14.812222
RITC,9.92,9.91,9.92,207700.0,197300.0,,0,0,0,0,0,460,2026-02-03 02:16:15.834254
COMP,25.73,25.73,25.74,130800.0,135600.0,5000.0,0,0,0,0,0,460,2026-02-03 02:16:15.834254
RITC,9.93,9.91,9.93,210900.0,200000.0,,0,0,0,0,0,461,2026-02-03 02:16:16.859831
COMP,25.73,25.73,25.74,131400.0,135600.0,5000.0,0,0,0,0,0,461,2026-02-03 02:16:16.859831
RITC,9.91,9.91,9.93,209100.0,197600.0,,0,0,0,0,0,462,2026-02-03 02:16:17.910834
COMP,25.73,25.73,25.74,131400.0,135500.0,5000.0,0,0,0,0,0,462,2026-02-03 02:16:17.910834
RITC,9.91,9.91,9.93,209800.0,197600.0,,0,0,0,0,0,463,2026-02-03 02:16:18.947895
COMP,25.71,25.71,25.72,131600.0,135500.0,5000.0,0,0,0,0,0,463,2026-02-03 02:16:18.947895
RITC,9.91,9.91,9.93,208900.0,197900.0,,0,0,0,0,0,464,2026-02-03 02:16:19.995453
COMP,25.71,25.66,25.68,131600.0,136800.0,5000.0,0,0,0,0,0,464,2026-02-03 02:16:19.995453
RITC,9.93,9.91,9.93,208900.0,196600.0,,0,0,0,0,0,465,2026-02-03 02:16:21.029638
COMP,25.66,25.66,25.68,131600.0,135500.0,5000.0,0,0,0,0,0,465,2026-02-03 02:16:21.029638
RITC,9.93,9.93,9.94,208900.0,198600.0,,0,0,0,0,0,466,2026-02-03 02:16:22.057736
COMP,25.66,25.63,25.64,131700.0,135900.0,5000.0,0,0,0,0,0,466,2026-02-03 02:16:22.057736
RITC,9.94,9.93,9.94,208900.0,196100.0,,0,0,0,0,0,467,2026-02-03 02:16:23.094187
COMP,25.66,25.63,25.64,131700.0,137400.0,5000.0,0,0,0,0,0,467,2026-02-03 02:16:23.094187
RITC,9.91,9.91,9.94,208900.0,198400.0,,0,0,0,0,0,468,2026-02-03 02:16:24.122385
COMP,25.66,25.63,25.64,132400.0,135300.0,5000.0,0,0,0,0,0,468,2026-02-03 02:16:24.122385
RITC,9.94,9.91,9.94,208900.0,198400.0,,0,0,0,0,0,469,2026-02-03 02:16:25.154093
COMP,25.63,25.63,25.64,132400.0,136200.0,5000.0,0,0,0,0,0,469,2026-02-03 02:16:25.154093
RITC,9.91,9.91,9.92,207100.0,201800.0,,0,0,0,0,0,470,2026-02-03 02:16:26.183150
COMP,25.63,25.63,25.64,132400.0,135100.0,5000.0,0,0,0,0,0,470,2026-02-03 02:16:26.183150
RITC,9.94,9.91,9.94,209500.0,195300.0,,0,0,0,0,0,471,2026-02-03 02:16:27.211213
COMP,25.63,25.63,25.64,132400.0,134100.0,5000.0,0,0,0,0,0,471,2026-02-03 02:16:27.211213
RITC,9.94,9.92,9.94,211500.0,195300.0,,0,0,0,0,0,472,2026-02-03 02:16:28.231018
COMP,25.62,25.62,25.64,132400.0,134100.0,5000.0,0,0,0,0,0,472,2026-02-03 02:16:28.231018
RITC,9.94,9.92,9.94,211500.0,197500.0,,0,0,0,0,0,473,2026-02-03 02:16:28.756889
COMP,25.62,25.62,25.64,133100.0,134100.0,5000.0,0,0,0,0,0,473,2026-02-03 02:16:28.756889
RITC,9.95,9.92,9.95,211500.0,197400.0,,0,0,0,0,0,474,2026-02-03 02:16:29.783997
COMP,25.58,25.58,25.63,132800.0,136100.0,5000.0,0,0,0,0,0,474,2026-02-03 02:16:29.783997
RITC,9.95,9.93,9.95,213300.0,197400.0,,0,0,0,0,0,475,2026-02-03 02:16:30.810856
COMP,25.58,25.58,25.63,133100.0,136100.0,5000.0,0,0,0,0,0,475,2026-02-03 02:16:30.810856
RITC,9.95,9.93,9.95,213300.0,197900.0,0,0,0,0,0,0,476,2026-02-03 02:16:31.836902
COMP,25.58,25.56,25.57,140400.0,134900.0,0,0,0,0,0,0,476,2026-02-03 02:16:31.836902
RITC,9.93,9.93,9.94,213300.0,199300.0,,0,0,0,0,0,477,2026-02-03 02:16:32.861233
COMP,25.56,25.56,25.57,127300.0,137000.0,10000.0,0,0,0,0,0,477,2026-02-03 02:16:32.861233
RITC,9.92,9.92,9.94,211500.0,202100.0,,0,0,0,0,0,478,2026-02-03 02:16:33.886346
COMP,25.56,25.56,25.57,127300.0,139100.0,10000.0,0,0,0,0,0,478,2026-02-03 02:16:33.886346
RITC,9.93,9.92,9.93,211500.0,200800.0,,0,0,0,0,0,479,2026-02-03 02:16:34.911134
COMP,25.56,25.56,25.57,134600.0,137200.0,5000.0,0,0,0,0,0,479,2026-02-03 02:16:34.911134
RITC,9.93,9.93,9.94,213600.0,202100.0,,0,0,0,0,0,480,2026-02-03 02:16:35.944190
COMP,25.56,25.56,25.57,134600.0,137900.0,5000.0,0,0,0,0,0,480,2026-02-03 02:16:35.944190
RITC,9.94,9.93,9.94,213600.0,200400.0,,0,0,0,0,0,481,2026-02-03 02:16:36.979873
COMP,25.54,25.54,25.55,134800.0,137200.0,5000.0,0,0,0,0,0,481,2026-02-03 02:16:36.979873
RITC,9.94,9.94,9.95,210400.0,199700.0,,0,0,0,0,0,482,2026-02-03 02:16:38.034927
COMP,25.54,25.54,25.55,136800.0,137200.0,5000.0,0,0,0,0,0,482,2026-02-03 02:16:38.034927
RITC,9.94,9.93,9.94,213600.0,201200.0,,0,0,0,0,0,483,2026-02-03 02:16:39.117433
COMP,25.54,25.54,25.55,136800.0,136400.0,5000.0,0,0,0,0,0,483,2026-02-03 02:16:39.117433
RITC,9.93,9.92,9.93,211500.0,204400.0,,0,0,0,0,0,484,2026-02-03 02:16:40.149982
COMP,25.54,25.54,25.55,136800.0,134700.0,5000.0,0,0,0,0,0,484,2026-02-03 02:16:40.149982
RITC,9.93,9.92,9.93,211500.0,204400.0,,0,0,0,0,0,485,2026-02-03 02:16:41.189706
COMP,25.54,25.53,25.54,137400.0,136600.0,5000.0,0,0,0,0,0,485,2026-02-03 02:16:41.189706
RITC,9.91,9.91,9.93,209000.0,205000.0,0,0,0,0,0,0,486,2026-02-03 02:16:42.217615
COMP,25.52,25.52,25.54,143300.0,136600.0,0,0,0,0,0,0,486,2026-02-03 02:16:42.217615
RITC,9.91,9.91,9.92,209000.0,198200.0,,0,0,0,0,0,487,2026-02-03 02:16:43.246059
COMP,25.52,25.52,25.53,135500.0,137100.0,3000.0,0,0,0,0,0,487,2026-02-03 02:16:43.246059
RITC,9.91,9.91,9.92,210600.0,198200.0,,0,0,0,0,0,488,2026-02-03 02:16:44.270683
COMP,25.52,25.52,25.53,135500.0,137100.0,3000.0,0,0,0,0,0,488,2026-02-03 02:16:44.270683
RITC,9.91,9.91,9.92,211400.0,198200.0,,0,0,0,0,0,489,2026-02-03 02:16:45.303442
COMP,25.52,25.52,25.53,135500.0,139300.0,3000.0,0,0,0,0,0,489,2026-02-03 02:16:45.303442
RITC,9.91,9.91,9.92,211400.0,196500.0,,0,0,0,0,0,490,2026-02-03 02:16:46.326707
COMP,25.52,25.52,25.53,135500.0,137800.0,3000.0,0,0,0,0,0,490,2026-02-03 02:16:46.326707
RITC,9.92,9.91,9.92,211400.0,202500.0,0,0,0,0,0,0,491,2026-02-03 02:16:47.351856
COMP,25.51,25.51,25.53,142200.0,137800.0,0,0,0,0,0,0,491,2026-02-03 02:16:47.351856
RITC,9.91,9.91,9.92,213600.0,202500.0,0,0,0,0,0,0,492,2026-02-03 02:16:47.879078
COMP,25.51,25.51,25.53,141800.0,137800.0,0,0,0,0,0,0,492,2026-02-03 02:16:47.879078
RITC,9.91,9.91,9.92,211300.0,202500.0,0,0,0,0,0,0,493,2026-02-03 02:16:48.936792
COMP,25.51,25.51,25.53,141200.0,137800.0,0,0,0,0,0,0,493,2026-02-03 02:16:48.936792
RITC,10.03,9.91,9.92,211600.0,202500.0,0,0,0,0,0,0,494,2026-02-03 02:16:49.964316
COMP,25.49,25.49,25.51,141200.0,136500.0,0,0,0,0,0,0,494,2026-02-03 02:16:49.964316
RITC,10.03,9.91,9.92,200400.0,5000.0,204300.0,0,0,0,0,0,495,2026-02-03 02:16:50.994474
COMP,25.48,25.48,25.51,141500.0,,136500.0,0,0,0,0,0,495,2026-02-03 02:16:50.994474
RITC,9.91,9.91,9.92,197600.0,5000.0,204300.0,0,0,0,0,0,496,2026-02-03 02:16:52.018464
COMP,25.47,25.47,25.51,141300.0,,136500.0,0,0,0,0,0,496,2026-02-03 02:16:52.018464
RITC,9.91,9.91,9.92,195100.0,5000.0,204300.0,0,0,0,0,0,497,2026-02-03 02:16:53.047961
COMP,25.47,25.47,25.49,141300.0,,137700.0,0,0,0,0,0,497,2026-02-03 02:16:53.047961
RITC,9.93,9.91,9.93,195100.0,5000.0,201600.0,0,0,0,0,0,498,2026-02-03 02:16:54.090968
COMP,25.47,25.47,25.48,141300.0,,138900.0,0,0,0,0,0,498,2026-02-03 02:16:54.090968
RITC,9.93,9.91,9.92,197100.0,5000.0,203500.0,0,0,0,0,0,499,2026-02-03 02:16:55.138161
COMP,25.47,25.47,25.48,137500.0,,138900.0,0,0,0,0,0,499,2026-02-03 02:16:55.138161
RITC,9.93,9.91,9.92,196700.0,5000.0,203500.0,0,0,0,0,0,500,2026-02-03 02:16:56.176216
COMP,25.46,25.46,25.48,137300.0,,138900.0,0,0,0,0,0,500,2026-02-03 02:16:56.176216
RITC,9.93,9.91,9.92,196700.0,5000.0,203500.0,0,0,0,0,0,501,2026-02-03 02:16:57.234964
COMP,25.46,25.46,25.48,139500.0,,140700.0,0,0,0,0,0,501,2026-02-03 02:16:57.234964
RITC,9.92,9.91,9.92,197300.0,5000.0,203500.0,0,0,0,0,0,502,2026-02-03 02:16:58.273517
COMP,25.46,25.46,25.48,139100.0,,140700.0,0,0,0,0,0,502,2026-02-03 02:16:58.273517
RITC,9.93,9.92,9.93,204700.0,198300.0,0,0,0,0,0,0,503,2026-02-03 02:16:59.300381
COMP,25.45,25.45,25.48,135700.0,141900.0,0,0,0,0,0,0,503,2026-02-03 02:16:59.300381
RITC,9.94,9.92,9.94,204700.0,203600.0,0,0,0,0,0,0,504,2026-02-03 02:17:00.324623
COMP,25.45,25.45,25.48,135600.0,140900.0,0,0,0,0,0,0,504,2026-02-03 02:17:00.324623
RITC,9.95,9.92,9.95,201600.0,201000.0,0,0,0,0,0,0,505,2026-02-03 02:17:01.348470
COMP,25.45,25.45,25.48,135600.0,140400.0,0,0,0,0,0,0,505,2026-02-03 02:17:01.348470
RITC,9.96,9.95,9.96,201700.0,201300.0,0,0,0,0,0,0,506,2026-02-03 02:17:02.374953
COMP,25.45,25.45,25.48,134500.0,140400.0,0,0,0,0,0,0,506,2026-02-03 02:17:02.374953
RITC,9.96,9.95,9.96,201700.0,203000.0,0,0,0,0,0,0,507,2026-02-03 02:17:03.402063
COMP,25.45,25.45,25.46,133500.0,138900.0,0,0,0,0,0,0,507,2026-02-03 02:17:03.402063
RITC,9.94,9.94,9.96,204100.0,202900.0,0,0,0,0,0,0,508,2026-02-03 02:17:04.430697
COMP,25.44,25.44,25.46,133400.0,138100.0,0,0,0,0,0,0,508,2026-02-03 02:17:04.430697
RITC,9.92,9.92,9.94,201600.0,204200.0,0,0,0,0,0,0,509,2026-02-03 02:17:05.457311
COMP,25.44,25.44,25.46,135300.0,138100.0,0,0,0,0,0,0,509,2026-02-03 02:17:05.457311
RITC,9.92,9.92,9.94,205100.0,204200.0,0,0,0,0,0,0,510,2026-02-03 02:17:05.978989
COMP,25.44,25.44,25.46,135300.0,136000.0,0,0,0,0,0,0,510,2026-02-03 02:17:05.978989
RITC,9.93,9.93,9.94,204600.0,206300.0,0,0,0,0,0,0,511,2026-02-03 02:17:07.001024
COMP,25.44,25.44,25.46,135300.0,136300.0,0,0,0,0,0,0,511,2026-02-03 02:17:07.001024
RITC,9.91,9.91,9.94,206500.0,206300.0,0,0,0,0,0,0,512,2026-02-03 02:17:08.023648
COMP,25.44,25.44,25.46,135100.0,136600.0,0,0,0,0,0,0,512,2026-02-03 02:17:08.023648
RITC,9.91,9.91,9.92,203300.0,204300.0,0,0,0,0,0,0,513,2026-02-03 02:17:09.053375
COMP,25.44,25.44,25.46,136100.0,136600.0,0,0,0,0,0,0,513,2026-02-03 02:17:09.053375
RITC,9.91,9.91,9.92,201200.0,207700.0,0,0,0,0,0,0,514,2026-02-03 02:17:10.077762
COMP,25.44,25.44,25.46,136100.0,136000.0,0,0,0,0,0,0,514,2026-02-03 02:17:10.077762
RITC,9.91,9.91,9.92,202000.0,210600.0,0,0,0,0,0,0,515,2026-02-03 02:17:11.149084
COMP,25.44,25.44,25.46,136100.0,134200.0,0,0,0,0,0,0,515,2026-02-03 02:17:11.149084
RITC,9.91,9.91,9.92,201600.0,211800.0,0,0,0,0,0,0,516,2026-02-03 02:17:12.172680
COMP,25.44,25.44,25.46,137400.0,133500.0,0,0,0,0,0,0,516,2026-02-03 02:17:12.172680
RITC,9.91,9.91,9.92,201600.0,213500.0,0,0,0,0,0,0,517,2026-02-03 02:17:13.220252
COMP,25.44,25.44,25.46,137400.0,133500.0,0,0,0,0,0,0,517,2026-02-03 02:17:13.220252
RITC,9.91,9.91,9.92,201200.0,213700.0,0,0,0,0,0,0,518,2026-02-03 02:17:14.250968
COMP,25.44,25.44,25.46,136200.0,136100.0,0,0,0,0,0,0,518,2026-02-03 02:17:14.250968
RITC,9.91,9.91,9.92,201200.0,213800.0,0,0,0,0,0,0,519,2026-02-03 02:17:15.296972
COMP,25.44,25.44,25.46,134900.0,136100.0,0,0,0,0,0,0,519,2026-02-03 02:17:15.296972
RITC,9.91,9.91,9.92,203600.0,213800.0,0,0,0,0,0,0,520,2026-02-03 02:17:16.345440
COMP,25.44,25.44,25.46,134800.0,136100.0,0,0,0,0,0,0,520,2026-02-03 02:17:16.345440
RITC,9.91,9.91,9.92,203600.0,213800.0,0,0,0,0,0,0,521,2026-02-03 02:17:17.390658
COMP,25.44,25.44,25.46,134800.0,136100.0,0,0,0,0,0,0,521,2026-02-03 02:17:17.390658
RITC,9.9,9.9,9.92,204200.0,214200.0,0,0,0,0,0,0,522,2026-02-03 02:17:18.437102
COMP,25.43,25.43,25.46,136200.0,136500.0,0,0,0,0,0,0,522,2026-02-03 02:17:18.437102
RITC,9.9,9.91,9.92,201000.0,214200.0,0,0,0,0,0,0,523,2026-02-03 02:17:19.459456
COMP,25.43,25.43,25.45,136200.0,136300.0,0,0,0,0,0,0,523,2026-02-03 02:17:19.459456
RITC,9.91,9.91,9.92,201000.0,214200.0,0,0,0,0,0,0,524,2026-02-03 02:17:20.485045
COMP,25.43,25.43,25.45,136200.0,136000.0,0,0,0,0,0,0,524,2026-02-03 02:17:20.485045
RITC,9.91,9.9,9.91,204100.0,216000.0,0,0,0,0,0,0,525,2026-02-03 02:17:21.511673
COMP,25.43,25.43,25.45,135300.0,136000.0,0,0,0,0,0,0,525,2026-02-03 02:17:21.511673
RITC,9.91,9.91,9.92,204300.0,216000.0,0,0,0,0,0,0,526,2026-02-03 02:17:22.532640
COMP,25.43,25.43,25.45,135300.0,138400.0,0,0,0,0,0,0,526,2026-02-03 02:17:22.532640
RITC,9.91,9.91,9.92,204300.0,216000.0,0,0,0,0,0,0,527,2026-02-03 02:17:23.561778
COMP,25.43,25.43,25.44,135300.0,135900.0,0,0,0,0,0,0,527,2026-02-03 02:17:23.561778
RITC,9.92,9.91,9.92,204300.0,216000.0,0,0,0,0,0,0,528,2026-02-03 02:17:24.087249
COMP,25.43,25.43,25.44,135300.0,135600.0,0,0,0,0,0,0,528,2026-02-03 02:17:24.087249
RITC,9.92,9.91,9.92,204100.0,215800.0,0,0,0,0,0,0,529,2026-02-03 02:17:25.111603
COMP,25.43,25.43,25.44,135300.0,135600.0,0,0,0,0,0,0,529,2026-02-03 02:17:25.111603
RITC,9.91,9.91,9.92,201600.0,215500.0,0,0,0,0,0,0,530,2026-02-03 02:17:26.151668
COMP,25.43,25.43,25.44,135500.0,135600.0,0,0,0,0,0,0,530,2026-02-03 02:17:26.151668
RITC,9.92,9.91,9.92,203800.0,212800.0,0,0,0,0,0,0,531,2026-02-03 02:17:27.172116
COMP,25.42,25.42,25.44,137800.0,135000.0,0,0,0,0,0,0,531,2026-02-03 02:17:27.172116
RITC,9.93,9.91,9.93,203800.0,214000.0,0,0,0,0,0,0,532,2026-02-03 02:17:28.199485
COMP,25.42,25.42,25.44,138600.0,135000.0,0,0,0,0,0,0,532,2026-02-03 02:17:28.199485
RITC,9.93,9.91,9.93,205400.0,212700.0,0,0,0,0,0,0,533,2026-02-03 02:17:29.223912
COMP,25.41,25.41,25.44,136200.0,135000.0,0,0,0,0,0,0,533,2026-02-03 02:17:29.223912
RITC,9.93,9.91,9.93,205400.0,212100.0,0,0,0,0,0,0,534,2026-02-03 02:17:30.242858
COMP,25.41,25.41,25.44,136200.0,134300.0,0,0,0,0,0,0,534,2026-02-03 02:17:30.242858
RITC,9.93,9.91,9.93,205400.0,210200.0,0,0,0,0,0,0,535,2026-02-03 02:17:31.267764
COMP,25.41,25.41,25.44,135600.0,134000.0,0,0,0,0,0,0,535,2026-02-03 02:17:31.267764
RITC,9.93,9.92,9.93,206200.0,209700.0,0,0,0,0,0,0,536,2026-02-03 02:17:32.295603
COMP,25.39,25.39,25.44,135700.0,134000.0,0,0,0,0,0,0,536,2026-02-03 02:17:32.295603
RITC,9.93,9.92,9.93,203600.0,208200.0,0,0,0,0,0,0,537,2026-02-03 02:17:33.316169
COMP,25.39,25.39,25.42,134400.0,133000.0,0,0,0,0,0,0,537,2026-02-03 02:17:33.316169
RITC,9.93,9.92,9.93,203600.0,208200.0,0,0,0,0,0,0,538,2026-02-03 02:17:34.345763
COMP,25.39,25.39,25.42,134400.0,130700.0,0,0,0,0,0,0,538,2026-02-03 02:17:34.345763
RITC,9.93,9.92,9.93,205900.0,208200.0,0,0,0,0,0,0,539,2026-02-03 02:17:35.401007
COMP,25.39,25.39,25.41,135200.0,130400.0,0,0,0,0,0,0,539,2026-02-03 02:17:35.401007
RITC,9.94,9.92,9.94,205900.0,210900.0,0,0,0,0,0,0,540,2026-02-03 02:17:36.434722
COMP,25.38,25.38,25.41,133500.0,132100.0,0,0,0,0,0,0,540,2026-02-03 02:17:36.434722
RITC,9.94,9.92,9.94,206300.0,210500.0,0,0,0,0,0,0,541,2026-02-03 02:17:37.471479
COMP,25.38,25.38,25.39,133500.0,134000.0,0,0,0,0,0,0,541,2026-02-03 02:17:37.471479
RITC,9.94,9.92,9.94,206300.0,208800.0,0,0,0,0,0,0,542,2026-02-03 02:17:38.503051
COMP,25.38,25.38,25.39,135400.0,134000.0,0,0,0,0,0,0,542,2026-02-03 02:17:38.503051
RITC,9.94,9.93,9.94,208400.0,208800.0,0,0,0,0,0,0,543,2026-02-03 02:17:39.547595
COMP,25.38,25.38,25.39,135400.0,135500.0,0,0,0,0,0,0,543,2026-02-03 02:17:39.547595
RITC,9.94,9.93,9.94,209400.0,208800.0,0,0,0,0,0,0,544,2026-02-03 02:17:40.585014
COMP,25.38,25.38,25.39,135400.0,134200.0,0,0,0,0,0,0,544,2026-02-03 02:17:40.585014
RITC,9.94,9.93,9.94,210000.0,208800.0,0,0,0,0,0,0,545,2026-02-03 02:17:41.621434
COMP,25.38,25.38,25.39,135400.0,134600.0,0,0,0,0,0,0,545,2026-02-03 02:17:41.621434
RITC,9.94,9.93,9.94,210000.0,208300.0,0,0,0,0,0,0,546,2026-02-03 02:17:42.654860
COMP,25.38,25.38,25.39,135400.0,135700.0,0,0,0,0,0,0,546,2026-02-03 02:17:42.654860
RITC,9.94,9.93,9.94,210000.0,208300.0,0,0,0,0,0,0,547,2026-02-03 02:17:43.180422
COMP,25.38,25.38,25.39,134900.0,135700.0,0,0,0,0,0,0,547,2026-02-03 02:17:43.180422
RITC,9.94,9.93,9.94,210000.0,206200.0,0,0,0,0,0,0,548,2026-02-03 02:17:44.204895
COMP,25.38,25.38,25.39,133000.0,135700.0,0,0,0,0,0,0,548,2026-02-03 02:17:44.204895
RITC,9.94,9.93,9.94,210000.0,209900.0,0,0,0,0,0,0,549,2026-02-03 02:17:45.238150
COMP,25.38,25.38,25.39,133000.0,135700.0,0,0,0,0,0,0,549,2026-02-03 02:17:45.238150
RITC,9.95,9.95,9.96,210700.0,209300.0,0,0,0,0,0,0,550,2026-02-03 02:17:46.266915
COMP,25.37,25.37,25.39,134700.0,135100.0,0,0,0,0,0,0,550,2026-02-03 02:17:46.266915
RITC,9.96,9.95,9.96,207500.0,208500.0,0,0,0,0,0,0,551,2026-02-03 02:17:47.295339
COMP,25.37,25.37,25.39,134700.0,135200.0,0,0,0,0,0,0,551,2026-02-03 02:17:47.295339
RITC,9.96,9.95,9.96,207500.0,208700.0,0,0,0,0,0,0,552,2026-02-03 02:17:48.316453
COMP,25.37,25.37,25.39,135700.0,135200.0,0,0,0,0,0,0,552,2026-02-03 02:17:48.316453
RITC,9.96,9.95,9.96,205500.0,208700.0,0,0,0,0,0,0,553,2026-02-03 02:17:49.335488
COMP,25.36,25.36,25.39,135500.0,135200.0,0,0,0,0,0,0,553,2026-02-03 02:17:49.335488
RITC,9.96,9.95,9.96,207500.0,205200.0,0,0,0,0,0,0,554,2026-02-03 02:17:50.355038
COMP,25.36,25.36,25.39,136000.0,135200.0,0,0,0,0,0,0,554,2026-02-03 02:17:50.355038
RITC,9.96,9.95,9.96,207500.0,204800.0,0,0,0,0,0,0,555,2026-02-03 02:17:51.383075
COMP,25.36,25.36,25.39,136000.0,134600.0,0,0,0,0,0,0,555,2026-02-03 02:17:51.383075
RITC,9.96,9.95,9.96,205300.0,203600.0,0,0,0,0,0,0,556,2026-02-03 02:17:52.417091
COMP,25.35,25.35,25.39,133400.0,134600.0,0,0,0,0,0,0,556,2026-02-03 02:17:52.417091
RITC,9.96,9.95,9.96,205400.0,203600.0,0,0,0,0,0,0,557,2026-02-03 02:17:53.458257
COMP,25.34,25.34,25.39,134400.0,134600.0,0,0,0,0,0,0,557,2026-02-03 02:17:53.458257
RITC,9.96,9.95,9.96,202300.0,203600.0,0,0,0,0,0,0,558,2026-02-03 02:17:54.501526
COMP,25.34,25.34,25.36,134400.0,132500.0,0,0,0,0,0,0,558,2026-02-03 02:17:54.501526
RITC,9.97,9.95,9.97,202300.0,200800.0,0,0,0,0,0,0,559,2026-02-03 02:17:55.527209
COMP,25.33,25.33,25.36,135200.0,134200.0,0,0,0,0,0,0,559,2026-02-03 02:17:55.527209
RITC,9.97,9.96,9.97,202200.0,199600.0,0,0,0,0,0,0,560,2026-02-03 02:17:56.561505
COMP,25.33,25.33,25.36,135200.0,134200.0,0,0,0,0,0,0,560,2026-02-03 02:17:56.561505
RITC,9.97,9.96,9.97,200800.0,197100.0,0,0,0,0,0,0,561,2026-02-03 02:17:57.585102
COMP,25.33,25.33,25.36,135200.0,134200.0,0,0,0,0,0,0,561,2026-02-03 02:17:57.585102
RITC,9.97,9.96,9.97,200000.0,197900.0,0,0,0,0,0,0,562,2026-02-03 02:17:58.612254
COMP,25.33,25.33,25.36,136100.0,134200.0,0,0,0,0,0,0,562,2026-02-03 02:17:58.612254
RITC,9.97,9.96,9.97,199400.0,198700.0,0,0,0,0,0,0,563,2026-02-03 02:17:59.650325
COMP,25.33,25.33,25.36,136100.0,135300.0,0,0,0,0,0,0,563,2026-02-03 02:17:59.650325
RITC,9.96,9.96,9.97,200700.0,199000.0,0,0,0,0,0,0,564,2026-02-03 02:18:00.683804
COMP,25.32,25.32,25.36,138100.0,135300.0,0,0,0,0,0,0,564,2026-02-03 02:18:00.683804
RITC,9.96,9.96,9.97,198800.0,198300.0,0,0,0,0,0,0,565,2026-02-03 02:18:01.721327
COMP,25.31,25.31,25.36,139600.0,135300.0,0,0,0,0,0,0,565,2026-02-03 02:18:01.721327
RITC,9.97,9.96,9.97,196100.0,200100.0,0,0,0,0,0,0,566,2026-02-03 02:18:02.765258
COMP,25.31,25.31,25.36,139600.0,136400.0,0,0,0,0,0,0,566,2026-02-03 02:18:02.765258
RITC,9.97,9.96,9.97,196100.0,201900.0,0,0,0,0,0,0,567,2026-02-03 02:18:03.287652
COMP,25.31,25.31,25.34,139600.0,138100.0,0,0,0,0,0,0,567,2026-02-03 02:18:03.287652
RITC,9.97,9.96,9.97,196100.0,199700.0,0,0,0,0,0,0,568,2026-02-03 02:18:04.309937
COMP,25.31,25.31,25.33,139600.0,136500.0,0,0,0,0,0,0,568,2026-02-03 02:18:04.309937
RITC,9.97,9.96,9.97,192800.0,197500.0,0,0,0,0,0,0,569,2026-02-03 02:18:05.345520
COMP,25.31,25.3,25.31,140300.0,140500.0,0,0,0,0,0,0,569,2026-02-03 02:18:05.345520
RITC,9.97,9.96,9.97,192100.0,198400.0,0,0,0,0,0,0,570,2026-02-03 02:18:06.366256
COMP,25.3,25.3,25.31,141500.0,140500.0,0,0,0,0,0,0,570,2026-02-03 02:18:06.366256
RITC,9.97,9.96,9.97,192100.0,195200.0,0,0,0,0,0,0,571,2026-02-03 02:18:07.390172
COMP,25.28,25.28,25.31,140700.0,141500.0,0,0,0,0,0,0,571,2026-02-03 02:18:07.390172
RITC,9.97,9.96,9.97,193200.0,195000.0,0,0,0,0,0,0,572,2026-02-03 02:18:08.415045
COMP,25.27,25.27,25.31,140300.0,139800.0,0,0,0,0,0,0,572,2026-02-03 02:18:08.415045
RITC,9.97,9.96,9.97,193200.0,192700.0,0,0,0,0,0,0,573,2026-02-03 02:18:09.434209
COMP,25.33,25.27,25.33,140300.0,139300.0,0,0,0,0,0,0,573,2026-02-03 02:18:09.434209
RITC,9.98,9.96,9.98,193200.0,195300.0,0,0,0,0,0,0,574,2026-02-03 02:18:10.459626
COMP,25.24,25.24,25.31,143500.0,140300.0,0,0,0,0,0,0,574,2026-02-03 02:18:10.459626
RITC,9.98,9.96,9.98,191700.0,194000.0,0,0,0,0,0,0,575,2026-02-03 02:18:11.490268
COMP,25.22,25.22,25.31,143500.0,140300.0,0,0,0,0,0,0,575,2026-02-03 02:18:11.490268
RITC,9.98,9.96,9.98,190800.0,194000.0,0,0,0,0,0,0,576,2026-02-03 02:18:12.544029
COMP,25.22,25.3,25.31,143200.0,140500.0,0,0,0,0,0,0,576,2026-02-03 02:18:12.544029
RITC,9.98,9.96,9.98,190800.0,192000.0,0,0,0,0,0,0,577,2026-02-03 02:18:13.582390
COMP,25.31,25.3,25.31,141600.0,140500.0,0,0,0,0,0,0,577,2026-02-03 02:18:13.582390
RITC,9.98,9.96,9.98,190800.0,193900.0,0,0,0,0,0,0,578,2026-02-03 02:18:14.621320
COMP,25.31,25.3,25.31,141600.0,139700.0,0,0,0,0,0,0,578,2026-02-03 02:18:14.621320
RITC,9.98,9.98,9.99,192100.0,192300.0,0,0,0,0,0,0,579,2026-02-03 02:18:15.659567
COMP,25.31,25.3,25.31,141600.0,141000.0,0,0,0,0,0,0,579,2026-02-03 02:18:15.659567
RITC,9.99,9.98,9.99,192100.0,192300.0,0,0,0,0,0,0,580,2026-02-03 02:18:16.694604
COMP,25.31,25.3,25.31,141600.0,141900.0,0,0,0,0,0,0,580,2026-02-03 02:18:16.694604
RITC,9.99,9.98,9.99,193300.0,192700.0,0,0,0,0,0,0,581,2026-02-03 02:18:17.724461
COMP,25.29,25.29,25.31,139500.0,141900.0,0,0,0,0,0,0,581,2026-02-03 02:18:17.724461
RITC,10.0,9.98,10.0,193300.0,192300.0,0,0,0,0,0,0,582,2026-02-03 02:18:18.748004
COMP,25.33,25.29,25.33,139500.0,139900.0,0,0,0,0,0,0,582,2026-02-03 02:18:18.748004
RITC,10.0,9.98,10.0,193300.0,196700.0,0,0,0,0,0,0,583,2026-02-03 02:18:19.772617
COMP,25.33,25.29,25.32,139500.0,139800.0,0,0,0,0,0,0,583,2026-02-03 02:18:19.772617
RITC,10.01,9.98,10.01,193300.0,197400.0,0,0,0,0,0,0,584,2026-02-03 02:18:20.798011
COMP,25.33,25.29,25.32,137900.0,139800.0,0,0,0,0,0,0,584,2026-02-03 02:18:20.798011
RITC,10.01,9.98,10.01,262300.0,198700.0,0,0,0,0,0,0,585,2026-02-03 02:18:21.834345
COMP,25.29,25.22,25.24,139500.0,196700.0,0,0,0,0,0,0,585,2026-02-03 02:18:21.834345
RITC,10.02,10.02,10.03,338000.0,207600.0,0,0,0,0,0,0,586,2026-02-03 02:18:22.863940
COMP,25.29,25.22,25.23,139500.0,281900.0,0,0,0,0,0,0,586,2026-02-03 02:18:22.863940
RITC,10.04,10.02,10.04,416500.0,205800.0,0,0,0,0,0,0,587,2026-02-03 02:18:23.903919
COMP,25.29,25.22,25.23,213900.0,360900.0,0,0,0,0,0,0,587,2026-02-03 02:18:23.903919
RITC,10.04,10.04,10.05,497400.0,205000.0,0,0,0,0,0,0,588,2026-02-03 02:18:24.436568
COMP,25.29,25.22,25.23,213900.0,360900.0,0,0,0,0,0,0,588,2026-02-03 02:18:24.436568
RITC,10.04,10.02,10.04,416500.0,282600.0,0,0,0,0,0,0,589,2026-02-03 02:18:25.462984
COMP,25.22,25.21,25.22,200600.0,441800.0,0,0,0,0,0,0,589,2026-02-03 02:18:25.462984
RITC,10.02,10.02,10.06,339200.0,206300.0,0,0,0,0,0,0,590,2026-02-03 02:18:26.485450
COMP,25.23,25.21,25.23,200600.0,360900.0,0,0,0,0,0,0,590,2026-02-03 02:18:26.485450
RITC,10.07,10.03,10.07,423100.0,203300.0,0,0,0,0,0,0,591,2026-02-03 02:18:27.509397
COMP,25.16,25.16,25.23,205000.0,360900.0,0,0,0,0,0,0,591,2026-02-03 02:18:27.509397
RITC,10.06,10.03,10.06,423100.0,280900.0,0,0,0,0,0,0,592,2026-02-03 02:18:28.532253
COMP,25.16,25.16,25.19,205000.0,421900.0,0,0,0,0,0,0,592,2026-02-03 02:18:28.532253
RITC,10.06,10.05,10.06,503500.0,280900.0,0,0,0,0,0,0,593,2026-02-03 02:18:29.564311
COMP,25.16,25.16,25.19,205000.0,421900.0,0,0,0,0,0,0,593,2026-02-03 02:18:29.564311
RITC,10.08,10.05,10.08,503500.0,267500.0,0,0,0,0,0,0,594,2026-02-03 02:18:30.583649
COMP,25.11,25.11,25.19,142400.0,421900.0,0,0,0,0,0,0,594,2026-02-03 02:18:30.583649
RITC,10.08,10.07,10.08,645600.0,267500.0,0,0,0,0,0,0,595,2026-02-03 02:18:31.606633
COMP,25.11,25.11,25.19,142400.0,505200.0,0,0,0,0,0,0,595,2026-02-03 02:18:31.606633
RITC,10.08,10.07,10.08,716400.0,266400.0,0,0,0,0,0,0,596,2026-02-03 02:18:32.629843
COMP,25.11,25.11,25.14,142400.0,652300.0,0,0,0,0,0,0,596,2026-02-03 02:18:32.629843
RITC,10.08,10.07,10.08,788200.0,266400.0,0,0,0,0,0,0,597,2026-02-03 02:18:33.662695
COMP,25.1,25.09,25.1,137900.0,734200.0,0,0,0,0,0,0,597,2026-02-03 02:18:33.662695
RITC,10.09,10.09,10.1,800200.0,196600.0,0,0,0,0,0,0,598,2026-02-03 02:18:34.693559
COMP,25.1,25.09,25.1,137900.0,881500.0,0,0,0,0,0,0,598,2026-02-03 02:18:34.693559
RITC,10.07,10.07,10.1,802700.0,196600.0,0,0,0,0,0,0,599,2026-02-03 02:18:35.730548
COMP,25.09,25.08,25.09,138100.0,939900.0,0,0,0,0,0,0,599,2026-02-03 02:18:35.730548
