ticker,last_price,bid_price,ask_price,BUY_ANON,SELL_ANON,BUY_GIOT-1,SELL_GIOT-2,BUY_GIOT-3,BUY_GIOT-2,SELL_GIOT-1,SELL_GIOT-3,tick,timestamp,news_news_id,news_period,news_tick,news_ticker,news_headline,news_body
RITC,0.0,9.99,10.0,197100.0,202500.0,0,0,0,0,0,0,1,2026-02-03 08:14:49.867300,1.0,1.0,1.0,,Welcome to the RITC 2026 Liquidity Risk Case - practice server,Good Luck!
COMP,0.0,25.0,25.01,144700.0,143500.0,0,0,0,0,0,0,1,2026-02-03 08:14:49.867300,,,,,,
RITC,0.0,9.99,10.0,197100.0,201600.0,0,0,0,0,0,0,2,2026-02-03 08:14:50.388698
COMP,25.01,25.0,25.01,144700.0,143500.0,0,0,0,0,0,0,2,2026-02-03 08:14:50.388698
RITC,9.99,9.99,10.0,197100.0,201600.0,0,0,0,0,0,0,3,2026-02-03 08:14:51.412441
COMP,25.02,25.0,25.02,144700.0,142400.0,0,0,0,0,0,0,3,2026-02-03 08:14:51.412441
RITC,9.99,9.99,10.0,197100.0,200400.0,0,0,0,0,0,0,4,2026-02-03 08:14:52.438402
COMP,25.04,25.01,25.04,145200.0,140500.0,0,0,0,0,0,0,4,2026-02-03 08:14:52.438402
RITC,9.98,9.98,10.0,198000.0,196800.0,0,0,0,0,0,0,5,2026-02-03 08:14:53.462703
COMP,25.04,25.04,25.06,143900.0,141100.0,0,0,0,0,0,0,5,2026-02-03 08:14:53.462703
RITC,9.98,9.98,10.0,202700.0,196800.0,0,0,0,0,0,0,6,2026-02-03 08:14:54.485452
COMP,25.04,25.04,25.06,142000.0,141100.0,0,0,0,0,0,0,6,2026-02-03 08:14:54.485452
RITC,9.97,9.97,10.0,180300.0,196800.0,0,0,0,0,0,0,7,2026-02-03 08:14:55.513545
COMP,25.04,25.04,25.06,140600.0,141100.0,0,0,0,0,0,0,7,2026-02-03 08:14:55.513545
RITC,9.97,9.97,9.98,191300.0,197200.0,0,0,0,0,0,0,8,2026-02-03 08:14:56.598225
COMP,25.04,25.04,25.06,141700.0,141100.0,0,0,0,0,0,0,8,2026-02-03 08:14:56.598225
RITC,9.97,9.97,9.98,202700.0,197200.0,0,0,0,0,0,0,9,2026-02-03 08:14:57.121228
COMP,25.07,25.04,25.07,141700.0,135200.0,0,0,0,0,0,0,9,2026-02-03 08:14:57.121228
RITC,9.98,9.97,9.98,202700.0,196000.0,0,0,0,0,0,0,10,2026-02-03 08:14:58.169026
COMP,25.07,25.04,25.07,141500.0,135200.0,0,0,0,0,0,0,10,2026-02-03 08:14:58.169026
RITC,9.97,9.97,9.98,199900.0,195100.0,0,0,0,0,0,0,11,2026-02-03 08:14:59.225644
COMP,25.07,25.04,25.07,141400.0,128400.0,0,0,0,0,0,0,11,2026-02-03 08:14:59.225644
RITC,9.97,9.97,9.98,199900.0,197300.0,0,0,0,0,0,0,12,2026-02-03 08:15:00.252165
COMP,25.07,25.06,25.07,140300.0,128400.0,0,0,0,0,0,0,12,2026-02-03 08:15:00.252165
RITC,9.97,9.97,9.98,199900.0,197800.0,0,0,0,0,0,0,13,2026-02-03 08:15:01.283723
COMP,25.08,25.06,25.08,140300.0,113200.0,0,0,0,0,0,0,13,2026-02-03 08:15:01.283723
RITC,9.98,9.97,9.98,188900.0,198800.0,0,0,0,0,0,0,14,2026-02-03 08:15:02.308340
COMP,25.08,25.06,25.08,140700.0,113200.0,0,0,0,0,0,0,14,2026-02-03 08:15:02.308340
RITC,9.97,9.97,9.98,178500.0,198800.0,0,0,0,0,0,0,15,2026-02-03 08:15:03.347415
COMP,25.09,25.06,25.09,140700.0,97700.0,0,0,0,0,0,0,15,2026-02-03 08:15:03.347415
RITC,9.97,9.97,9.98,187800.0,198300.0,0,0,0,0,0,0,16,2026-02-03 08:15:04.370344
COMP,25.09,25.07,25.09,141600.0,97700.0,0,0,0,0,0,0,16,2026-02-03 08:15:04.370344
RITC,9.96,9.96,9.98,176800.0,199200.0,0,0,0,0,0,0,17,2026-02-03 08:15:05.395185
COMP,25.09,25.07,25.09,140900.0,97700.0,0,0,0,0,0,0,17,2026-02-03 08:15:05.395185
RITC,9.95,9.95,9.98,169900.0,199200.0,0,0,0,0,0,0,18,2026-02-03 08:15:06.418705
COMP,25.09,25.07,25.09,140900.0,97700.0,0,0,0,0,0,0,18,2026-02-03 08:15:06.418705
RITC,9.95,9.95,9.98,169900.0,200200.0,0,0,0,0,0,0,19,2026-02-03 08:15:07.437332
COMP,25.09,25.07,25.09,139200.0,97700.0,0,0,0,0,0,0,19,2026-02-03 08:15:07.437332
RITC,9.95,9.95,9.98,141700.0,200200.0,0,0,0,0,0,0,20,2026-02-03 08:15:08.458901
COMP,25.14,25.07,25.14,139200.0,90700.0,0,0,0,0,0,0,20,2026-02-03 08:15:08.458901
RITC,9.95,9.95,9.98,124600.0,200200.0,0,0,0,0,0,0,21,2026-02-03 08:15:09.483014
COMP,25.15,25.13,25.15,140700.0,84900.0,0,0,0,0,0,0,21,2026-02-03 08:15:09.483014
RITC,9.95,9.95,9.96,124600.0,197900.0,0,0,0,0,0,0,22,2026-02-03 08:15:10.507334
COMP,25.16,25.13,25.16,140700.0,78600.0,0,0,0,0,0,0,22,2026-02-03 08:15:10.507334
RITC,9.96,9.96,9.97,134300.0,196900.0,0,0,0,0,0,0,23,2026-02-03 08:15:11.528490
COMP,25.16,25.17,25.19,142300.0,70900.0,0,0,0,0,0,0,23,2026-02-03 08:15:11.528490
RITC,9.96,9.95,9.96,124600.0,198100.0,0,0,0,0,0,0,24,2026-02-03 08:15:12.548088
COMP,25.16,25.17,25.19,142500.0,70900.0,0,0,0,0,0,0,24,2026-02-03 08:15:12.548088
RITC,9.96,9.95,9.96,124600.0,201500.0,0,0,0,0,0,0,25,2026-02-03 08:15:13.569492
COMP,25.19,25.17,25.19,140900.0,70900.0,0,0,0,0,0,0,25,2026-02-03 08:15:13.569492
RITC,9.96,9.95,9.96,124600.0,202300.0,0,0,0,0,0,0,26,2026-02-03 08:15:14.591626
COMP,25.19,25.17,25.19,140900.0,71300.0,0,0,0,0,0,0,26,2026-02-03 08:15:14.591626
RITC,9.95,9.94,9.95,115300.0,202600.0,0,0,0,0,0,0,27,2026-02-03 08:15:15.614083
COMP,25.19,25.17,25.19,140100.0,71300.0,0,0,0,0,0,0,27,2026-02-03 08:15:15.614083
RITC,9.95,9.94,9.95,115300.0,204000.0,0,0,0,0,0,0,28,2026-02-03 08:15:16.633894
COMP,25.25,25.17,25.25,140100.0,69700.0,0,0,0,0,0,0,28,2026-02-03 08:15:16.633894
RITC,9.93,9.93,9.95,106700.0,204000.0,0,0,0,0,0,0,29,2026-02-03 08:15:17.657132
COMP,25.25,25.17,25.25,142000.0,69700.0,0,0,0,0,0,0,29,2026-02-03 08:15:17.657132
RITC,9.93,9.93,9.94,106700.0,205900.0,0,0,0,0,0,0,30,2026-02-03 08:15:18.676041
COMP,25.25,25.24,25.25,140400.0,69700.0,0,0,0,0,0,0,30,2026-02-03 08:15:18.676041
RITC,9.93,9.92,9.93,103600.0,210700.0,0,0,0,0,0,0,31,2026-02-03 08:15:19.695624
COMP,25.31,25.24,25.31,142600.0,71400.0,0,0,0,0,0,0,31,2026-02-03 08:15:19.695624
RITC,9.92,9.92,9.93,103600.0,212200.0,0,0,0,0,0,0,32,2026-02-03 08:15:20.719628
COMP,25.31,25.26,25.31,142600.0,71400.0,0,0,0,0,0,0,32,2026-02-03 08:15:20.719628
RITC,9.92,9.92,9.93,103900.0,214000.0,0,0,0,0,0,0,33,2026-02-03 08:15:21.752152
COMP,25.31,25.26,25.31,141600.0,71400.0,0,0,0,0,0,0,33,2026-02-03 08:15:21.752152
RITC,9.91,9.91,9.93,105500.0,214000.0,0,0,0,0,0,0,34,2026-02-03 08:15:22.773174
COMP,25.31,25.28,25.31,143700.0,71400.0,0,0,0,0,0,0,34,2026-02-03 08:15:22.773174
RITC,9.91,9.9,9.91,105100.0,211300.0,0,0,0,0,0,0,35,2026-02-03 08:15:23.296434
COMP,25.31,25.28,25.31,143700.0,71400.0,0,0,0,0,0,0,35,2026-02-03 08:15:23.296434
RITC,9.89,9.89,9.91,104500.0,211300.0,0,0,0,0,0,0,36,2026-02-03 08:15:24.328987
COMP,25.31,25.28,25.31,143700.0,71300.0,0,0,0,0,0,0,36,2026-02-03 08:15:24.328987
RITC,9.89,9.89,9.9,104500.0,211400.0,0,0,0,0,0,0,37,2026-02-03 08:15:25.360974
COMP,25.31,25.32,25.38,145400.0,70500.0,0,0,0,0,0,0,37,2026-02-03 08:15:25.360974
RITC,9.89,9.89,9.9,105200.0,213100.0,0,0,0,0,0,0,38,2026-02-03 08:15:26.413806
COMP,25.4,25.32,25.4,145400.0,71000.0,0,0,0,0,0,0,38,2026-02-03 08:15:26.413806
RITC,9.87,9.87,9.9,103300.0,213100.0,0,0,0,0,0,0,39,2026-02-03 08:15:27.483154
COMP,25.4,25.33,25.4,145600.0,78500.0,0,0,0,0,0,0,39,2026-02-03 08:15:27.483154
RITC,9.86,9.86,9.9,103500.0,214100.0,0,0,0,0,0,0,40,2026-02-03 08:15:28.505222
COMP,25.4,25.33,25.4,145600.0,78500.0,0,0,0,0,0,0,40,2026-02-03 08:15:28.505222
RITC,9.9,9.86,9.87,103500.0,211200.0,0,0,0,0,0,0,41,2026-02-03 08:15:29.527964
COMP,25.41,25.33,25.41,145600.0,70700.0,0,0,0,0,0,0,41,2026-02-03 08:15:29.527964
RITC,9.87,9.87,9.9,124500.0,214100.0,0,0,0,0,0,0,42,2026-02-03 08:15:30.550480
COMP,25.41,25.33,25.41,145600.0,78200.0,0,0,0,0,0,0,42,2026-02-03 08:15:30.550480
RITC,9.91,9.9,9.91,135500.0,210500.0,0,0,0,0,0,0,43,2026-02-03 08:15:31.634975
COMP,25.33,25.33,25.41,146000.0,78200.0,0,0,0,0,0,0,43,2026-02-03 08:15:31.634975
RITC,9.9,9.9,9.91,145700.0,210500.0,0,0,0,0,0,0,44,2026-02-03 08:15:32.655790
COMP,25.33,25.4,25.41,147800.0,78200.0,0,0,0,0,0,0,44,2026-02-03 08:15:32.655790
RITC,9.88,9.88,9.91,134700.0,210900.0,0,0,0,0,0,0,45,2026-02-03 08:15:33.683226
COMP,25.33,25.4,25.41,147800.0,84200.0,0,0,0,0,0,0,45,2026-02-03 08:15:33.683226
RITC,9.88,9.88,9.89,134700.0,211900.0,0,0,0,0,0,0,46,2026-02-03 08:15:34.710410
COMP,25.43,25.4,25.43,149200.0,76700.0,0,0,0,0,0,0,46,2026-02-03 08:15:34.710410
RITC,9.88,9.88,9.89,157600.0,212100.0,0,0,0,0,0,0,47,2026-02-03 08:15:35.736840
COMP,25.4,25.4,25.43,149200.0,76700.0,0,0,0,0,0,0,47,2026-02-03 08:15:35.736840
RITC,9.88,9.88,9.89,175900.0,212100.0,0,0,0,0,0,0,48,2026-02-03 08:15:36.770297
COMP,25.46,25.4,25.45,149200.0,75100.0,0,0,0,0,0,0,48,2026-02-03 08:15:36.770297
RITC,9.88,9.88,9.89,195400.0,212100.0,0,0,0,0,0,0,49,2026-02-03 08:15:37.791192
COMP,25.46,25.4,25.45,147500.0,75100.0,0,0,0,0,0,0,49,2026-02-03 08:15:37.791192
RITC,9.89,9.88,9.89,195400.0,213800.0,0,0,0,0,0,0,50,2026-02-03 08:15:38.822030
COMP,25.46,25.4,25.42,147500.0,87700.0,0,0,0,0,0,0,50,2026-02-03 08:15:38.822030
RITC,9.91,9.88,9.91,206900.0,209200.0,0,0,0,0,0,0,51,2026-02-03 08:15:39.846509
COMP,25.42,25.44,25.45,147700.0,82100.0,0,0,0,0,0,0,51,2026-02-03 08:15:39.846509
RITC,9.92,9.9,9.92,205300.0,208900.0,0,0,0,0,0,0,52,2026-02-03 08:15:40.376987
COMP,25.46,25.44,25.46,147700.0,75800.0,0,0,0,0,0,0,52,2026-02-03 08:15:40.376987
RITC,9.92,9.9,9.92,204700.0,208900.0,0,0,0,0,0,0,53,2026-02-03 08:15:41.421138
COMP,25.46,25.44,25.46,146100.0,75800.0,0,0,0,0,0,0,53,2026-02-03 08:15:41.421138
RITC,9.93,9.9,9.93,205100.0,211800.0,0,0,0,0,0,0,54,2026-02-03 08:15:42.477084
COMP,25.4,25.4,25.46,147400.0,75800.0,0,0,0,0,0,0,54,2026-02-03 08:15:42.477084
RITC,9.93,9.9,9.93,205100.0,209900.0,0,0,0,0,0,0,55,2026-02-03 08:15:43.498104
COMP,25.4,25.45,25.46,146600.0,75800.0,0,0,0,0,0,0,55,2026-02-03 08:15:43.498104
RITC,9.93,9.9,9.93,205600.0,209900.0,0,0,0,0,0,0,56,2026-02-03 08:15:44.522237
COMP,25.45,25.45,25.46,146600.0,75800.0,0,0,0,0,0,0,56,2026-02-03 08:15:44.522237
RITC,9.93,9.92,9.93,204700.0,209900.0,0,0,0,0,0,0,57,2026-02-03 08:15:45.547356
COMP,25.46,25.45,25.46,146000.0,68300.0,0,0,0,0,0,0,57,2026-02-03 08:15:45.547356
RITC,9.93,9.92,9.93,205600.0,207100.0,0,0,0,0,0,0,58,2026-02-03 08:15:46.571411
COMP,25.47,25.45,25.47,146000.0,67600.0,0,0,0,0,0,0,58,2026-02-03 08:15:46.571411
RITC,9.93,9.93,9.94,203900.0,208300.0,0,0,0,0,0,0,59,2026-02-03 08:15:47.595003
COMP,25.47,25.46,25.47,144400.0,73100.0,0,0,0,0,0,0,59,2026-02-03 08:15:47.595003
RITC,9.93,9.93,9.94,202000.0,208300.0,0,0,0,0,0,0,60,2026-02-03 08:15:48.616094
COMP,25.49,25.46,25.49,144400.0,66400.0,0,0,0,0,0,0,60,2026-02-03 08:15:48.616094
RITC,9.94,9.93,9.94,202000.0,205300.0,0,0,0,0,0,0,61,2026-02-03 08:15:49.636368
COMP,25.45,25.45,25.49,145400.0,73800.0,0,0,0,0,0,0,61,2026-02-03 08:15:49.636368
RITC,9.94,9.93,9.94,202800.0,205300.0,0,0,0,0,0,0,62,2026-02-03 08:15:50.658735
COMP,25.45,25.48,25.49,145300.0,73800.0,0,0,0,0,0,0,62,2026-02-03 08:15:50.658735
RITC,9.94,9.94,9.95,204700.0,204000.0,0,0,0,0,0,0,63,2026-02-03 08:15:51.679290
COMP,25.48,25.45,25.46,145400.0,89200.0,0,0,0,0,0,0,63,2026-02-03 08:15:51.679290
RITC,9.94,9.94,9.95,204700.0,202700.0,0,0,0,0,0,0,64,2026-02-03 08:15:52.705275
COMP,25.48,25.45,25.46,145400.0,96000.0,0,0,0,0,0,0,64,2026-02-03 08:15:52.705275
RITC,9.96,9.95,9.96,204000.0,200200.0,0,0,0,0,0,0,65,2026-02-03 08:15:53.729951
COMP,25.4,25.33,25.4,146000.0,109700.0,0,0,0,0,0,0,65,2026-02-03 08:15:53.729951
RITC,9.95,9.94,9.95,204400.0,203500.0,0,0,0,0,0,0,66,2026-02-03 08:15:54.753403
COMP,25.4,25.33,25.4,146000.0,116900.0,0,0,0,0,0,0,66,2026-02-03 08:15:54.753403
RITC,9.96,9.95,9.96,204300.0,200200.0,0,0,0,0,0,0,67,2026-02-03 08:15:55.783856
COMP,25.41,25.36,25.41,146700.0,109100.0,0,0,0,0,0,0,67,2026-02-03 08:15:55.783856
RITC,9.98,9.95,9.98,204300.0,200900.0,0,0,0,0,0,0,68,2026-02-03 08:15:56.808139
COMP,25.33,25.33,25.41,146000.0,109100.0,0,0,0,0,0,0,68,2026-02-03 08:15:56.808139
RITC,9.98,9.95,9.98,203800.0,198700.0,0,0,0,0,0,0,69,2026-02-03 08:15:57.830071
COMP,25.33,25.33,25.4,146000.0,123600.0,0,0,0,0,0,0,69,2026-02-03 08:15:57.830071
RITC,9.98,9.95,9.98,201000.0,197200.0,0,0,0,0,0,0,70,2026-02-03 08:15:58.851022
COMP,25.33,25.33,25.4,146000.0,129300.0,0,0,0,0,0,0,70,2026-02-03 08:15:58.851022
RITC,9.98,9.95,9.98,200600.0,197200.0,0,0,0,0,0,0,71,2026-02-03 08:15:59.873442
COMP,25.32,25.32,25.4,145400.0,129300.0,0,0,0,0,0,0,71,2026-02-03 08:15:59.873442
RITC,9.98,9.95,9.98,197900.0,197200.0,0,0,0,0,0,0,72,2026-02-03 08:16:00.896497
COMP,25.32,25.32,25.4,145400.0,136400.0,0,0,0,0,0,0,72,2026-02-03 08:16:00.896497
RITC,9.98,9.95,9.98,196100.0,197100.0,0,0,0,0,0,0,73,2026-02-03 08:16:01.918513
COMP,25.26,25.26,25.31,144900.0,136800.0,0,0,0,0,0,0,73,2026-02-03 08:16:01.918513
RITC,9.98,9.97,9.98,196100.0,195200.0,0,0,0,0,0,0,74,2026-02-03 08:16:02.942205
COMP,25.26,25.26,25.31,144900.0,135700.0,0,0,0,0,0,0,74,2026-02-03 08:16:02.942205
RITC,9.95,9.95,9.98,195900.0,198100.0,0,0,0,0,0,0,75,2026-02-03 08:16:03.968227
COMP,25.26,25.26,25.31,144900.0,135700.0,0,0,0,0,0,0,75,2026-02-03 08:16:03.968227
RITC,9.98,9.95,9.98,196300.0,200200.0,0,0,0,0,0,0,76,2026-02-03 08:16:04.988638
COMP,25.26,25.26,25.3,144900.0,137200.0,0,0,0,0,0,0,76,2026-02-03 08:16:04.988638
RITC,9.98,9.95,9.98,195500.0,200200.0,0,0,0,0,0,0,77,2026-02-03 08:16:06.030095
COMP,25.26,25.26,25.29,144900.0,137300.0,0,0,0,0,0,0,77,2026-02-03 08:16:06.030095
RITC,9.98,9.97,9.98,196000.0,200200.0,0,0,0,0,0,0,78,2026-02-03 08:16:07.063141
COMP,25.26,25.26,25.29,144900.0,138600.0,0,0,0,0,0,0,78,2026-02-03 08:16:07.063141
RITC,9.98,9.97,9.98,197200.0,196700.0,0,0,0,0,0,0,79,2026-02-03 08:16:07.614804
COMP,25.25,25.25,25.29,143700.0,138600.0,0,0,0,0,0,0,79,2026-02-03 08:16:07.614804
RITC,9.99,9.98,9.99,196700.0,196900.0,0,0,0,0,0,0,80,2026-02-03 08:16:08.736128
COMP,25.24,25.24,25.28,141300.0,140200.0,0,0,0,0,0,0,80,2026-02-03 08:16:08.736128
RITC,9.98,9.98,9.99,196700.0,195900.0,0,0,0,0,0,0,81,2026-02-03 08:16:09.759465
COMP,25.24,25.24,25.28,141300.0,139600.0,0,0,0,0,0,0,81,2026-02-03 08:16:09.759465
RITC,9.99,9.98,9.99,196700.0,195400.0,0,0,0,0,0,0,82,2026-02-03 08:16:10.783508
COMP,25.21,25.21,25.28,142100.0,139600.0,0,0,0,0,0,0,82,2026-02-03 08:16:10.783508
RITC,9.98,9.97,9.98,197200.0,196400.0,0,0,0,0,0,0,83,2026-02-03 08:16:11.805255
COMP,25.21,25.21,25.25,142100.0,137900.0,0,0,0,0,0,0,83,2026-02-03 08:16:11.805255
RITC,9.98,9.97,9.98,197200.0,197500.0,0,0,0,0,0,0,84,2026-02-03 08:16:12.830843
COMP,25.21,25.21,25.25,142100.0,138400.0,0,0,0,0,0,0,84,2026-02-03 08:16:12.830843
RITC,9.97,9.97,9.98,196600.0,197500.0,0,0,0,0,0,0,85,2026-02-03 08:16:13.855600
COMP,25.21,25.21,25.24,142100.0,141100.0,0,0,0,0,0,0,85,2026-02-03 08:16:13.855600
RITC,9.97,9.97,9.98,196600.0,197500.0,0,0,0,0,0,0,86,2026-02-03 08:16:14.877738
COMP,25.2,25.17,25.2,140200.0,141100.0,0,0,0,0,0,0,86,2026-02-03 08:16:14.877738
RITC,9.98,9.98,9.99,193900.0,194400.0,0,0,0,0,0,0,87,2026-02-03 08:16:15.900810
COMP,25.2,25.17,25.18,140200.0,140800.0,0,0,0,0,0,0,87,2026-02-03 08:16:15.900810
RITC,9.98,9.98,9.99,193900.0,193400.0,0,0,0,0,0,0,88,2026-02-03 08:16:16.920837
COMP,25.2,25.17,25.18,140200.0,142600.0,0,0,0,0,0,0,88,2026-02-03 08:16:16.920837
RITC,9.98,9.98,9.99,193900.0,191700.0,0,0,0,0,0,0,89,2026-02-03 08:16:17.945039
COMP,25.18,25.17,25.18,140200.0,142600.0,0,0,0,0,0,0,89,2026-02-03 08:16:17.945039
RITC,9.97,9.97,9.99,196600.0,193500.0,0,0,0,0,0,0,90,2026-02-03 08:16:18.967690
COMP,25.18,25.17,25.18,140100.0,141100.0,0,0,0,0,0,0,90,2026-02-03 08:16:18.967690
RITC,9.97,9.97,9.98,195600.0,194200.0,0,0,0,0,0,0,91,2026-02-03 08:16:19.989432
COMP,25.17,25.17,25.18,138200.0,141100.0,0,0,0,0,0,0,91,2026-02-03 08:16:19.989432
RITC,9.96,9.96,9.97,197100.0,194700.0,0,0,0,0,0,0,92,2026-02-03 08:16:21.013290
COMP,25.17,25.17,25.18,138500.0,140800.0,0,0,0,0,0,0,92,2026-02-03 08:16:21.013290
RITC,9.95,9.95,9.97,198200.0,194700.0,0,0,0,0,0,0,93,2026-02-03 08:16:22.035384
COMP,25.17,25.17,25.18,138500.0,139600.0,0,0,0,0,0,0,93,2026-02-03 08:16:22.035384
RITC,9.95,9.94,9.95,198900.0,197400.0,0,0,0,0,0,0,94,2026-02-03 08:16:23.057789
COMP,25.19,25.17,25.19,136600.0,141200.0,0,0,0,0,0,0,94,2026-02-03 08:16:23.057789
RITC,9.94,9.94,9.95,198000.0,195000.0,0,0,0,0,0,0,95,2026-02-03 08:16:24.078420
COMP,25.19,25.18,25.19,138500.0,141200.0,0,0,0,0,0,0,95,2026-02-03 08:16:24.078420
RITC,9.94,9.94,9.95,198700.0,196100.0,0,0,0,0,0,0,96,2026-02-03 08:16:25.100825
COMP,25.24,25.18,25.24,138500.0,139300.0,0,0,0,0,0,0,96,2026-02-03 08:16:25.100825
RITC,9.94,9.94,9.95,199400.0,196200.0,0,0,0,0,0,0,97,2026-02-03 08:16:26.125811
COMP,25.24,25.18,25.22,138500.0,138800.0,0,0,0,0,0,0,97,2026-02-03 08:16:26.125811
RITC,9.94,9.94,9.95,199400.0,197200.0,0,0,0,0,0,0,98,2026-02-03 08:16:27.162797
COMP,25.24,25.18,25.2,138500.0,137600.0,0,0,0,0,0,0,98,2026-02-03 08:16:27.162797
RITC,9.94,9.94,9.95,199400.0,198400.0,0,0,0,0,0,0,99,2026-02-03 08:16:27.702819
COMP,25.22,25.18,25.22,138500.0,139800.0,0,0,0,0,0,0,99,2026-02-03 08:16:27.702819
RITC,9.94,9.93,9.94,198700.0,200300.0,0,0,0,0,0,0,100,2026-02-03 08:16:28.733841
COMP,25.22,25.18,25.22,138500.0,140200.0,0,0,0,0,0,0,100,2026-02-03 08:16:28.733841
RITC,9.92,9.92,9.94,204900.0,200300.0,0,0,0,0,0,0,101,2026-02-03 08:16:29.771182
COMP,25.22,25.18,25.22,138500.0,138900.0,0,0,0,0,0,0,101,2026-02-03 08:16:29.771182
RITC,9.92,9.92,9.94,206600.0,200900.0,0,0,0,0,0,0,102,2026-02-03 08:16:30.805420
COMP,25.22,25.18,25.22,137100.0,138900.0,0,0,0,0,0,0,102,2026-02-03 08:16:30.805420
RITC,9.92,9.9,9.92,208900.0,200500.0,0,0,0,0,0,0,103,2026-02-03 08:16:31.837003
COMP,25.22,25.2,25.22,137400.0,138900.0,0,0,0,0,0,0,103,2026-02-03 08:16:31.837003
RITC,9.92,9.9,9.91,208900.0,200500.0,0,0,0,0,0,0,104,2026-02-03 08:16:32.861870
COMP,25.24,25.2,25.24,137400.0,140100.0,0,0,0,0,0,0,104,2026-02-03 08:16:32.861870
RITC,9.92,9.9,9.91,208900.0,199000.0,0,0,0,0,0,0,105,2026-02-03 08:16:33.884412
COMP,25.24,25.23,25.24,141100.0,140100.0,0,0,0,0,0,0,105,2026-02-03 08:16:33.884412
RITC,9.9,9.89,9.9,209000.0,198600.0,0,0,0,0,0,0,106,2026-02-03 08:16:34.910054
COMP,25.25,25.23,25.25,141200.0,139100.0,0,0,0,0,0,0,106,2026-02-03 08:16:34.910054
RITC,9.89,9.89,9.9,208300.0,198600.0,0,0,0,0,0,0,107,2026-02-03 08:16:35.937042
COMP,25.25,25.23,25.25,141200.0,139100.0,0,0,0,0,0,0,107,2026-02-03 08:16:35.937042
RITC,9.88,9.88,9.9,207900.0,200400.0,0,0,0,0,0,0,108,2026-02-03 08:16:36.963533
COMP,25.25,25.23,25.25,141200.0,137700.0,0,0,0,0,0,0,108,2026-02-03 08:16:36.963533
RITC,9.88,9.88,9.9,205100.0,198500.0,0,0,0,0,0,0,109,2026-02-03 08:16:37.987896
COMP,25.23,25.23,25.25,139100.0,137700.0,0,0,0,0,0,0,109,2026-02-03 08:16:37.987896
RITC,9.88,9.88,9.9,207100.0,199200.0,0,0,0,0,0,0,110,2026-02-03 08:16:39.012625
COMP,25.25,25.23,25.25,139100.0,139200.0,0,0,0,0,0,0,110,2026-02-03 08:16:39.012625
RITC,9.88,9.88,9.9,205600.0,197200.0,0,0,0,0,0,0,111,2026-02-03 08:16:40.038421
COMP,25.25,25.23,25.25,139700.0,139500.0,0,0,0,0,0,0,111,2026-02-03 08:16:40.038421
RITC,9.88,9.88,9.9,205600.0,197500.0,0,0,0,0,0,0,112,2026-02-03 08:16:41.060666
COMP,25.23,25.23,25.25,137700.0,139500.0,0,0,0,0,0,0,112,2026-02-03 08:16:41.060666
RITC,9.88,9.88,9.9,202400.0,197200.0,0,0,0,0,0,0,113,2026-02-03 08:16:42.083935
COMP,25.23,25.23,25.25,138400.0,139500.0,0,0,0,0,0,0,113,2026-02-03 08:16:42.083935
RITC,9.88,9.87,9.88,203300.0,198900.0,0,0,0,0,0,0,114,2026-02-03 08:16:43.110970
COMP,25.25,25.23,25.25,138400.0,139700.0,0,0,0,0,0,0,114,2026-02-03 08:16:43.110970
RITC,9.88,9.87,9.88,203300.0,196900.0,0,0,0,0,0,0,115,2026-02-03 08:16:44.133486
COMP,25.23,25.23,25.25,140000.0,139700.0,0,0,0,0,0,0,115,2026-02-03 08:16:44.133486
RITC,9.87,9.87,9.88,201200.0,193300.0,0,0,0,0,0,0,116,2026-02-03 08:16:45.154324
COMP,25.23,25.23,25.25,140000.0,139800.0,0,0,0,0,0,0,116,2026-02-03 08:16:45.154324
RITC,9.87,9.87,9.88,201000.0,195400.0,0,0,0,0,0,0,117,2026-02-03 08:16:46.175475
COMP,25.23,25.23,25.25,140700.0,139800.0,0,0,0,0,0,0,117,2026-02-03 08:16:46.175475
RITC,9.87,9.87,9.88,202400.0,197200.0,0,0,0,0,0,0,118,2026-02-03 08:16:47.196145
COMP,25.23,25.23,25.25,140700.0,139000.0,0,0,0,0,0,0,118,2026-02-03 08:16:47.196145
RITC,9.86,9.86,9.87,198200.0,198100.0,0,0,0,0,0,0,119,2026-02-03 08:16:48.218232
COMP,25.21,25.21,25.25,138900.0,139000.0,0,0,0,0,0,0,119,2026-02-03 08:16:48.218232
RITC,9.86,9.86,9.87,198200.0,199700.0,0,0,0,0,0,0,120,2026-02-03 08:16:49.238439
COMP,25.21,25.23,25.25,142500.0,139000.0,0,0,0,0,0,0,120,2026-02-03 08:16:49.238439
RITC,9.86,9.86,9.87,198200.0,200800.0,0,0,0,0,0,0,121,2026-02-03 08:16:50.258063
COMP,25.25,25.23,25.25,142500.0,139400.0,0,0,0,0,0,0,121,2026-02-03 08:16:50.258063
RITC,9.86,9.86,9.87,176200.0,200800.0,0,0,0,0,0,0,122,2026-02-03 08:16:51.280949
COMP,25.23,25.23,25.25,142500.0,140400.0,0,0,0,0,0,0,122,2026-02-03 08:16:51.280949
RITC,9.85,9.85,9.87,165100.0,201700.0,0,0,0,0,0,0,123,2026-02-03 08:16:52.307849
COMP,25.23,25.21,25.22,140900.0,139300.0,0,0,0,0,0,0,123,2026-02-03 08:16:52.307849
RITC,9.85,9.85,9.87,155500.0,201700.0,0,0,0,0,0,0,124,2026-02-03 08:16:52.840149
COMP,25.23,25.21,25.22,140900.0,139300.0,0,0,0,0,0,0,124,2026-02-03 08:16:52.840149
RITC,9.85,9.85,9.87,155500.0,201300.0,0,0,0,0,0,0,125,2026-02-03 08:16:53.872539
COMP,25.2,25.2,25.25,140000.0,140200.0,0,0,0,0,0,0,125,2026-02-03 08:16:53.872539
RITC,9.85,9.85,9.87,136500.0,201300.0,0,0,0,0,0,0,126,2026-02-03 08:16:54.900454
COMP,25.2,25.2,25.25,137900.0,140200.0,0,0,0,0,0,0,126,2026-02-03 08:16:54.900454
RITC,9.84,9.84,9.87,125600.0,201300.0,0,0,0,0,0,0,127,2026-02-03 08:16:55.927929
COMP,25.2,25.24,25.25,138200.0,140200.0,0,0,0,0,0,0,127,2026-02-03 08:16:55.927929
RITC,9.84,9.84,9.85,125600.0,200900.0,0,0,0,0,0,0,128,2026-02-03 08:16:56.978799
COMP,25.24,25.24,25.26,138200.0,140800.0,0,0,0,0,0,0,128,2026-02-03 08:16:56.978799
RITC,9.83,9.83,9.85,97200.0,200900.0,0,0,0,0,0,0,129,2026-02-03 08:16:58.002019
COMP,25.24,25.2,25.22,137900.0,139900.0,0,0,0,0,0,0,129,2026-02-03 08:16:58.002019
RITC,9.83,9.83,9.85,97200.0,202600.0,0,0,0,0,0,0,130,2026-02-03 08:16:59.024426
COMP,25.2,25.2,25.22,137100.0,139900.0,0,0,0,0,0,0,130,2026-02-03 08:16:59.024426
RITC,9.79,9.79,9.85,98500.0,203500.0,0,0,0,0,0,0,131,2026-02-03 08:17:00.047374
COMP,25.26,25.2,25.26,137100.0,140800.0,0,0,0,0,0,0,131,2026-02-03 08:17:00.047374
RITC,9.79,9.79,9.81,99800.0,204100.0,0,0,0,0,0,0,132,2026-02-03 08:17:01.077410
COMP,25.26,25.2,25.26,137100.0,138900.0,0,0,0,0,0,0,132,2026-02-03 08:17:01.077410
RITC,9.77,9.77,9.78,97800.0,206500.0,0,0,0,0,0,0,133,2026-02-03 08:17:02.106465
COMP,25.26,25.25,25.26,137100.0,138900.0,0,0,0,0,0,0,133,2026-02-03 08:17:02.106465
RITC,9.77,9.77,9.78,99600.0,206500.0,0,0,0,0,0,0,134,2026-02-03 08:17:03.133974
COMP,25.25,25.2,25.22,137100.0,140600.0,0,0,0,0,0,0,134,2026-02-03 08:17:03.133974
RITC,9.77,9.77,9.78,98400.0,206500.0,0,0,0,0,0,0,135,2026-02-03 08:17:04.157617
COMP,25.18,25.18,25.22,136700.0,140600.0,0,0,0,0,0,0,135,2026-02-03 08:17:04.157617
RITC,9.77,9.76,9.77,96200.0,207900.0,0,0,0,0,0,0,136,2026-02-03 08:17:05.181489
COMP,25.18,25.18,25.2,136700.0,141500.0,0,0,0,0,0,0,136,2026-02-03 08:17:05.181489
RITC,9.77,9.76,9.77,96200.0,208800.0,0,0,0,0,0,0,137,2026-02-03 08:17:06.212833
COMP,25.18,25.18,25.22,135800.0,140600.0,0,0,0,0,0,0,137,2026-02-03 08:17:06.212833
RITC,9.76,9.74,9.76,96700.0,207100.0,0,0,0,0,0,0,138,2026-02-03 08:17:07.233576
COMP,25.18,25.2,25.22,135200.0,140600.0,0,0,0,0,0,0,138,2026-02-03 08:17:07.233576
RITC,9.73,9.73,9.76,100000.0,207100.0,0,0,0,0,0,0,139,2026-02-03 08:17:08.256676
COMP,25.2,25.18,25.19,135800.0,142700.0,0,0,0,0,0,0,139,2026-02-03 08:17:08.256676
RITC,9.73,9.73,9.76,100000.0,206300.0,0,0,0,0,0,0,140,2026-02-03 08:17:09.278501
COMP,25.2,25.18,25.19,135800.0,141600.0,0,0,0,0,0,0,140,2026-02-03 08:17:09.278501
RITC,9.73,9.73,9.74,100000.0,204800.0,0,0,0,0,0,0,141,2026-02-03 08:17:10.301586
COMP,25.19,25.21,25.22,135800.0,141100.0,0,0,0,0,0,0,141,2026-02-03 08:17:10.301586
RITC,9.73,9.73,9.74,100000.0,205500.0,0,0,0,0,0,0,142,2026-02-03 08:17:11.323123
COMP,25.19,25.21,25.22,135800.0,140400.0,0,0,0,0,0,0,142,2026-02-03 08:17:11.323123
RITC,9.71,9.71,9.74,100700.0,205500.0,0,0,0,0,0,0,143,2026-02-03 08:17:12.346596
COMP,25.19,25.21,25.22,135800.0,139500.0,0,0,0,0,0,0,143,2026-02-03 08:17:12.346596
RITC,9.71,9.71,9.73,110000.0,205100.0,0,0,0,0,0,0,144,2026-02-03 08:17:13.374170
COMP,25.17,25.17,25.22,137400.0,141200.0,0,0,0,0,0,0,144,2026-02-03 08:17:13.374170
RITC,9.7,9.7,9.73,101700.0,205100.0,0,0,0,0,0,0,145,2026-02-03 08:17:14.406743
COMP,25.17,25.17,25.22,136800.0,141200.0,0,0,0,0,0,0,145,2026-02-03 08:17:14.406743
RITC,9.7,9.7,9.73,113200.0,205100.0,0,0,0,0,0,0,146,2026-02-03 08:17:14.935318
COMP,25.17,25.17,25.22,136800.0,141200.0,0,0,0,0,0,0,146,2026-02-03 08:17:14.935318
RITC,9.7,9.7,9.73,123200.0,205100.0,0,0,0,0,0,0,147,2026-02-03 08:17:15.974939
COMP,25.17,25.17,25.22,136800.0,141200.0,0,0,0,0,0,0,147,2026-02-03 08:17:15.974939
RITC,9.7,9.72,9.73,134500.0,202600.0,0,0,0,0,0,0,148,2026-02-03 08:17:17.000790
COMP,25.17,25.17,25.19,135400.0,141200.0,0,0,0,0,0,0,148,2026-02-03 08:17:17.000790
RITC,9.72,9.72,9.73,134500.0,202600.0,0,0,0,0,0,0,149,2026-02-03 08:17:18.026307
COMP,25.17,25.17,25.19,135400.0,141200.0,0,0,0,0,0,0,149,2026-02-03 08:17:18.026307
RITC,9.72,9.72,9.73,134500.0,199100.0,0,0,0,0,0,0,150,2026-02-03 08:17:19.055215
COMP,25.21,25.17,25.21,135400.0,141400.0,0,0,0,0,0,0,150,2026-02-03 08:17:19.055215
RITC,9.7,9.7,9.73,113900.0,198400.0,0,0,0,0,0,0,151,2026-02-03 08:17:20.073571
COMP,25.21,25.2,25.21,133700.0,141400.0,0,0,0,0,0,0,151,2026-02-03 08:17:20.073571
RITC,9.7,9.7,9.73,113900.0,200900.0,0,0,0,0,0,0,152,2026-02-03 08:17:21.093157
COMP,25.17,25.17,25.21,135400.0,141400.0,0,0,0,0,0,0,152,2026-02-03 08:17:21.093157
RITC,9.74,9.7,9.71,113900.0,198400.0,0,0,0,0,0,0,153,2026-02-03 08:17:22.117574
COMP,25.21,25.17,25.21,137500.0,141400.0,0,0,0,0,0,0,153,2026-02-03 08:17:22.117574
RITC,9.74,9.7,9.71,135600.0,198400.0,0,0,0,0,0,0,154,2026-02-03 08:17:23.142636
COMP,25.21,25.17,25.21,137500.0,143100.0,0,0,0,0,0,0,154,2026-02-03 08:17:23.142636
RITC,9.68,9.68,9.69,125600.0,196300.0,0,0,0,0,0,0,155,2026-02-03 08:17:24.164659
COMP,25.21,25.21,25.22,136200.0,142200.0,0,0,0,0,0,0,155,2026-02-03 08:17:24.164659
RITC,9.68,9.68,9.69,114100.0,199000.0,0,0,0,0,0,0,156,2026-02-03 08:17:25.187293
COMP,25.17,25.17,25.23,137500.0,141000.0,0,0,0,0,0,0,156,2026-02-03 08:17:25.187293
RITC,9.68,9.67,9.68,104300.0,201000.0,0,0,0,0,0,0,157,2026-02-03 08:17:26.208959
COMP,25.17,25.19,25.23,136400.0,141000.0,0,0,0,0,0,0,157,2026-02-03 08:17:26.208959
RITC,9.66,9.66,9.68,102900.0,201000.0,0,0,0,0,0,0,158,2026-02-03 08:17:27.236392
COMP,25.24,25.19,25.22,136400.0,142300.0,0,0,0,0,0,0,158,2026-02-03 08:17:27.236392
RITC,9.66,9.63,9.66,114400.0,201100.0,0,0,0,0,0,0,159,2026-02-03 08:17:28.262724
COMP,25.24,25.19,25.22,136400.0,142300.0,0,0,0,0,0,0,159,2026-02-03 08:17:28.262724
RITC,9.66,9.63,9.64,114400.0,204200.0,0,0,0,0,0,0,160,2026-02-03 08:17:29.287479
COMP,25.19,25.19,25.22,136400.0,142300.0,0,0,0,0,0,0,160,2026-02-03 08:17:29.287479
RITC,9.62,9.62,9.64,105600.0,204200.0,0,0,0,0,0,0,161,2026-02-03 08:17:30.314836
COMP,25.22,25.19,25.22,136400.0,142300.0,0,0,0,0,0,0,161,2026-02-03 08:17:30.314836
RITC,9.62,9.62,9.64,104300.0,202500.0,0,0,0,0,0,0,162,2026-02-03 08:17:31.341608
COMP,25.22,25.23,25.24,137100.0,142800.0,0,0,0,0,0,0,162,2026-02-03 08:17:31.341608
RITC,9.66,9.62,9.66,104300.0,201100.0,0,0,0,0,0,0,163,2026-02-03 08:17:32.371599
COMP,25.24,25.23,25.24,137100.0,140800.0,0,0,0,0,0,0,163,2026-02-03 08:17:32.371599
RITC,9.66,9.62,9.66,116400.0,199000.0,0,0,0,0,0,0,164,2026-02-03 08:17:33.414852
COMP,25.24,25.23,25.24,137100.0,140800.0,0,0,0,0,0,0,164,2026-02-03 08:17:33.414852
RITC,9.66,9.64,9.66,127200.0,198300.0,0,0,0,0,0,0,165,2026-02-03 08:17:34.448880
COMP,25.24,25.21,25.24,136900.0,140800.0,0,0,0,0,0,0,165,2026-02-03 08:17:34.448880
RITC,9.66,9.64,9.66,137500.0,199400.0,0,0,0,0,0,0,166,2026-02-03 08:17:35.479955
COMP,25.27,25.21,25.27,136900.0,142100.0,0,0,0,0,0,0,166,2026-02-03 08:17:35.479955
RITC,9.66,9.66,9.68,146100.0,199200.0,0,0,0,0,0,0,167,2026-02-03 08:17:36.512123
COMP,25.21,25.21,25.27,136900.0,142100.0,0,0,0,0,0,0,167,2026-02-03 08:17:36.512123
RITC,9.69,9.66,9.69,146100.0,198400.0,0,0,0,0,0,0,168,2026-02-03 08:17:37.031848
COMP,25.21,25.21,25.27,137800.0,142100.0,0,0,0,0,0,0,168,2026-02-03 08:17:37.031848
RITC,9.69,9.68,9.69,166500.0,198400.0,0,0,0,0,0,0,169,2026-02-03 08:17:38.063045
COMP,25.21,25.26,25.27,139600.0,142100.0,0,0,0,0,0,0,169,2026-02-03 08:17:38.063045
RITC,9.66,9.66,9.69,158100.0,200400.0,0,0,0,0,0,0,170,2026-02-03 08:17:39.098818
COMP,25.21,25.26,25.27,138800.0,142100.0,0,0,0,0,0,0,170,2026-02-03 08:17:39.098818
RITC,9.66,9.66,9.69,158100.0,200500.0,0,0,0,0,0,0,171,2026-02-03 08:17:40.140141
COMP,25.28,25.26,25.28,138800.0,142000.0,0,0,0,0,0,0,171,2026-02-03 08:17:40.140141
RITC,9.65,9.65,9.67,149500.0,204800.0,0,0,0,0,0,0,172,2026-02-03 08:17:41.174700
COMP,25.28,25.26,25.28,138800.0,141500.0,0,0,0,0,0,0,172,2026-02-03 08:17:41.174700
RITC,9.64,9.64,9.67,137500.0,203400.0,0,0,0,0,0,0,173,2026-02-03 08:17:42.198241
COMP,25.28,25.26,25.28,141200.0,141500.0,0,0,0,0,0,0,173,2026-02-03 08:17:42.198241
RITC,9.64,9.64,9.66,137500.0,203700.0,0,0,0,0,0,0,174,2026-02-03 08:17:43.225210
COMP,25.28,25.26,25.28,140200.0,141500.0,0,0,0,0,0,0,174,2026-02-03 08:17:43.225210
RITC,9.64,9.64,9.66,137500.0,203600.0,0,0,0,0,0,0,175,2026-02-03 08:17:44.248214
COMP,25.28,25.27,25.28,140300.0,141500.0,0,0,0,0,0,0,175,2026-02-03 08:17:44.248214
RITC,9.64,9.64,9.66,126700.0,203600.0,0,0,0,0,0,0,176,2026-02-03 08:17:45.279808
COMP,25.28,25.27,25.28,140300.0,141500.0,0,0,0,0,0,0,176,2026-02-03 08:17:45.279808
RITC,9.64,9.64,9.65,126700.0,202500.0,0,0,0,0,0,0,177,2026-02-03 08:17:46.309161
COMP,25.28,25.27,25.28,140500.0,139700.0,0,0,0,0,0,0,177,2026-02-03 08:17:46.309161
RITC,9.64,9.64,9.65,126700.0,204000.0,0,0,0,0,0,0,178,2026-02-03 08:17:47.336167
COMP,25.28,25.27,25.28,140500.0,140700.0,0,0,0,0,0,0,178,2026-02-03 08:17:47.336167
RITC,9.62,9.62,9.65,106200.0,204000.0,0,0,0,0,0,0,179,2026-02-03 08:17:48.359720
COMP,25.28,25.27,25.28,139200.0,140700.0,0,0,0,0,0,0,179,2026-02-03 08:17:48.359720
RITC,9.61,9.61,9.62,106200.0,203600.0,0,0,0,0,0,0,180,2026-02-03 08:17:49.382026
COMP,25.28,25.27,25.28,140100.0,140700.0,0,0,0,0,0,0,180,2026-02-03 08:17:49.382026
RITC,9.58,9.57,9.58,110100.0,206500.0,0,0,0,0,0,0,181,2026-02-03 08:17:50.404169
COMP,25.29,25.27,25.29,141200.0,139400.0,0,0,0,0,0,0,181,2026-02-03 08:17:50.404169
RITC,9.57,9.57,9.58,112800.0,206500.0,0,0,0,0,0,0,182,2026-02-03 08:17:51.427437
COMP,25.29,25.27,25.29,143000.0,139400.0,0,0,0,0,0,0,182,2026-02-03 08:17:51.427437
RITC,9.57,9.54,9.57,112900.0,207600.0,0,0,0,0,0,0,183,2026-02-03 08:17:52.449756
COMP,25.29,25.27,25.29,142800.0,139400.0,0,0,0,0,0,0,183,2026-02-03 08:17:52.449756
RITC,9.53,9.53,9.54,122100.0,206000.0,0,0,0,0,0,0,184,2026-02-03 08:17:53.470255
COMP,25.29,25.27,25.29,142800.0,141100.0,0,0,0,0,0,0,184,2026-02-03 08:17:53.470255
RITC,9.57,9.57,9.58,134100.0,207300.0,0,0,0,0,0,0,185,2026-02-03 08:17:54.501981
COMP,25.29,25.27,25.29,141800.0,138800.0,0,0,0,0,0,0,185,2026-02-03 08:17:54.501981
RITC,9.57,9.53,9.57,122100.0,210700.0,0,0,0,0,0,0,186,2026-02-03 08:17:55.533933
COMP,25.29,25.27,25.29,140000.0,138800.0,0,0,0,0,0,0,186,2026-02-03 08:17:55.533933
RITC,9.55,9.53,9.55,122100.0,211500.0,0,0,0,0,0,0,187,2026-02-03 08:17:56.567504
COMP,25.3,25.27,25.3,140000.0,136500.0,0,0,0,0,0,0,187,2026-02-03 08:17:56.567504
RITC,9.58,9.53,9.57,122100.0,206500.0,0,0,0,0,0,0,188,2026-02-03 08:17:57.606293
COMP,25.31,25.27,25.31,140000.0,138500.0,0,0,0,0,0,0,188,2026-02-03 08:17:57.606293
RITC,9.53,9.52,9.53,120100.0,207900.0,0,0,0,0,0,0,189,2026-02-03 08:17:58.632142
COMP,25.31,25.3,25.31,139100.0,137200.0,0,0,0,0,0,0,189,2026-02-03 08:17:58.632142
RITC,9.53,9.55,9.57,120100.0,210400.0,0,0,0,0,0,0,190,2026-02-03 08:17:59.205190
COMP,25.31,25.3,25.31,139700.0,137500.0,0,0,0,0,0,0,190,2026-02-03 08:17:59.205190
RITC,9.55,9.52,9.53,120100.0,211600.0,0,0,0,0,0,0,191,2026-02-03 08:18:00.270731
COMP,25.31,25.31,25.34,141000.0,137500.0,0,0,0,0,0,0,191,2026-02-03 08:18:00.270731
RITC,9.55,9.52,9.53,120100.0,212100.0,0,0,0,0,0,0,192,2026-02-03 08:18:01.298001
COMP,25.34,25.34,25.36,141500.0,139300.0,0,0,0,0,0,0,192,2026-02-03 08:18:01.298001
RITC,9.53,9.52,9.53,120100.0,209300.0,0,0,0,0,0,0,193,2026-02-03 08:18:02.329358
COMP,25.36,25.34,25.36,141000.0,138700.0,0,0,0,0,0,0,193,2026-02-03 08:18:02.329358
RITC,9.53,9.52,9.53,120100.0,210500.0,0,0,0,0,0,0,194,2026-02-03 08:18:03.355626
COMP,25.36,25.34,25.36,140100.0,138700.0,0,0,0,0,0,0,194,2026-02-03 08:18:03.355626
RITC,9.53,9.52,9.53,120100.0,211700.0,0,0,0,0,0,0,195,2026-02-03 08:18:04.382044
COMP,25.36,25.34,25.36,140700.0,138700.0,0,0,0,0,0,0,195,2026-02-03 08:18:04.382044
RITC,9.54,9.52,9.54,120100.0,210000.0,0,0,0,0,0,0,196,2026-02-03 08:18:05.407340
COMP,25.36,25.35,25.36,142400.0,138700.0,0,0,0,0,0,0,196,2026-02-03 08:18:05.407340
RITC,9.54,9.52,9.54,129200.0,209100.0,0,0,0,0,0,0,197,2026-02-03 08:18:06.432710
COMP,25.36,25.35,25.36,142400.0,138700.0,0,0,0,0,0,0,197,2026-02-03 08:18:06.432710
RITC,9.54,9.56,9.57,138600.0,206500.0,0,0,0,0,0,0,198,2026-02-03 08:18:07.454823
COMP,25.36,25.35,25.36,140000.0,138700.0,0,0,0,0,0,0,198,2026-02-03 08:18:07.454823
RITC,9.54,9.56,9.57,159600.0,206500.0,0,0,0,0,0,0,199,2026-02-03 08:18:08.474894
COMP,25.36,25.35,25.36,141000.0,138700.0,0,0,0,0,0,0,199,2026-02-03 08:18:08.474894
RITC,9.54,9.56,9.57,192100.0,206500.0,0,0,0,0,0,0,200,2026-02-03 08:18:09.495065
COMP,25.36,25.35,25.36,142000.0,138700.0,0,0,0,0,0,0,200,2026-02-03 08:18:09.495065
RITC,9.58,9.57,9.58,201600.0,207500.0,0,0,0,0,0,0,201,2026-02-03 08:18:10.526668
COMP,25.36,25.35,25.36,142200.0,136700.0,0,0,0,0,0,0,201,2026-02-03 08:18:10.526668
RITC,9.58,9.57,9.58,201600.0,206900.0,0,0,0,0,0,0,202,2026-02-03 08:18:11.552284
COMP,25.36,25.39,25.4,142600.0,134800.0,0,0,0,0,0,0,202,2026-02-03 08:18:11.552284
RITC,9.59,9.57,9.59,211900.0,206800.0,0,0,0,0,0,0,203,2026-02-03 08:18:12.581566
COMP,25.36,25.39,25.4,140500.0,134800.0,0,0,0,0,0,0,203,2026-02-03 08:18:12.581566
RITC,9.62,9.57,9.62,211300.0,202700.0,0,0,0,0,0,0,204,2026-02-03 08:18:13.604161
COMP,25.4,25.39,25.4,140500.0,136400.0,0,0,0,0,0,0,204,2026-02-03 08:18:13.604161
RITC,9.59,9.59,9.62,213000.0,202700.0,0,0,0,0,0,0,205,2026-02-03 08:18:14.626245
COMP,25.4,25.39,25.4,138300.0,136400.0,0,0,0,0,0,0,205,2026-02-03 08:18:14.626245
RITC,9.59,9.59,9.6,214600.0,205800.0,0,0,0,0,0,0,206,2026-02-03 08:18:15.656403
COMP,25.4,25.39,25.4,138300.0,134900.0,0,0,0,0,0,0,206,2026-02-03 08:18:15.656403
RITC,9.59,9.59,9.6,214600.0,208700.0,0,0,0,0,0,0,207,2026-02-03 08:18:16.682525
COMP,25.4,25.39,25.4,138300.0,134900.0,0,0,0,0,0,0,207,2026-02-03 08:18:16.682525
RITC,9.58,9.58,9.6,212600.0,208600.0,0,0,0,0,0,0,208,2026-02-03 08:18:17.708493
COMP,25.4,25.39,25.4,138000.0,134900.0,0,0,0,0,0,0,208,2026-02-03 08:18:17.708493
RITC,9.58,9.58,9.6,212600.0,209400.0,0,0,0,0,0,0,209,2026-02-03 08:18:18.728241
COMP,25.4,25.39,25.4,135500.0,134900.0,0,0,0,0,0,0,209,2026-02-03 08:18:18.728241
RITC,9.58,9.58,9.59,212600.0,209100.0,0,0,0,0,0,0,210,2026-02-03 08:18:19.251445
COMP,25.41,25.39,25.41,135500.0,133800.0,0,0,0,0,0,0,210,2026-02-03 08:18:19.251445
RITC,9.58,9.58,9.59,209800.0,209100.0,0,0,0,0,0,0,211,2026-02-03 08:18:20.276973
COMP,25.41,25.39,25.41,137400.0,133800.0,0,0,0,0,0,0,211,2026-02-03 08:18:20.276973
RITC,9.6,9.58,9.6,207300.0,209800.0,0,0,0,0,0,0,212,2026-02-03 08:18:21.301965
COMP,25.43,25.39,25.43,137300.0,126600.0,0,0,0,0,0,0,212,2026-02-03 08:18:21.301965
RITC,9.57,9.57,9.58,207200.0,206800.0,0,0,0,0,0,0,213,2026-02-03 08:18:22.331191
COMP,25.43,25.39,25.43,137100.0,126600.0,0,0,0,0,0,0,213,2026-02-03 08:18:22.331191
RITC,9.57,9.57,9.58,207200.0,206500.0,0,0,0,0,0,0,214,2026-02-03 08:18:23.352659
COMP,25.46,25.39,25.46,137100.0,106500.0,0,0,0,0,0,0,214,2026-02-03 08:18:23.352659
RITC,9.57,9.57,9.58,206800.0,205200.0,0,0,0,0,0,0,215,2026-02-03 08:18:24.372842
COMP,25.5,25.44,25.5,138300.0,91600.0,0,0,0,0,0,0,215,2026-02-03 08:18:24.372842
RITC,9.57,9.57,9.58,208900.0,206100.0,0,0,0,0,0,0,216,2026-02-03 08:18:25.391913
COMP,25.5,25.51,25.52,137400.0,86100.0,0,0,0,0,0,0,216,2026-02-03 08:18:25.391913
RITC,9.57,9.57,9.58,206000.0,206100.0,0,0,0,0,0,0,217,2026-02-03 08:18:26.413088
COMP,25.5,25.51,25.52,137300.0,86100.0,0,0,0,0,0,0,217,2026-02-03 08:18:26.413088
RITC,9.57,9.57,9.58,206000.0,205400.0,0,0,0,0,0,0,218,2026-02-03 08:18:27.436001
COMP,25.52,25.51,25.52,137300.0,86100.0,0,0,0,0,0,0,218,2026-02-03 08:18:27.436001
RITC,9.57,9.57,9.58,207700.0,208000.0,0,0,0,0,0,0,219,2026-02-03 08:18:28.463120
COMP,25.52,25.51,25.52,134900.0,86100.0,0,0,0,0,0,0,219,2026-02-03 08:18:28.463120
RITC,9.56,9.56,9.57,209800.0,209900.0,0,0,0,0,0,0,220,2026-02-03 08:18:29.487423
COMP,25.53,25.51,25.53,134900.0,78700.0,0,0,0,0,0,0,220,2026-02-03 08:18:29.487423
RITC,9.56,9.56,9.57,209400.0,210000.0,0,0,0,0,0,0,221,2026-02-03 08:18:30.510668
COMP,25.54,25.51,25.54,134500.0,73000.0,0,0,0,0,0,0,221,2026-02-03 08:18:30.510668
RITC,9.54,9.54,9.57,210200.0,210400.0,0,0,0,0,0,0,222,2026-02-03 08:18:31.539877
COMP,25.54,25.51,25.54,135400.0,73000.0,0,0,0,0,0,0,222,2026-02-03 08:18:31.539877
RITC,9.54,9.54,9.56,198400.0,211000.0,0,0,0,0,0,0,223,2026-02-03 08:18:32.563366
COMP,25.54,25.56,25.59,135200.0,65600.0,0,0,0,0,0,0,223,2026-02-03 08:18:32.563366
RITC,9.54,9.54,9.55,189000.0,209800.0,0,0,0,0,0,0,224,2026-02-03 08:18:33.591587
COMP,25.64,25.56,25.64,135200.0,65300.0,0,0,0,0,0,0,224,2026-02-03 08:18:33.591587
RITC,9.53,9.53,9.55,169600.0,209800.0,0,0,0,0,0,0,225,2026-02-03 08:18:34.617799
COMP,25.64,25.56,25.64,134600.0,66700.0,0,0,0,0,0,0,225,2026-02-03 08:18:34.617799
RITC,9.52,9.52,9.53,160400.0,212300.0,0,0,0,0,0,0,226,2026-02-03 08:18:35.643717
COMP,25.64,25.62,25.64,135500.0,66700.0,0,0,0,0,0,0,226,2026-02-03 08:18:35.643717
RITC,9.51,9.51,9.53,148300.0,214100.0,0,0,0,0,0,0,227,2026-02-03 08:18:36.671223
COMP,25.62,25.62,25.7,135500.0,66700.0,0,0,0,0,0,0,227,2026-02-03 08:18:36.671223
RITC,9.51,9.51,9.53,127900.0,214100.0,0,0,0,0,0,0,228,2026-02-03 08:18:37.694660
COMP,25.62,25.67,25.7,135200.0,66700.0,0,0,0,0,0,0,228,2026-02-03 08:18:37.694660
RITC,9.51,9.51,9.53,118800.0,213300.0,0,0,0,0,0,0,229,2026-02-03 08:18:38.719797
COMP,25.62,25.68,25.7,137000.0,72200.0,0,0,0,0,0,0,229,2026-02-03 08:18:38.719797
RITC,9.51,9.51,9.52,109600.0,215000.0,0,0,0,0,0,0,230,2026-02-03 08:18:39.740985
COMP,25.62,25.69,25.7,137000.0,78800.0,0,0,0,0,0,0,230,2026-02-03 08:18:39.740985
RITC,9.5,9.5,9.52,107300.0,213200.0,0,0,0,0,0,0,231,2026-02-03 08:18:40.767155
COMP,25.69,25.69,25.7,137000.0,78800.0,0,0,0,0,0,0,231,2026-02-03 08:18:40.767155
RITC,9.5,9.5,9.52,107300.0,213200.0,0,0,0,0,0,0,232,2026-02-03 08:18:41.794238
COMP,25.7,25.71,25.72,136900.0,72900.0,0,0,0,0,0,0,232,2026-02-03 08:18:41.794238
RITC,9.5,9.5,9.51,107300.0,215200.0,0,0,0,0,0,0,233,2026-02-03 08:18:42.819091
COMP,25.7,25.71,25.72,136700.0,72900.0,0,0,0,0,0,0,233,2026-02-03 08:18:42.819091
RITC,9.5,9.5,9.51,107500.0,215200.0,0,0,0,0,0,0,234,2026-02-03 08:18:43.842480
COMP,25.7,25.71,25.72,136700.0,87300.0,0,0,0,0,0,0,234,2026-02-03 08:18:43.842480
RITC,9.5,9.5,9.51,107500.0,212400.0,0,0,0,0,0,0,235,2026-02-03 08:18:44.382315
COMP,25.72,25.71,25.72,136700.0,87300.0,0,0,0,0,0,0,235,2026-02-03 08:18:44.382315
RITC,9.5,9.48,9.5,108500.0,211500.0,0,0,0,0,0,0,236,2026-02-03 08:18:45.414316
COMP,25.72,25.71,25.72,135800.0,87300.0,0,0,0,0,0,0,236,2026-02-03 08:18:45.414316
RITC,9.5,9.48,9.5,108500.0,211300.0,0,0,0,0,0,0,237,2026-02-03 08:18:46.452236
COMP,25.71,25.7,25.71,137200.0,101200.0,0,0,0,0,0,0,237,2026-02-03 08:18:46.452236
RITC,9.48,9.48,9.5,108500.0,211400.0,0,0,0,0,0,0,238,2026-02-03 08:18:47.491251
COMP,25.7,25.7,25.71,138300.0,101200.0,0,0,0,0,0,0,238,2026-02-03 08:18:47.491251
RITC,9.48,9.47,9.48,108500.0,214800.0,0,0,0,0,0,0,239,2026-02-03 08:18:48.518742
COMP,25.7,25.7,25.71,138300.0,107500.0,0,0,0,0,0,0,239,2026-02-03 08:18:48.518742
RITC,9.47,9.47,9.48,105400.0,214800.0,0,0,0,0,0,0,240,2026-02-03 08:18:49.542678
COMP,25.7,25.7,25.71,137200.0,107500.0,0,0,0,0,0,0,240,2026-02-03 08:18:49.542678
RITC,9.47,9.47,9.48,105400.0,215200.0,0,0,0,0,0,0,241,2026-02-03 08:18:50.566895
COMP,25.72,25.68,25.72,135500.0,91400.0,0,0,0,0,0,0,241,2026-02-03 08:18:50.566895
RITC,9.47,9.44,9.47,103600.0,216600.0,0,0,0,0,0,0,242,2026-02-03 08:18:51.592294
COMP,25.67,25.67,25.72,136100.0,91400.0,0,0,0,0,0,0,242,2026-02-03 08:18:51.592294
RITC,9.44,9.43,9.44,105900.0,220000.0,0,0,0,0,0,0,243,2026-02-03 08:18:52.616725
COMP,25.72,25.67,25.72,136100.0,85100.0,0,0,0,0,0,0,243,2026-02-03 08:18:52.616725
RITC,9.44,9.43,9.44,105900.0,216700.0,0,0,0,0,0,0,244,2026-02-03 08:18:53.638430
COMP,25.72,25.67,25.69,136100.0,92100.0,0,0,0,0,0,0,244,2026-02-03 08:18:53.638430
RITC,9.44,9.43,9.44,105900.0,215900.0,0,0,0,0,0,0,245,2026-02-03 08:18:54.658913
COMP,25.72,25.67,25.72,136100.0,85100.0,0,0,0,0,0,0,245,2026-02-03 08:18:54.658913
RITC,9.44,9.43,9.44,105900.0,217000.0,0,0,0,0,0,0,246,2026-02-03 08:18:55.678712
COMP,25.74,25.67,25.74,136100.0,85200.0,0,0,0,0,0,0,246,2026-02-03 08:18:55.678712
RITC,9.43,9.41,9.43,108300.0,216700.0,0,0,0,0,0,0,247,2026-02-03 08:18:56.702789
COMP,25.74,25.67,25.72,136100.0,92100.0,0,0,0,0,0,0,247,2026-02-03 08:18:56.702789
RITC,9.43,9.41,9.42,120700.0,217600.0,0,0,0,0,0,0,248,2026-02-03 08:18:57.729152
COMP,25.72,25.71,25.72,134300.0,92100.0,0,0,0,0,0,0,248,2026-02-03 08:18:57.729152
RITC,9.43,9.41,9.42,120700.0,218400.0,0,0,0,0,0,0,249,2026-02-03 08:18:58.751918
COMP,25.72,25.71,25.72,134300.0,100000.0,0,0,0,0,0,0,249,2026-02-03 08:18:58.751918
RITC,9.41,9.41,9.42,108600.0,216900.0,0,0,0,0,0,0,250,2026-02-03 08:18:59.778823
COMP,25.73,25.71,25.73,135300.0,93100.0,0,0,0,0,0,0,250,2026-02-03 08:18:59.778823
RITC,9.4,9.4,9.42,106200.0,214600.0,0,0,0,0,0,0,251,2026-02-03 08:19:00.806866
COMP,25.73,25.71,25.73,136200.0,93100.0,0,0,0,0,0,0,251,2026-02-03 08:19:00.806866
RITC,9.4,9.4,9.42,115600.0,213300.0,0,0,0,0,0,0,252,2026-02-03 08:19:01.832929
COMP,25.73,25.71,25.73,136200.0,100400.0,0,0,0,0,0,0,252,2026-02-03 08:19:01.832929
RITC,9.4,9.4,9.42,104200.0,213300.0,0,0,0,0,0,0,253,2026-02-03 08:19:02.853783
COMP,25.74,25.74,25.77,135300.0,90100.0,0,0,0,0,0,0,253,2026-02-03 08:19:02.853783
RITC,9.4,9.4,9.41,104200.0,210900.0,0,0,0,0,0,0,254,2026-02-03 08:19:03.878940
COMP,25.67,25.67,25.71,136800.0,96300.0,0,0,0,0,0,0,254,2026-02-03 08:19:03.878940
RITC,9.38,9.38,9.41,107500.0,210900.0,0,0,0,0,0,0,255,2026-02-03 08:19:04.908360
COMP,25.67,25.67,25.71,136800.0,110300.0,0,0,0,0,0,0,255,2026-02-03 08:19:04.908360
RITC,9.38,9.38,9.41,106400.0,214100.0,0,0,0,0,0,0,256,2026-02-03 08:19:05.932676
COMP,25.67,25.67,25.69,136800.0,116400.0,0,0,0,0,0,0,256,2026-02-03 08:19:05.932676
RITC,9.38,9.36,9.38,106500.0,212800.0,0,0,0,0,0,0,257,2026-02-03 08:19:06.956413
COMP,25.67,25.67,25.69,136800.0,124100.0,0,0,0,0,0,0,257,2026-02-03 08:19:06.956413
RITC,9.35,9.35,9.38,105200.0,212800.0,0,0,0,0,0,0,258,2026-02-03 08:19:07.980416
COMP,25.71,25.67,25.71,136800.0,124600.0,0,0,0,0,0,0,258,2026-02-03 08:19:07.980416
RITC,9.35,9.35,9.37,105200.0,212300.0,0,0,0,0,0,0,259,2026-02-03 08:19:08.502902
COMP,25.71,25.67,25.69,136800.0,131500.0,0,0,0,0,0,0,259,2026-02-03 08:19:08.502902
RITC,9.34,9.34,9.37,103900.0,213700.0,0,0,0,0,0,0,260,2026-02-03 08:19:09.522427
COMP,25.67,25.67,25.69,137200.0,131500.0,0,0,0,0,0,0,260,2026-02-03 08:19:09.522427
RITC,9.34,9.34,9.36,103900.0,218600.0,0,0,0,0,0,0,261,2026-02-03 08:19:10.545048
COMP,25.69,25.67,25.69,137200.0,131500.0,0,0,0,0,0,0,261,2026-02-03 08:19:10.545048
RITC,9.34,9.29,9.32,101400.0,216700.0,0,0,0,0,0,0,262,2026-02-03 08:19:11.575461
COMP,25.69,25.67,25.69,137200.0,131900.0,0,0,0,0,0,0,262,2026-02-03 08:19:11.575461
RITC,9.29,9.29,9.31,101400.0,215000.0,0,0,0,0,0,0,263,2026-02-03 08:19:12.607050
COMP,25.69,25.67,25.71,137400.0,124600.0,0,0,0,0,0,0,263,2026-02-03 08:19:12.607050
RITC,9.25,9.25,9.29,105800.0,217600.0,0,0,0,0,0,0,264,2026-02-03 08:19:13.638963
COMP,25.69,25.67,25.7,137400.0,131500.0,0,0,0,0,0,0,264,2026-02-03 08:19:13.638963
RITC,9.23,9.23,9.29,110100.0,217600.0,0,0,0,0,0,0,265,2026-02-03 08:19:14.668760
COMP,25.72,25.67,25.72,137400.0,118400.0,0,0,0,0,0,0,265,2026-02-03 08:19:14.668760
RITC,9.22,9.22,9.23,116000.0,216600.0,0,0,0,0,0,0,266,2026-02-03 08:19:15.693876
COMP,25.72,25.67,25.72,136600.0,118400.0,0,0,0,0,0,0,266,2026-02-03 08:19:15.693876
RITC,9.22,9.22,9.23,116000.0,219100.0,0,0,0,0,0,0,267,2026-02-03 08:19:16.729234
COMP,25.72,25.7,25.72,135400.0,110800.0,0,0,0,0,0,0,267,2026-02-03 08:19:16.729234
RITC,9.2,9.2,9.23,117500.0,219100.0,0,0,0,0,0,0,268,2026-02-03 08:19:17.758726
COMP,25.72,25.7,25.72,134700.0,110800.0,0,0,0,0,0,0,268,2026-02-03 08:19:17.758726
RITC,9.24,9.22,9.24,128700.0,219900.0,0,0,0,0,0,0,269,2026-02-03 08:19:18.786582
COMP,25.77,25.7,25.77,134000.0,104400.0,0,0,0,0,0,0,269,2026-02-03 08:19:18.786582
RITC,9.22,9.2,9.22,117500.0,220800.0,0,0,0,0,0,0,270,2026-02-03 08:19:19.820195
COMP,25.77,25.72,25.77,133400.0,104400.0,0,0,0,0,0,0,270,2026-02-03 08:19:19.820195
RITC,9.22,9.19,9.22,126400.0,220800.0,0,0,0,0,0,0,271,2026-02-03 08:19:20.852241
COMP,25.77,25.75,25.77,131100.0,104400.0,0,0,0,0,0,0,271,2026-02-03 08:19:20.852241
RITC,9.22,9.21,9.22,147800.0,220800.0,0,0,0,0,0,0,272,2026-02-03 08:19:21.876237
COMP,25.77,25.75,25.77,131100.0,111600.0,0,0,0,0,0,0,272,2026-02-03 08:19:21.876237
RITC,9.22,9.21,9.22,147800.0,220800.0,0,0,0,0,0,0,273,2026-02-03 08:19:22.899853
COMP,25.78,25.75,25.78,131100.0,97100.0,0,0,0,0,0,0,273,2026-02-03 08:19:22.899853
RITC,9.19,9.19,9.22,126700.0,220900.0,0,0,0,0,0,0,274,2026-02-03 08:19:23.919584
COMP,25.78,25.75,25.77,131100.0,104700.0,0,0,0,0,0,0,274,2026-02-03 08:19:23.919584
RITC,9.22,9.22,9.23,136700.0,219600.0,0,0,0,0,0,0,275,2026-02-03 08:19:24.943565
COMP,25.77,25.75,25.77,131100.0,112500.0,0,0,0,0,0,0,275,2026-02-03 08:19:24.943565
RITC,9.22,9.22,9.23,145500.0,221600.0,0,0,0,0,0,0,276,2026-02-03 08:19:25.966415
COMP,25.77,25.75,25.77,132300.0,120000.0,0,0,0,0,0,0,276,2026-02-03 08:19:25.966415
RITC,9.22,9.22,9.23,148100.0,221600.0,0,0,0,0,0,0,277,2026-02-03 08:19:26.989730
COMP,25.77,25.75,25.77,132300.0,127000.0,0,0,0,0,0,0,277,2026-02-03 08:19:26.989730
RITC,9.22,9.22,9.23,148100.0,221600.0,0,0,0,0,0,0,278,2026-02-03 08:19:28.015630
COMP,25.75,25.75,25.77,132300.0,127000.0,0,0,0,0,0,0,278,2026-02-03 08:19:28.015630
RITC,9.21,9.22,9.23,137500.0,223000.0,0,0,0,0,0,0,279,2026-02-03 08:19:29.038695
COMP,25.75,25.75,25.77,132300.0,134600.0,0,0,0,0,0,0,279,2026-02-03 08:19:29.038695
RITC,9.22,9.21,9.22,137800.0,224400.0,0,0,0,0,0,0,280,2026-02-03 08:19:30.061462
COMP,25.72,25.7,25.72,133300.0,134300.0,0,0,0,0,0,0,280,2026-02-03 08:19:30.061462
RITC,9.19,9.19,9.22,126700.0,224400.0,0,0,0,0,0,0,281,2026-02-03 08:19:31.083340
COMP,25.7,25.7,25.72,133300.0,134300.0,0,0,0,0,0,0,281,2026-02-03 08:19:31.083340
RITC,9.19,9.19,9.22,148500.0,221400.0,0,0,0,0,0,0,282,2026-02-03 08:19:32.108662
COMP,25.7,25.7,25.72,133300.0,135400.0,0,0,0,0,0,0,282,2026-02-03 08:19:32.108662
RITC,9.19,9.19,9.22,148500.0,220000.0,0,0,0,0,0,0,283,2026-02-03 08:19:32.628459
COMP,25.7,25.7,25.72,133300.0,133800.0,0,0,0,0,0,0,283,2026-02-03 08:19:32.628459
RITC,9.23,9.2,9.23,159800.0,222700.0,0,0,0,0,0,0,284,2026-02-03 08:19:33.653254
COMP,25.7,25.7,25.72,133300.0,132900.0,0,0,0,0,0,0,284,2026-02-03 08:19:33.653254
RITC,9.23,9.21,9.23,169700.0,222200.0,0,0,0,0,0,0,285,2026-02-03 08:19:34.679578
COMP,25.7,25.7,25.72,133200.0,132900.0,0,0,0,0,0,0,285,2026-02-03 08:19:34.679578
RITC,9.23,9.21,9.23,192200.0,222200.0,0,0,0,0,0,0,286,2026-02-03 08:19:35.712285
COMP,25.67,25.67,25.72,136600.0,132900.0,0,0,0,0,0,0,286,2026-02-03 08:19:35.712285
RITC,9.23,9.22,9.23,204400.0,225000.0,0,0,0,0,0,0,287,2026-02-03 08:19:36.748508
COMP,25.67,25.66,25.67,135700.0,134500.0,0,0,0,0,0,0,287,2026-02-03 08:19:36.748508
RITC,9.22,9.22,9.23,204400.0,225000.0,0,0,0,0,0,0,288,2026-02-03 08:19:37.780596
COMP,25.67,25.66,25.67,135700.0,135000.0,0,0,0,0,0,0,288,2026-02-03 08:19:37.780596
RITC,9.22,9.22,9.23,227500.0,225000.0,0,0,0,0,0,0,289,2026-02-03 08:19:38.814748
COMP,25.71,25.66,25.71,135700.0,134200.0,0,0,0,0,0,0,289,2026-02-03 08:19:38.814748
RITC,9.22,9.22,9.23,229300.0,222400.0,0,0,0,0,0,0,290,2026-02-03 08:19:39.841680
COMP,25.74,25.73,25.74,135800.0,131500.0,0,0,0,0,0,0,290,2026-02-03 08:19:39.841680
RITC,9.22,9.22,9.23,230900.0,221600.0,0,0,0,0,0,0,291,2026-02-03 08:19:40.870793
COMP,25.74,25.73,25.74,135800.0,131000.0,0,0,0,0,0,0,291,2026-02-03 08:19:40.870793
RITC,9.22,9.22,9.23,228500.0,217900.0,0,0,0,0,0,0,292,2026-02-03 08:19:41.893521
COMP,25.74,25.73,25.74,135800.0,131400.0,0,0,0,0,0,0,292,2026-02-03 08:19:41.893521
RITC,9.22,9.22,9.23,226600.0,217900.0,0,0,0,0,0,0,293,2026-02-03 08:19:42.919944
COMP,25.73,25.66,25.7,135700.0,132900.0,0,0,0,0,0,0,293,2026-02-03 08:19:42.919944
RITC,9.22,9.22,9.23,228300.0,217600.0,0,0,0,0,0,0,294,2026-02-03 08:19:43.942640
COMP,25.64,25.64,25.7,135900.0,132900.0,0,0,0,0,0,0,294,2026-02-03 08:19:43.942640
RITC,9.22,9.22,9.23,228300.0,216900.0,0,0,0,0,0,0,295,2026-02-03 08:19:44.968701
COMP,25.64,25.64,25.7,136500.0,132900.0,0,0,0,0,0,0,295,2026-02-03 08:19:44.968701
RITC,9.21,9.21,9.23,220500.0,213400.0,0,0,0,0,0,0,296,2026-02-03 08:19:45.992743
COMP,25.64,25.64,25.7,135500.0,132900.0,0,0,0,0,0,0,296,2026-02-03 08:19:45.992743
RITC,9.21,9.21,9.23,220500.0,212900.0,0,0,0,0,0,0,297,2026-02-03 08:19:47.024128
COMP,25.7,25.7,25.74,136300.0,131400.0,0,0,0,0,0,0,297,2026-02-03 08:19:47.024128
RITC,9.21,9.21,9.23,229600.0,210000.0,0,0,0,0,0,0,298,2026-02-03 08:19:48.048703
COMP,25.77,25.7,25.75,136300.0,133900.0,0,0,0,0,0,0,298,2026-02-03 08:19:48.048703
RITC,9.23,9.21,9.23,229600.0,212700.0,0,0,0,0,0,0,299,2026-02-03 08:19:49.078412
COMP,25.62,25.62,25.75,135900.0,133900.0,0,0,0,0,0,0,299,2026-02-03 08:19:49.078412
RITC,9.21,9.21,9.23,217900.0,212700.0,0,0,0,0,0,0,300,2026-02-03 08:19:50.108523
COMP,25.62,25.69,25.75,133100.0,133900.0,0,0,0,0,0,0,300,2026-02-03 08:19:50.108523
RITC,9.2,9.2,9.23,195900.0,212700.0,0,0,0,0,0,0,301,2026-02-03 08:19:51.134594
COMP,25.62,25.69,25.75,133100.0,133700.0,0,0,0,0,0,0,301,2026-02-03 08:19:51.134594
RITC,9.2,9.2,9.21,195900.0,215000.0,0,0,0,0,0,0,302,2026-02-03 08:19:52.153897
COMP,25.69,25.7,25.75,132900.0,133700.0,0,0,0,0,0,0,302,2026-02-03 08:19:52.153897
RITC,9.2,9.19,9.2,174400.0,215000.0,0,0,0,0,0,0,303,2026-02-03 08:19:53.172670
COMP,25.69,25.7,25.75,132900.0,136200.0,0,0,0,0,0,0,303,2026-02-03 08:19:53.172670
RITC,9.18,9.18,9.2,151100.0,215000.0,0,0,0,0,0,0,304,2026-02-03 08:19:54.193553
COMP,25.75,25.74,25.75,131700.0,136200.0,0,0,0,0,0,0,304,2026-02-03 08:19:54.193553
RITC,9.18,9.18,9.19,151100.0,213100.0,0,0,0,0,0,0,305,2026-02-03 08:19:55.213013
COMP,25.75,25.74,25.75,131700.0,134000.0,0,0,0,0,0,0,305,2026-02-03 08:19:55.213013
RITC,9.18,9.18,9.19,141800.0,213100.0,0,0,0,0,0,0,306,2026-02-03 08:19:56.236088
COMP,25.77,25.74,25.77,130900.0,132500.0,0,0,0,0,0,0,306,2026-02-03 08:19:56.236088
RITC,9.18,9.18,9.19,128900.0,215500.0,0,0,0,0,0,0,307,2026-02-03 08:19:57.258100
COMP,25.77,25.74,25.77,130900.0,132500.0,0,0,0,0,0,0,307,2026-02-03 08:19:57.258100
RITC,9.17,9.17,9.19,115900.0,215500.0,0,0,0,0,0,0,308,2026-02-03 08:19:57.783357
COMP,25.77,25.74,25.77,130900.0,132600.0,0,0,0,0,0,0,308,2026-02-03 08:19:57.783357
RITC,9.17,9.17,9.19,117800.0,213700.0,0,0,0,0,0,0,309,2026-02-03 08:19:58.810843
COMP,25.73,25.73,25.77,132400.0,132600.0,0,0,0,0,0,0,309,2026-02-03 08:19:58.810843
RITC,9.19,9.19,9.2,140500.0,211800.0,0,0,0,0,0,0,310,2026-02-03 08:19:59.846137
COMP,25.73,25.73,25.77,131800.0,132700.0,0,0,0,0,0,0,310,2026-02-03 08:19:59.846137
RITC,9.17,9.17,9.2,114700.0,212800.0,0,0,0,0,0,0,311,2026-02-03 08:20:00.880438
COMP,25.72,25.72,25.75,132600.0,134100.0,0,0,0,0,0,0,311,2026-02-03 08:20:00.880438
RITC,9.17,9.17,9.19,114700.0,215200.0,0,0,0,0,0,0,312,2026-02-03 08:20:01.914306
COMP,25.75,25.76,25.77,131700.0,132700.0,0,0,0,0,0,0,312,2026-02-03 08:20:01.914306
RITC,9.15,9.15,9.19,111300.0,219000.0,0,0,0,0,0,0,313,2026-02-03 08:20:02.959178
COMP,25.76,25.72,25.75,132600.0,133800.0,0,0,0,0,0,0,313,2026-02-03 08:20:02.959178
RITC,9.14,9.14,9.17,109500.0,220200.0,0,0,0,0,0,0,314,2026-02-03 08:20:03.986601
COMP,25.76,25.72,25.75,132600.0,133900.0,0,0,0,0,0,0,314,2026-02-03 08:20:03.986601
RITC,9.14,9.13,9.14,108400.0,222700.0,0,0,0,0,0,0,315,2026-02-03 08:20:05.012323
COMP,25.74,25.74,25.75,131000.0,133900.0,0,0,0,0,0,0,315,2026-02-03 08:20:05.012323
RITC,9.14,9.13,9.14,108400.0,224500.0,0,0,0,0,0,0,316,2026-02-03 08:20:06.046642
COMP,25.72,25.72,25.75,132600.0,133900.0,0,0,0,0,0,0,316,2026-02-03 08:20:06.046642
RITC,9.13,9.13,9.14,108400.0,224800.0,0,0,0,0,0,0,317,2026-02-03 08:20:07.072066
COMP,25.72,25.7,25.72,132900.0,135300.0,0,0,0,0,0,0,317,2026-02-03 08:20:07.072066
RITC,9.13,9.13,9.14,117300.0,224900.0,0,0,0,0,0,0,318,2026-02-03 08:20:08.126018
COMP,25.68,25.71,25.72,132700.0,135300.0,0,0,0,0,0,0,318,2026-02-03 08:20:08.126018
RITC,9.13,9.13,9.14,104500.0,221400.0,0,0,0,0,0,0,319,2026-02-03 08:20:09.160775
COMP,25.68,25.71,25.72,132700.0,132800.0,0,0,0,0,0,0,319,2026-02-03 08:20:09.160775
RITC,9.13,9.13,9.14,106100.0,221400.0,0,0,0,0,0,0,320,2026-02-03 08:20:10.188544
COMP,25.68,25.71,25.72,132700.0,134200.0,0,0,0,0,0,0,320,2026-02-03 08:20:10.188544
RITC,9.13,9.13,9.14,118100.0,224800.0,0,0,0,0,0,0,321,2026-02-03 08:20:11.211166
COMP,25.68,25.71,25.72,132700.0,135300.0,0,0,0,0,0,0,321,2026-02-03 08:20:11.211166
RITC,9.12,9.12,9.15,109200.0,222700.0,0,0,0,0,0,0,322,2026-02-03 08:20:12.234250
COMP,25.68,25.71,25.72,132400.0,136300.0,0,0,0,0,0,0,322,2026-02-03 08:20:12.234250
RITC,9.12,9.12,9.14,106800.0,226400.0,0,0,0,0,0,0,323,2026-02-03 08:20:13.256372
COMP,25.72,25.71,25.72,132400.0,134800.0,0,0,0,0,0,0,323,2026-02-03 08:20:13.256372
RITC,9.12,9.1,9.12,106400.0,224700.0,0,0,0,0,0,0,324,2026-02-03 08:20:14.280861
COMP,25.72,25.72,25.75,133200.0,132900.0,0,0,0,0,0,0,324,2026-02-03 08:20:14.280861
RITC,9.12,9.1,9.11,118000.0,224200.0,0,0,0,0,0,0,325,2026-02-03 08:20:15.305443
COMP,25.72,25.72,25.74,133200.0,133400.0,0,0,0,0,0,0,325,2026-02-03 08:20:15.305443
RITC,9.11,9.1,9.11,118000.0,224200.0,0,0,0,0,0,0,326,2026-02-03 08:20:16.327006
COMP,25.68,25.62,25.63,134400.0,131700.0,0,0,0,0,0,0,326,2026-02-03 08:20:16.327006
RITC,9.08,9.08,9.11,105900.0,224200.0,0,0,0,0,0,0,327,2026-02-03 08:20:17.350304
COMP,25.61,25.61,25.63,135100.0,131700.0,0,0,0,0,0,0,327,2026-02-03 08:20:17.350304
RITC,9.08,9.08,9.12,104900.0,224700.0,0,0,0,0,0,0,328,2026-02-03 08:20:17.873748
COMP,25.61,25.59,25.61,134700.0,133400.0,0,0,0,0,0,0,328,2026-02-03 08:20:17.873748
RITC,9.12,9.12,9.14,115200.0,224500.0,0,0,0,0,0,0,329,2026-02-03 08:20:18.896648
COMP,25.61,25.59,25.61,136300.0,133400.0,0,0,0,0,0,0,329,2026-02-03 08:20:18.896648
RITC,9.12,9.13,9.14,135700.0,224500.0,0,0,0,0,0,0,330,2026-02-03 08:20:19.919585
COMP,25.61,25.59,25.61,136800.0,133400.0,0,0,0,0,0,0,330,2026-02-03 08:20:19.919585
RITC,9.13,9.13,9.14,124100.0,224500.0,0,0,0,0,0,0,331,2026-02-03 08:20:20.957513
COMP,25.59,25.59,25.61,136800.0,133400.0,0,0,0,0,0,0,331,2026-02-03 08:20:20.957513
RITC,9.13,9.13,9.14,124100.0,222600.0,0,0,0,0,0,0,332,2026-02-03 08:20:21.989485
COMP,25.63,25.64,25.69,137300.0,132500.0,0,0,0,0,0,0,332,2026-02-03 08:20:21.989485
RITC,9.13,9.13,9.14,124100.0,225500.0,0,0,0,0,0,0,333,2026-02-03 08:20:23.021222
COMP,25.63,25.64,25.65,136400.0,132700.0,0,0,0,0,0,0,333,2026-02-03 08:20:23.021222
RITC,9.12,9.08,9.11,104900.0,228100.0,0,0,0,0,0,0,334,2026-02-03 08:20:24.057872
COMP,25.63,25.64,25.65,135100.0,132700.0,0,0,0,0,0,0,334,2026-02-03 08:20:24.057872
RITC,9.12,9.08,9.09,114000.0,228900.0,0,0,0,0,0,0,335,2026-02-03 08:20:25.089537
COMP,25.63,25.64,25.65,134700.0,132700.0,0,0,0,0,0,0,335,2026-02-03 08:20:25.089537
RITC,9.09,9.08,9.09,125000.0,228900.0,0,0,0,0,0,0,336,2026-02-03 08:20:26.125317
COMP,25.64,25.64,25.65,133900.0,132700.0,0,0,0,0,0,0,336,2026-02-03 08:20:26.125317
RITC,9.09,9.08,9.09,125000.0,226700.0,0,0,0,0,0,0,337,2026-02-03 08:20:27.146728
COMP,25.65,25.64,25.65,133900.0,132700.0,0,0,0,0,0,0,337,2026-02-03 08:20:27.146728
RITC,9.09,9.1,9.11,143700.0,228100.0,0,0,0,0,0,0,338,2026-02-03 08:20:28.172242
COMP,25.69,25.72,25.74,133400.0,133400.0,0,0,0,0,0,0,338,2026-02-03 08:20:28.172242
RITC,9.09,9.1,9.11,166000.0,228100.0,0,0,0,0,0,0,339,2026-02-03 08:20:29.203865
COMP,25.75,25.72,25.75,133400.0,132900.0,0,0,0,0,0,0,339,2026-02-03 08:20:29.203865
RITC,9.1,9.09,9.1,143400.0,228600.0,0,0,0,0,0,0,340,2026-02-03 08:20:30.237164
COMP,25.76,25.72,25.76,133400.0,134100.0,0,0,0,0,0,0,340,2026-02-03 08:20:30.237164
RITC,9.11,9.11,9.13,165100.0,225500.0,0,0,0,0,0,0,341,2026-02-03 08:20:31.265671
COMP,25.76,25.72,25.76,130900.0,134100.0,0,0,0,0,0,0,341,2026-02-03 08:20:31.265671
RITC,9.11,9.09,9.1,143400.0,228900.0,0,0,0,0,0,0,342,2026-02-03 08:20:32.292501
COMP,25.76,25.74,25.76,131100.0,134100.0,0,0,0,0,0,0,342,2026-02-03 08:20:32.292501
RITC,9.09,9.08,9.09,134000.0,228400.0,0,0,0,0,0,0,343,2026-02-03 08:20:33.318120
COMP,25.76,25.74,25.76,131100.0,133900.0,0,0,0,0,0,0,343,2026-02-03 08:20:33.318120
RITC,9.08,9.08,9.09,124200.0,228800.0,0,0,0,0,0,0,344,2026-02-03 08:20:34.342947
COMP,25.77,25.74,25.77,131100.0,135400.0,0,0,0,0,0,0,344,2026-02-03 08:20:34.342947
RITC,9.08,9.08,9.09,133700.0,228800.0,0,0,0,0,0,0,345,2026-02-03 08:20:35.365145
COMP,25.77,25.74,25.77,131100.0,136300.0,0,0,0,0,0,0,345,2026-02-03 08:20:35.365145
RITC,9.08,9.08,9.09,133700.0,232100.0,0,0,0,0,0,0,346,2026-02-03 08:20:36.396926
COMP,25.77,25.75,25.77,132200.0,136300.0,0,0,0,0,0,0,346,2026-02-03 08:20:36.396926
RITC,9.07,9.07,9.09,103500.0,234200.0,0,0,0,0,0,0,347,2026-02-03 08:20:37.422602
COMP,25.77,25.75,25.77,132200.0,135200.0,0,0,0,0,0,0,347,2026-02-03 08:20:37.422602
RITC,9.09,9.07,9.09,113900.0,233600.0,0,0,0,0,0,0,348,2026-02-03 08:20:38.446017
COMP,25.77,25.75,25.77,132200.0,133800.0,0,0,0,0,0,0,348,2026-02-03 08:20:38.446017
RITC,9.1,9.08,9.1,123900.0,230400.0,0,0,0,0,0,0,349,2026-02-03 08:20:39.465500
COMP,25.77,25.75,25.77,131400.0,134800.0,0,0,0,0,0,0,349,2026-02-03 08:20:39.465500
RITC,9.1,9.08,9.1,123900.0,229700.0,0,0,0,0,0,0,350,2026-02-03 08:20:40.485970
COMP,25.78,25.75,25.78,131400.0,133800.0,0,0,0,0,0,0,350,2026-02-03 08:20:40.485970
RITC,9.08,9.08,9.11,123900.0,229300.0,0,0,0,0,0,0,351,2026-02-03 08:20:41.529916
COMP,25.78,25.75,25.78,130900.0,133800.0,0,0,0,0,0,0,351,2026-02-03 08:20:41.529916
RITC,9.07,9.07,9.11,113900.0,229300.0,0,0,0,0,0,0,352,2026-02-03 08:20:42.052266
COMP,25.78,25.75,25.78,130900.0,133500.0,0,0,0,0,0,0,352,2026-02-03 08:20:42.052266
RITC,9.11,9.07,9.08,113900.0,227800.0,0,0,0,0,0,0,353,2026-02-03 08:20:43.086885
COMP,25.78,25.75,25.78,130900.0,132400.0,0,0,0,0,0,0,353,2026-02-03 08:20:43.086885
RITC,9.11,9.07,9.08,113900.0,228200.0,0,0,0,0,0,0,354,2026-02-03 08:20:44.127663
COMP,25.78,25.76,25.78,127700.0,132400.0,0,0,0,0,0,0,354,2026-02-03 08:20:44.127663
RITC,9.05,9.05,9.08,103600.0,228200.0,0,0,0,0,0,0,355,2026-02-03 08:20:45.166557
COMP,25.78,25.76,25.78,127800.0,132400.0,0,0,0,0,0,0,355,2026-02-03 08:20:45.166557
RITC,9.05,9.05,9.07,116400.0,228300.0,0,0,0,0,0,0,356,2026-02-03 08:20:46.203524
COMP,25.78,25.76,25.78,126700.0,132400.0,0,0,0,0,0,0,356,2026-02-03 08:20:46.203524
RITC,9.05,9.05,9.07,128600.0,228800.0,0,0,0,0,0,0,357,2026-02-03 08:20:47.238017
COMP,25.78,25.76,25.78,126400.0,132400.0,0,0,0,0,0,0,357,2026-02-03 08:20:47.238017
RITC,9.08,9.08,9.09,140800.0,231700.0,0,0,0,0,0,0,358,2026-02-03 08:20:48.261602
COMP,25.79,25.76,25.79,125400.0,132300.0,0,0,0,0,0,0,358,2026-02-03 08:20:48.261602
RITC,9.09,9.08,9.09,150700.0,232200.0,0,0,0,0,0,0,359,2026-02-03 08:20:49.286412
COMP,25.79,25.76,25.79,126300.0,132300.0,0,0,0,0,0,0,359,2026-02-03 08:20:49.286412
RITC,9.09,9.08,9.09,150700.0,230900.0,0,0,0,0,0,0,360,2026-02-03 08:20:50.312510
COMP,25.79,25.78,25.79,126200.0,131700.0,0,0,0,0,0,0,360,2026-02-03 08:20:50.312510
RITC,9.08,9.08,9.09,138500.0,232200.0,0,0,0,0,0,0,361,2026-02-03 08:20:51.335600
COMP,25.79,25.78,25.79,128200.0,133000.0,0,0,0,0,0,0,361,2026-02-03 08:20:51.335600
RITC,9.08,9.08,9.09,140400.0,232200.0,0,0,0,0,0,0,362,2026-02-03 08:20:52.359676
COMP,25.79,25.78,25.79,128200.0,135000.0,0,0,0,0,0,0,362,2026-02-03 08:20:52.359676
RITC,9.08,9.08,9.09,149800.0,232400.0,0,0,0,0,0,0,363,2026-02-03 08:20:53.380274
COMP,25.79,25.78,25.79,130600.0,135000.0,0,0,0,0,0,0,363,2026-02-03 08:20:53.380274
RITC,9.05,9.05,9.09,128600.0,229600.0,0,0,0,0,0,0,364,2026-02-03 08:20:54.402138
COMP,25.79,25.78,25.79,130400.0,135000.0,0,0,0,0,0,0,364,2026-02-03 08:20:54.402138
RITC,9.08,9.05,9.07,128600.0,230300.0,0,0,0,0,0,0,365,2026-02-03 08:20:55.423779
COMP,25.78,25.78,25.79,131700.0,135000.0,0,0,0,0,0,0,365,2026-02-03 08:20:55.423779
RITC,9.08,9.05,9.07,128600.0,231200.0,0,0,0,0,0,0,366,2026-02-03 08:20:56.444030
COMP,25.78,25.78,25.79,131100.0,135000.0,0,0,0,0,0,0,366,2026-02-03 08:20:56.444030
RITC,9.08,9.05,9.06,128600.0,237600.0,0,0,0,0,0,0,367,2026-02-03 08:20:57.464846
COMP,25.8,25.78,25.8,131100.0,133200.0,0,0,0,0,0,0,367,2026-02-03 08:20:57.464846
RITC,9.08,9.05,9.06,128600.0,234800.0,0,0,0,0,0,0,368,2026-02-03 08:20:58.489010
COMP,25.8,25.78,25.8,131400.0,131900.0,0,0,0,0,0,0,368,2026-02-03 08:20:58.489010
RITC,9.04,9.04,9.06,117900.0,234800.0,0,0,0,0,0,0,369,2026-02-03 08:20:59.531852
COMP,25.8,25.78,25.8,132300.0,131900.0,0,0,0,0,0,0,369,2026-02-03 08:20:59.531852
RITC,9.04,9.04,9.06,114800.0,234800.0,0,0,0,0,0,0,370,2026-02-03 08:21:00.600048
COMP,25.8,25.78,25.8,132500.0,131900.0,0,0,0,0,0,0,370,2026-02-03 08:21:00.600048
RITC,9.04,9.04,9.06,114800.0,236100.0,0,0,0,0,0,0,371,2026-02-03 08:21:01.637434
COMP,25.81,25.78,25.81,133500.0,132600.0,0,0,0,0,0,0,371,2026-02-03 08:21:01.637434
RITC,9.03,9.03,9.04,104600.0,234300.0,0,0,0,0,0,0,372,2026-02-03 08:21:02.666444
COMP,25.81,25.79,25.81,131800.0,132600.0,0,0,0,0,0,0,372,2026-02-03 08:21:02.666444
RITC,9.02,9.02,9.04,107400.0,234300.0,0,0,0,0,0,0,373,2026-02-03 08:21:03.190919
COMP,25.82,25.79,25.82,131800.0,134200.0,0,0,0,0,0,0,373,2026-02-03 08:21:03.190919
RITC,8.99,9.01,9.04,120100.0,234300.0,0,0,0,0,0,0,374,2026-02-03 08:21:04.240653
COMP,25.82,25.79,25.82,130600.0,134200.0,0,0,0,0,0,0,374,2026-02-03 08:21:04.240653
RITC,8.99,8.99,9.04,122100.0,234300.0,0,0,0,0,0,0,375,2026-02-03 08:21:05.281471
COMP,25.82,25.79,25.82,129800.0,134200.0,0,0,0,0,0,0,375,2026-02-03 08:21:05.281471
RITC,8.99,8.94,8.95,109700.0,234600.0,0,0,0,0,0,0,376,2026-02-03 08:21:06.342780
COMP,25.82,25.8,25.82,130800.0,134200.0,0,0,0,0,0,0,376,2026-02-03 08:21:06.342780
RITC,8.95,8.98,9.03,130200.0,235400.0,0,0,0,0,0,0,377,2026-02-03 08:21:07.371946
COMP,25.82,25.8,25.82,130800.0,134200.0,0,0,0,0,0,0,377,2026-02-03 08:21:07.371946
RITC,8.95,8.95,9.0,119400.0,235200.0,0,0,0,0,0,0,378,2026-02-03 08:21:08.401478
COMP,25.82,25.8,25.82,130000.0,136200.0,0,0,0,0,0,0,378,2026-02-03 08:21:08.401478
RITC,8.95,8.97,9.0,122200.0,235200.0,0,0,0,0,0,0,379,2026-02-03 08:21:09.424691
COMP,25.82,25.83,25.84,131600.0,128400.0,0,0,0,0,0,0,379,2026-02-03 08:21:09.424691
RITC,8.95,8.97,9.0,122200.0,231900.0,0,0,0,0,0,0,380,2026-02-03 08:21:10.448094
COMP,25.84,25.83,25.84,133100.0,121900.0,0,0,0,0,0,0,380,2026-02-03 08:21:10.448094
RITC,8.97,8.94,8.96,109700.0,226900.0,0,0,0,0,0,0,381,2026-02-03 08:21:11.476161
COMP,25.84,25.83,25.84,133100.0,115500.0,0,0,0,0,0,0,381,2026-02-03 08:21:11.476161
RITC,9.0,8.94,9.0,122300.0,230300.0,0,0,0,0,0,0,382,2026-02-03 08:21:12.503494
COMP,25.84,25.83,25.84,133100.0,115500.0,0,0,0,0,0,0,382,2026-02-03 08:21:12.503494
RITC,9.0,8.94,8.96,122300.0,231100.0,0,0,0,0,0,0,383,2026-02-03 08:21:13.527258
COMP,25.85,25.83,25.85,133100.0,107900.0,0,0,0,0,0,0,383,2026-02-03 08:21:13.527258
RITC,8.96,8.94,8.96,122300.0,231100.0,0,0,0,0,0,0,384,2026-02-03 08:21:14.553386
COMP,25.86,25.86,25.87,134200.0,95600.0,0,0,0,0,0,0,384,2026-02-03 08:21:14.553386
RITC,8.97,8.94,8.96,122300.0,229400.0,0,0,0,0,0,0,385,2026-02-03 08:21:15.587128
COMP,25.88,25.86,25.88,134200.0,89200.0,0,0,0,0,0,0,385,2026-02-03 08:21:15.587128
RITC,8.97,8.94,8.96,122300.0,229400.0,0,0,0,0,0,0,386,2026-02-03 08:21:16.614198
COMP,25.88,25.86,25.88,134200.0,89200.0,0,0,0,0,0,0,386,2026-02-03 08:21:16.614198
RITC,8.97,8.95,8.96,144600.0,229400.0,0,0,0,0,0,0,387,2026-02-03 08:21:17.640449
COMP,25.88,25.88,25.91,135400.0,81200.0,0,0,0,0,0,0,387,2026-02-03 08:21:17.640449
RITC,8.98,8.95,8.98,153800.0,231400.0,0,0,0,0,0,0,388,2026-02-03 08:21:18.667542
COMP,25.88,25.9,25.91,135700.0,81200.0,0,0,0,0,0,0,388,2026-02-03 08:21:18.667542
RITC,8.98,8.95,8.98,173200.0,231400.0,0,0,0,0,0,0,389,2026-02-03 08:21:19.693539
COMP,25.91,25.91,25.99,136200.0,74500.0,0,0,0,0,0,0,389,2026-02-03 08:21:19.693539
RITC,8.98,8.95,8.98,198100.0,231400.0,0,0,0,0,0,0,390,2026-02-03 08:21:20.714910
COMP,25.99,25.91,25.99,136200.0,74500.0,0,0,0,0,0,0,390,2026-02-03 08:21:20.714910
RITC,8.98,8.96,8.98,208400.0,229500.0,0,0,0,0,0,0,391,2026-02-03 08:21:21.735502
COMP,25.99,25.95,25.99,134600.0,74500.0,0,0,0,0,0,0,391,2026-02-03 08:21:21.735502
RITC,9.0,8.98,9.0,220000.0,230700.0,0,0,0,0,0,0,392,2026-02-03 08:21:22.759521
COMP,25.99,25.95,25.99,135500.0,74500.0,0,0,0,0,0,0,392,2026-02-03 08:21:22.759521
RITC,9.0,8.98,9.0,220000.0,230700.0,0,0,0,0,0,0,393,2026-02-03 08:21:23.284466
COMP,25.99,25.95,25.99,135500.0,68200.0,0,0,0,0,0,0,393,2026-02-03 08:21:23.284466
RITC,9.0,9.02,9.03,216200.0,234000.0,0,0,0,0,0,0,394,2026-02-03 08:21:24.309744
COMP,25.99,25.95,25.99,135500.0,68200.0,0,0,0,0,0,0,394,2026-02-03 08:21:24.309744
RITC,9.04,9.02,9.04,215600.0,233600.0,0,0,0,0,0,0,395,2026-02-03 08:21:25.344882
COMP,26.07,26.01,26.07,135400.0,68100.0,0,0,0,0,0,0,395,2026-02-03 08:21:25.344882
RITC,9.04,9.03,9.04,214900.0,233600.0,0,0,0,0,0,0,396,2026-02-03 08:21:26.375236
COMP,26.07,26.08,26.22,135100.0,67800.0,0,0,0,0,0,0,396,2026-02-03 08:21:26.375236
RITC,9.04,9.03,9.04,218200.0,233600.0,0,0,0,0,0,0,397,2026-02-03 08:21:27.403570
COMP,26.07,26.08,26.15,135100.0,74100.0,0,0,0,0,0,0,397,2026-02-03 08:21:27.403570
RITC,9.04,9.05,9.06,220600.0,234600.0,0,0,0,0,0,0,398,2026-02-03 08:21:28.429129
COMP,26.15,26.08,26.15,134500.0,74100.0,0,0,0,0,0,0,398,2026-02-03 08:21:28.429129
RITC,9.06,9.05,9.06,220600.0,233800.0,0,0,0,0,0,0,399,2026-02-03 08:21:29.456819
COMP,26.15,26.13,26.15,135100.0,74100.0,0,0,0,0,0,0,399,2026-02-03 08:21:29.456819
RITC,9.08,9.06,9.08,223900.0,233300.0,0,0,0,0,0,0,400,2026-02-03 08:21:30.484890
COMP,26.22,26.13,26.22,135100.0,67800.0,0,0,0,0,0,0,400,2026-02-03 08:21:30.484890
RITC,9.08,9.07,9.08,222000.0,233300.0,0,0,0,0,0,0,401,2026-02-03 08:21:31.516101
COMP,26.22,26.13,26.22,135100.0,73400.0,0,0,0,0,0,0,401,2026-02-03 08:21:31.516101
RITC,9.08,9.08,9.09,225300.0,229900.0,0,0,0,0,0,0,402,2026-02-03 08:21:32.542874
COMP,26.22,26.21,26.22,136100.0,73400.0,0,0,0,0,0,0,402,2026-02-03 08:21:32.542874
RITC,9.09,9.08,9.09,225300.0,227500.0,0,0,0,0,0,0,403,2026-02-03 08:21:33.566315
COMP,26.21,26.15,26.21,135100.0,80500.0,0,0,0,0,0,0,403,2026-02-03 08:21:33.566315
RITC,9.09,9.08,9.09,225100.0,225800.0,0,0,0,0,0,0,404,2026-02-03 08:21:34.621948
COMP,26.21,26.15,26.21,135100.0,87400.0,0,0,0,0,0,0,404,2026-02-03 08:21:34.621948
RITC,9.09,9.08,9.09,221900.0,228500.0,0,0,0,0,0,0,405,2026-02-03 08:21:35.645700
COMP,26.13,26.13,26.21,135100.0,87400.0,0,0,0,0,0,0,405,2026-02-03 08:21:35.645700
RITC,9.1,9.08,9.1,220200.0,229700.0,0,0,0,0,0,0,406,2026-02-03 08:21:36.674118
COMP,26.13,26.13,26.21,135100.0,87400.0,0,0,0,0,0,0,406,2026-02-03 08:21:36.674118
RITC,9.1,9.1,9.11,219100.0,232900.0,0,0,0,0,0,0,407,2026-02-03 08:21:37.701079
COMP,26.13,26.09,26.1,133900.0,94500.0,0,0,0,0,0,0,407,2026-02-03 08:21:37.701079
RITC,9.1,9.1,9.11,216700.0,232900.0,0,0,0,0,0,0,408,2026-02-03 08:21:38.727285
COMP,26.13,26.09,26.1,133500.0,100800.0,0,0,0,0,0,0,408,2026-02-03 08:21:38.727285
RITC,9.11,9.1,9.11,216200.0,231600.0,0,0,0,0,0,0,409,2026-02-03 08:21:39.750859
COMP,26.13,26.09,26.1,133000.0,100800.0,0,0,0,0,0,0,409,2026-02-03 08:21:39.750859
RITC,9.11,9.1,9.11,213200.0,231600.0,0,0,0,0,0,0,410,2026-02-03 08:21:40.774137
COMP,26.1,26.09,26.1,132400.0,100800.0,0,0,0,0,0,0,410,2026-02-03 08:21:40.774137
RITC,9.12,9.1,9.12,218300.0,229500.0,0,0,0,0,0,0,411,2026-02-03 08:21:41.797092
COMP,26.22,26.09,26.22,132400.0,80300.0,0,0,0,0,0,0,411,2026-02-03 08:21:41.797092
RITC,9.12,9.11,9.12,216800.0,229500.0,0,0,0,0,0,0,412,2026-02-03 08:21:42.820602
COMP,26.22,26.21,26.22,132600.0,72800.0,0,0,0,0,0,0,412,2026-02-03 08:21:42.820602
RITC,9.12,9.11,9.12,218000.0,226200.0,0,0,0,0,0,0,413,2026-02-03 08:21:43.848827
COMP,26.21,26.21,26.22,132600.0,72800.0,0,0,0,0,0,0,413,2026-02-03 08:21:43.848827
RITC,9.12,9.11,9.12,218000.0,226200.0,0,0,0,0,0,0,414,2026-02-03 08:21:44.391989
COMP,26.22,26.21,26.22,132600.0,66900.0,0,0,0,0,0,0,414,2026-02-03 08:21:44.391989
RITC,9.12,9.11,9.12,220700.0,224500.0,0,0,0,0,0,0,415,2026-02-03 08:21:45.429052
COMP,26.23,26.21,26.23,132600.0,67100.0,0,0,0,0,0,0,415,2026-02-03 08:21:45.429052
RITC,9.12,9.11,9.12,220100.0,224500.0,0,0,0,0,0,0,416,2026-02-03 08:21:46.477962
COMP,26.23,26.21,26.23,130200.0,67100.0,0,0,0,0,0,0,416,2026-02-03 08:21:46.477962
RITC,9.12,9.12,9.13,217800.0,227400.0,0,0,0,0,0,0,417,2026-02-03 08:21:47.510849
COMP,26.26,26.27,26.28,131200.0,67700.0,0,0,0,0,0,0,417,2026-02-03 08:21:47.510849
RITC,9.13,9.12,9.13,214400.0,225400.0,0,0,0,0,0,0,418,2026-02-03 08:21:48.552424
COMP,26.26,26.27,26.28,131200.0,75200.0,0,0,0,0,0,0,418,2026-02-03 08:21:48.552424
RITC,9.13,9.12,9.13,213000.0,225400.0,0,0,0,0,0,0,419,2026-02-03 08:21:49.579849
COMP,26.26,26.27,26.28,129800.0,75200.0,0,0,0,0,0,0,419,2026-02-03 08:21:49.579849
RITC,9.14,9.13,9.14,212000.0,221400.0,0,0,0,0,0,0,420,2026-02-03 08:21:50.604273
COMP,26.28,26.23,26.3,131500.0,68300.0,0,0,0,0,0,0,420,2026-02-03 08:21:50.604273
RITC,9.15,9.13,9.15,212000.0,221100.0,0,0,0,0,0,0,421,2026-02-03 08:21:51.627270
COMP,26.28,26.23,26.29,131500.0,75500.0,0,0,0,0,0,0,421,2026-02-03 08:21:51.627270
RITC,9.15,9.14,9.15,212100.0,220500.0,0,0,0,0,0,0,422,2026-02-03 08:21:52.648504
COMP,26.2,26.2,26.29,131900.0,75500.0,0,0,0,0,0,0,422,2026-02-03 08:21:52.648504
RITC,9.15,9.14,9.15,209200.0,220500.0,0,0,0,0,0,0,423,2026-02-03 08:21:53.670419
COMP,26.22,26.22,26.29,131900.0,75500.0,0,0,0,0,0,0,423,2026-02-03 08:21:53.670419
RITC,9.15,9.14,9.15,207800.0,220500.0,0,0,0,0,0,0,424,2026-02-03 08:21:54.692052
COMP,26.22,26.22,26.25,131900.0,81000.0,0,0,0,0,0,0,424,2026-02-03 08:21:54.692052
RITC,9.15,9.14,9.15,209000.0,221800.0,0,0,0,0,0,0,425,2026-02-03 08:21:55.717187
COMP,26.22,26.23,26.25,132200.0,81000.0,0,0,0,0,0,0,425,2026-02-03 08:21:55.717187
RITC,9.15,9.14,9.15,213600.0,221800.0,0,0,0,0,0,0,426,2026-02-03 08:21:56.745278
COMP,26.22,26.2,26.21,131900.0,75500.0,0,0,0,0,0,0,426,2026-02-03 08:21:56.745278
RITC,9.15,9.14,9.15,213600.0,221800.0,0,0,0,0,0,0,427,2026-02-03 08:21:57.772718
COMP,26.29,26.21,26.29,131100.0,75500.0,0,0,0,0,0,0,427,2026-02-03 08:21:57.772718
RITC,9.15,9.14,9.15,217000.0,221800.0,0,0,0,0,0,0,428,2026-02-03 08:21:58.807274
COMP,26.29,26.21,26.22,130500.0,82500.0,0,0,0,0,0,0,428,2026-02-03 08:21:58.807274
RITC,9.15,9.14,9.15,218300.0,220300.0,0,0,0,0,0,0,429,2026-02-03 08:21:59.831010
COMP,26.29,26.21,26.29,130500.0,75500.0,0,0,0,0,0,0,429,2026-02-03 08:21:59.831010
RITC,9.19,9.14,9.19,218300.0,221800.0,0,0,0,0,0,0,430,2026-02-03 08:22:00.860962
COMP,26.29,26.21,26.29,129000.0,75500.0,0,0,0,0,0,0,430,2026-02-03 08:22:00.860962
RITC,9.19,9.16,9.19,220800.0,221800.0,0,0,0,0,0,0,431,2026-02-03 08:22:01.886148
COMP,26.27,26.21,26.26,129000.0,82000.0,0,0,0,0,0,0,431,2026-02-03 08:22:01.886148
RITC,9.19,9.17,9.19,220900.0,221800.0,0,0,0,0,0,0,432,2026-02-03 08:22:02.916489
COMP,26.21,26.21,26.26,128700.0,82000.0,0,0,0,0,0,0,432,2026-02-03 08:22:02.916489
RITC,9.19,9.18,9.19,221500.0,219500.0,0,0,0,0,0,0,433,2026-02-03 08:22:03.940933
COMP,26.26,26.26,26.29,129400.0,80700.0,0,0,0,0,0,0,433,2026-02-03 08:22:03.940933
RITC,9.19,9.18,9.19,220700.0,219500.0,0,0,0,0,0,0,434,2026-02-03 08:22:04.962164
COMP,26.26,26.26,26.29,129400.0,87400.0,0,0,0,0,0,0,434,2026-02-03 08:22:04.962164
RITC,9.19,9.18,9.19,220700.0,218100.0,0,0,0,0,0,0,435,2026-02-03 08:22:05.983380
COMP,26.3,26.26,26.3,129400.0,80200.0,0,0,0,0,0,0,435,2026-02-03 08:22:05.983380
RITC,9.19,9.18,9.19,218700.0,215200.0,0,0,0,0,0,0,436,2026-02-03 08:22:07.007393
COMP,26.27,26.27,26.3,130300.0,80200.0,0,0,0,0,0,0,436,2026-02-03 08:22:07.007393
RITC,9.19,9.18,9.19,218700.0,215200.0,0,0,0,0,0,0,437,2026-02-03 08:22:08.039259
COMP,26.27,26.27,26.3,131300.0,80200.0,0,0,0,0,0,0,437,2026-02-03 08:22:08.039259
RITC,9.19,9.18,9.19,220000.0,215200.0,0,0,0,0,0,0,438,2026-02-03 08:22:08.594486
COMP,26.27,26.27,26.3,131300.0,86800.0,0,0,0,0,0,0,438,2026-02-03 08:22:08.594486
RITC,9.19,9.19,9.2,221800.0,212500.0,0,0,0,0,0,0,439,2026-02-03 08:22:09.655284
COMP,26.26,26.26,26.3,130200.0,86800.0,0,0,0,0,0,0,439,2026-02-03 08:22:09.655284
RITC,9.2,9.19,9.2,223900.0,212400.0,0,0,0,0,0,0,440,2026-02-03 08:22:10.693718
COMP,26.3,26.3,26.32,129700.0,88300.0,0,0,0,0,0,0,440,2026-02-03 08:22:10.693718
RITC,9.21,9.19,9.21,221100.0,212900.0,0,0,0,0,0,0,441,2026-02-03 08:22:11.726230
COMP,26.21,26.21,26.32,129300.0,88300.0,0,0,0,0,0,0,441,2026-02-03 08:22:11.726230
RITC,9.21,9.19,9.21,219500.0,212900.0,0,0,0,0,0,0,442,2026-02-03 08:22:12.754396
COMP,26.19,26.19,26.31,131600.0,96100.0,0,0,0,0,0,0,442,2026-02-03 08:22:12.754396
RITC,9.21,9.19,9.21,219300.0,209200.0,0,0,0,0,0,0,443,2026-02-03 08:22:13.785850
COMP,26.32,26.19,26.32,131600.0,88300.0,0,0,0,0,0,0,443,2026-02-03 08:22:13.785850
RITC,9.21,9.19,9.21,220800.0,209200.0,0,0,0,0,0,0,444,2026-02-03 08:22:14.820114
COMP,26.32,26.2,26.32,132700.0,88300.0,0,0,0,0,0,0,444,2026-02-03 08:22:14.820114
RITC,9.21,9.19,9.21,223200.0,210600.0,0,0,0,0,0,0,445,2026-02-03 08:22:15.847826
COMP,26.32,26.26,26.32,133300.0,88300.0,0,0,0,0,0,0,445,2026-02-03 08:22:15.847826
RITC,9.21,9.2,9.21,216300.0,210600.0,0,0,0,0,0,0,446,2026-02-03 08:22:16.872083
COMP,26.32,26.3,26.32,134300.0,93900.0,0,0,0,0,0,0,446,2026-02-03 08:22:16.872083
RITC,9.21,9.2,9.21,217400.0,210600.0,0,0,0,0,0,0,447,2026-02-03 08:22:17.898474
COMP,26.32,26.3,26.32,135400.0,93900.0,0,0,0,0,0,0,447,2026-02-03 08:22:17.898474
RITC,9.21,9.2,9.21,217100.0,210600.0,0,0,0,0,0,0,448,2026-02-03 08:22:18.918749
COMP,26.32,26.3,26.32,135400.0,100800.0,0,0,0,0,0,0,448,2026-02-03 08:22:18.918749
RITC,9.23,9.22,9.23,216000.0,210600.0,0,0,0,0,0,0,449,2026-02-03 08:22:19.941642
COMP,26.32,26.3,26.32,134900.0,93200.0,0,0,0,0,0,0,449,2026-02-03 08:22:19.941642
RITC,9.23,9.22,9.23,214600.0,210100.0,0,0,0,0,0,0,450,2026-02-03 08:22:20.965380
COMP,26.3,26.3,26.32,134900.0,100300.0,0,0,0,0,0,0,450,2026-02-03 08:22:20.965380
RITC,9.23,9.22,9.23,211700.0,210100.0,0,0,0,0,0,0,451,2026-02-03 08:22:21.988601
COMP,26.32,26.3,26.32,134900.0,92800.0,0,0,0,0,0,0,451,2026-02-03 08:22:21.988601
RITC,9.23,9.22,9.23,211600.0,210100.0,0,0,0,0,0,0,452,2026-02-03 08:22:23.008176
COMP,26.33,26.3,26.33,134900.0,87200.0,0,0,0,0,0,0,452,2026-02-03 08:22:23.008176
RITC,9.24,9.22,9.24,212900.0,209900.0,0,0,0,0,0,0,453,2026-02-03 08:22:24.028134
COMP,26.33,26.3,26.33,134900.0,87400.0,0,0,0,0,0,0,453,2026-02-03 08:22:24.028134
RITC,9.24,9.22,9.24,212900.0,210000.0,0,0,0,0,0,0,454,2026-02-03 08:22:25.047857
COMP,26.33,26.3,26.33,135900.0,87400.0,0,0,0,0,0,0,454,2026-02-03 08:22:25.047857
RITC,9.24,9.23,9.24,212900.0,211400.0,0,0,0,0,0,0,455,2026-02-03 08:22:26.068315
COMP,26.3,26.28,26.29,135100.0,98900.0,0,0,0,0,0,0,455,2026-02-03 08:22:26.068315
RITC,9.24,9.23,9.24,212800.0,212600.0,0,0,0,0,0,0,456,2026-02-03 08:22:27.088703
COMP,26.3,26.28,26.29,135100.0,104400.0,0,0,0,0,0,0,456,2026-02-03 08:22:27.088703
RITC,9.24,9.23,9.24,213800.0,212600.0,0,0,0,0,0,0,457,2026-02-03 08:22:28.111308
COMP,26.3,26.28,26.29,133600.0,104400.0,0,0,0,0,0,0,457,2026-02-03 08:22:28.111308
RITC,9.25,9.23,9.25,213800.0,213100.0,0,0,0,0,0,0,458,2026-02-03 08:22:29.136292
COMP,26.28,26.28,26.29,133600.0,110200.0,0,0,0,0,0,0,458,2026-02-03 08:22:29.136292
RITC,9.25,9.23,9.25,216700.0,213100.0,0,0,0,0,0,0,459,2026-02-03 08:22:30.163764
COMP,26.26,26.26,26.29,132600.0,117500.0,0,0,0,0,0,0,459,2026-02-03 08:22:30.163764
RITC,9.25,9.23,9.25,217600.0,216300.0,0,0,0,0,0,0,460,2026-02-03 08:22:30.686006
COMP,26.29,26.26,26.29,132600.0,111700.0,0,0,0,0,0,0,460,2026-02-03 08:22:30.686006
RITC,9.25,9.23,9.25,217600.0,216300.0,0,0,0,0,0,0,461,2026-02-03 08:22:31.709085
COMP,26.25,26.25,26.29,131900.0,111700.0,0,0,0,0,0,0,461,2026-02-03 08:22:31.709085
RITC,9.25,9.24,9.25,213500.0,216300.0,0,0,0,0,0,0,462,2026-02-03 08:22:32.734828
COMP,26.25,26.25,26.29,131900.0,118900.0,0,0,0,0,0,0,462,2026-02-03 08:22:32.734828
RITC,9.25,9.24,9.26,213500.0,221800.0,0,0,0,0,0,0,463,2026-02-03 08:22:33.760669
COMP,26.24,26.2,26.24,133400.0,132400.0,0,0,0,0,0,0,463,2026-02-03 08:22:33.760669
RITC,9.26,9.24,9.26,210200.0,221800.0,0,0,0,0,0,0,464,2026-02-03 08:22:34.788581
COMP,26.24,26.27,26.29,133200.0,124900.0,0,0,0,0,0,0,464,2026-02-03 08:22:34.788581
RITC,9.26,9.25,9.26,212500.0,221800.0,0,0,0,0,0,0,465,2026-02-03 08:22:35.844902
COMP,26.2,26.26,26.29,133900.0,124900.0,0,0,0,0,0,0,465,2026-02-03 08:22:35.844902
RITC,9.26,9.25,9.26,214000.0,220700.0,0,0,0,0,0,0,466,2026-02-03 08:22:36.878629
COMP,26.26,26.26,26.29,133900.0,124900.0,0,0,0,0,0,0,466,2026-02-03 08:22:36.878629
RITC,9.26,9.25,9.26,214000.0,221200.0,0,0,0,0,0,0,467,2026-02-03 08:22:37.936916
COMP,26.3,26.26,26.3,133900.0,111800.0,0,0,0,0,0,0,467,2026-02-03 08:22:37.936916
RITC,9.29,9.25,9.29,214000.0,220000.0,0,0,0,0,0,0,468,2026-02-03 08:22:38.969039
COMP,26.31,26.26,26.31,133900.0,106300.0,0,0,0,0,0,0,468,2026-02-03 08:22:38.969039
RITC,9.3,9.25,9.3,211800.0,220500.0,0,0,0,0,0,0,469,2026-02-03 08:22:39.998070
COMP,26.32,26.26,26.32,133600.0,100600.0,0,0,0,0,0,0,469,2026-02-03 08:22:39.998070
RITC,9.31,9.29,9.31,209500.0,217900.0,0,0,0,0,0,0,470,2026-02-03 08:22:41.026722
COMP,26.32,26.26,26.32,134700.0,100600.0,0,0,0,0,0,0,470,2026-02-03 08:22:41.026722
RITC,9.32,9.3,9.32,208800.0,219100.0,0,0,0,0,0,0,471,2026-02-03 08:22:42.053272
COMP,26.25,26.25,26.32,133500.0,100600.0,0,0,0,0,0,0,471,2026-02-03 08:22:42.053272
RITC,9.32,9.3,9.32,207000.0,219100.0,0,0,0,0,0,0,472,2026-02-03 08:22:43.079776
COMP,26.25,26.29,26.32,133200.0,100600.0,0,0,0,0,0,0,472,2026-02-03 08:22:43.079776
RITC,9.34,9.34,9.36,208300.0,220900.0,0,0,0,0,0,0,473,2026-02-03 08:22:44.108462
COMP,26.29,26.29,26.32,132300.0,100600.0,0,0,0,0,0,0,473,2026-02-03 08:22:44.108462
RITC,9.37,9.34,9.37,208300.0,220000.0,0,0,0,0,0,0,474,2026-02-03 08:22:45.133604
COMP,26.29,26.29,26.32,133200.0,100600.0,0,0,0,0,0,0,474,2026-02-03 08:22:45.133604
RITC,9.37,9.34,9.37,208100.0,218700.0,0,0,0,0,0,0,475,2026-02-03 08:22:46.174313
COMP,26.28,26.31,26.32,133100.0,100600.0,0,0,0,0,0,0,475,2026-02-03 08:22:46.174313
RITC,9.37,9.35,9.37,209000.0,217500.0,0,0,0,0,0,0,476,2026-02-03 08:22:47.198716
COMP,26.28,26.31,26.32,133100.0,100600.0,0,0,0,0,0,0,476,2026-02-03 08:22:47.198716
RITC,9.38,9.35,9.38,209000.0,214300.0,0,0,0,0,0,0,477,2026-02-03 08:22:48.224819
COMP,26.28,26.31,26.32,133100.0,114300.0,0,0,0,0,0,0,477,2026-02-03 08:22:48.224819
RITC,9.38,9.38,9.39,211000.0,214400.0,0,0,0,0,0,0,478,2026-02-03 08:22:49.260146
COMP,26.28,26.31,26.32,132600.0,114300.0,0,0,0,0,0,0,478,2026-02-03 08:22:49.260146
RITC,9.39,9.39,9.4,210400.0,214000.0,0,0,0,0,0,0,479,2026-02-03 08:22:49.785856
COMP,26.28,26.31,26.32,132600.0,114300.0,0,0,0,0,0,0,479,2026-02-03 08:22:49.785856
RITC,9.4,9.39,9.4,210400.0,214000.0,0,0,0,0,0,0,480,2026-02-03 08:22:50.813417
COMP,26.32,26.31,26.32,132600.0,100300.0,0,0,0,0,0,0,480,2026-02-03 08:22:50.813417
RITC,9.41,9.39,9.41,210200.0,212700.0,0,0,0,0,0,0,481,2026-02-03 08:22:51.837062
COMP,26.32,26.31,26.32,130700.0,100300.0,0,0,0,0,0,0,481,2026-02-03 08:22:51.837062
RITC,9.41,9.39,9.41,210600.0,213800.0,0,0,0,0,0,0,482,2026-02-03 08:22:52.859594
COMP,26.34,26.33,26.35,131300.0,79600.0,0,0,0,0,0,0,482,2026-02-03 08:22:52.859594
RITC,9.42,9.41,9.42,212800.0,210900.0,0,0,0,0,0,0,483,2026-02-03 08:22:53.884314
COMP,26.34,26.33,26.35,132800.0,79600.0,0,0,0,0,0,0,483,2026-02-03 08:22:53.884314
RITC,9.42,9.41,9.42,212800.0,212500.0,0,0,0,0,0,0,484,2026-02-03 08:22:54.910489
COMP,26.33,26.31,26.32,131400.0,86900.0,0,0,0,0,0,0,484,2026-02-03 08:22:54.910489
RITC,9.42,9.41,9.42,212800.0,212900.0,0,0,0,0,0,0,485,2026-02-03 08:22:55.939704
COMP,26.33,26.31,26.32,132900.0,94600.0,0,0,0,0,0,0,485,2026-02-03 08:22:55.939704
RITC,9.43,9.41,9.43,212700.0,215200.0,0,0,0,0,0,0,486,2026-02-03 08:22:56.971226
COMP,26.33,26.31,26.32,133300.0,94600.0,0,0,0,0,0,0,486,2026-02-03 08:22:56.971226
RITC,9.44,9.41,9.44,213600.0,217200.0,0,0,0,0,0,0,487,2026-02-03 08:22:57.996144
COMP,26.35,26.31,26.35,133300.0,87300.0,0,0,0,0,0,0,487,2026-02-03 08:22:57.996144
RITC,9.44,9.41,9.44,213600.0,220000.0,0,0,0,0,0,0,488,2026-02-03 08:22:59.020089
COMP,26.35,26.32,26.35,131500.0,87300.0,0,0,0,0,0,0,488,2026-02-03 08:22:59.020089
RITC,9.44,9.42,9.44,212300.0,220000.0,0,0,0,0,0,0,489,2026-02-03 08:23:00.041976
COMP,26.31,26.31,26.35,133300.0,80200.0,0,0,0,0,0,0,489,2026-02-03 08:23:00.041976
RITC,9.44,9.44,9.45,213200.0,218900.0,0,0,0,0,0,0,490,2026-02-03 08:23:01.062888
COMP,26.36,26.31,26.36,133300.0,81400.0,0,0,0,0,0,0,490,2026-02-03 08:23:01.062888
RITC,9.45,9.44,9.45,212100.0,218900.0,0,0,0,0,0,0,491,2026-02-03 08:23:02.084007
COMP,26.3,26.31,26.36,135600.0,81400.0,0,0,0,0,0,0,491,2026-02-03 08:23:02.084007
RITC,9.45,9.44,9.45,211000.0,216500.0,0,0,0,0,0,0,492,2026-02-03 08:23:03.106641
COMP,26.36,26.31,26.36,135600.0,74500.0,0,0,0,0,0,0,492,2026-02-03 08:23:03.106641
RITC,9.45,9.44,9.45,211800.0,216900.0,0,0,0,0,0,0,493,2026-02-03 08:23:04.129529
COMP,26.36,26.31,26.36,135500.0,74500.0,0,0,0,0,0,0,493,2026-02-03 08:23:04.129529
RITC,9.47,9.44,9.47,213800.0,216400.0,0,0,0,0,0,0,494,2026-02-03 08:23:05.155316
COMP,26.39,26.31,26.39,135500.0,67700.0,0,0,0,0,0,0,494,2026-02-03 08:23:05.155316
RITC,9.48,9.45,9.48,213900.0,217200.0,0,0,0,0,0,0,495,2026-02-03 08:23:06.178659
COMP,26.44,26.31,26.44,135500.0,65800.0,0,0,0,0,0,0,495,2026-02-03 08:23:06.178659
RITC,9.48,9.46,9.48,212800.0,215800.0,0,0,0,0,0,0,496,2026-02-03 08:23:07.203964
COMP,26.44,26.31,26.44,136500.0,72900.0,0,0,0,0,0,0,496,2026-02-03 08:23:07.203964
RITC,9.48,9.46,9.48,211500.0,216400.0,0,0,0,0,0,0,497,2026-02-03 08:23:08.229612
COMP,26.39,26.39,26.44,136500.0,72900.0,0,0,0,0,0,0,497,2026-02-03 08:23:08.229612
RITC,9.48,9.46,9.48,210700.0,216400.0,0,0,0,0,0,0,498,2026-02-03 08:23:09.251153
COMP,26.38,26.41,26.44,135700.0,72900.0,0,0,0,0,0,0,498,2026-02-03 08:23:09.251153
RITC,9.48,9.48,9.49,210200.0,216800.0,0,0,0,0,0,0,499,2026-02-03 08:23:10.272250
COMP,26.38,26.41,26.44,135700.0,79400.0,0,0,0,0,0,0,499,2026-02-03 08:23:10.272250
RITC,9.49,9.48,9.49,212100.0,216800.0,0,0,0,0,0,0,500,2026-02-03 08:23:11.317421
COMP,26.31,26.31,26.35,135500.0,85300.0,0,0,0,0,0,0,500,2026-02-03 08:23:11.317421
RITC,9.49,9.48,9.49,212100.0,213500.0,0,0,0,0,0,0,501,2026-02-03 08:23:11.880097
COMP,26.31,26.31,26.35,135500.0,85300.0,0,0,0,0,0,0,501,2026-02-03 08:23:11.880097
RITC,9.5,9.49,9.5,213900.0,212500.0,0,0,0,0,0,0,502,2026-02-03 08:23:12.901395
COMP,26.35,26.39,26.44,134900.0,79400.0,0,0,0,0,0,0,502,2026-02-03 08:23:12.901395
RITC,9.5,9.49,9.5,214500.0,212500.0,0,0,0,0,0,0,503,2026-02-03 08:23:13.921892
COMP,26.35,26.39,26.42,134900.0,93000.0,0,0,0,0,0,0,503,2026-02-03 08:23:13.921892
RITC,9.5,9.5,9.51,213300.0,211000.0,0,0,0,0,0,0,504,2026-02-03 08:23:14.942052
COMP,26.39,26.33,26.37,135500.0,100100.0,0,0,0,0,0,0,504,2026-02-03 08:23:14.942052
RITC,9.5,9.5,9.51,210300.0,211000.0,0,0,0,0,0,0,505,2026-02-03 08:23:15.964937
COMP,26.37,26.31,26.37,135500.0,100100.0,0,0,0,0,0,0,505,2026-02-03 08:23:15.964937
RITC,9.5,9.5,9.51,209400.0,211000.0,0,0,0,0,0,0,506,2026-02-03 08:23:16.985426
COMP,26.37,26.38,26.42,136200.0,93000.0,0,0,0,0,0,0,506,2026-02-03 08:23:16.985426
RITC,9.51,9.5,9.51,209500.0,211000.0,0,0,0,0,0,0,507,2026-02-03 08:23:18.010753
COMP,26.37,26.38,26.42,137700.0,93000.0,0,0,0,0,0,0,507,2026-02-03 08:23:18.010753
RITC,9.51,9.5,9.51,209500.0,209300.0,0,0,0,0,0,0,508,2026-02-03 08:23:19.046004
COMP,26.38,26.38,26.42,138600.0,93000.0,0,0,0,0,0,0,508,2026-02-03 08:23:19.046004
RITC,9.52,9.5,9.52,209800.0,208000.0,0,0,0,0,0,0,509,2026-02-03 08:23:20.076443
COMP,26.38,26.38,26.42,137400.0,100600.0,0,0,0,0,0,0,509,2026-02-03 08:23:20.076443
RITC,9.52,9.51,9.52,210500.0,208000.0,0,0,0,0,0,0,510,2026-02-03 08:23:21.118743
COMP,26.38,26.36,26.38,136900.0,107100.0,0,0,0,0,0,0,510,2026-02-03 08:23:21.118743
RITC,9.53,9.51,9.53,210500.0,207300.0,0,0,0,0,0,0,511,2026-02-03 08:23:22.154750
COMP,26.42,26.36,26.42,136700.0,100600.0,0,0,0,0,0,0,511,2026-02-03 08:23:22.154750
RITC,9.53,9.52,9.53,208100.0,207500.0,0,0,0,0,0,0,512,2026-02-03 08:23:23.183023
COMP,26.42,26.36,26.4,136700.0,105900.0,0,0,0,0,0,0,512,2026-02-03 08:23:23.183023
RITC,9.53,9.52,9.53,209200.0,208800.0,0,0,0,0,0,0,513,2026-02-03 08:23:24.207040
COMP,26.36,26.36,26.38,136700.0,112200.0,0,0,0,0,0,0,513,2026-02-03 08:23:24.207040
RITC,9.53,9.52,9.53,210400.0,208000.0,0,0,0,0,0,0,514,2026-02-03 08:23:25.226856
COMP,26.36,26.36,26.38,136700.0,120000.0,0,0,0,0,0,0,514,2026-02-03 08:23:25.226856
RITC,9.53,9.52,9.53,208700.0,209900.0,0,0,0,0,0,0,515,2026-02-03 08:23:26.247051
COMP,26.35,26.31,26.34,136900.0,133200.0,0,0,0,0,0,0,515,2026-02-03 08:23:26.247051
RITC,9.54,9.52,9.54,208700.0,211200.0,0,0,0,0,0,0,516,2026-02-03 08:23:27.266705
COMP,26.31,26.31,26.34,134800.0,133200.0,0,0,0,0,0,0,516,2026-02-03 08:23:27.266705
RITC,9.54,9.54,9.55,211700.0,211200.0,0,0,0,0,0,0,517,2026-02-03 08:23:28.287608
COMP,26.31,26.31,26.34,134800.0,134900.0,0,0,0,0,0,0,517,2026-02-03 08:23:28.287608
RITC,9.56,9.54,9.56,211700.0,211000.0,0,0,0,0,0,0,518,2026-02-03 08:23:29.309093
COMP,26.31,26.31,26.34,134800.0,136000.0,0,0,0,0,0,0,518,2026-02-03 08:23:29.309093
RITC,9.56,9.55,9.56,210900.0,212100.0,0,0,0,0,0,0,519,2026-02-03 08:23:30.332232
COMP,26.3,26.3,26.32,136000.0,137700.0,0,0,0,0,0,0,519,2026-02-03 08:23:30.332232
RITC,9.57,9.55,9.57,210900.0,211100.0,0,0,0,0,0,0,520,2026-02-03 08:23:31.355539
COMP,26.3,26.3,26.32,133800.0,137700.0,0,0,0,0,0,0,520,2026-02-03 08:23:31.355539
RITC,9.55,9.56,9.57,210800.0,211100.0,0,0,0,0,0,0,521,2026-02-03 08:23:32.377585
COMP,26.29,26.29,26.32,133400.0,137700.0,0,0,0,0,0,0,521,2026-02-03 08:23:32.377585
RITC,9.58,9.56,9.58,207600.0,209100.0,0,0,0,0,0,0,522,2026-02-03 08:23:33.399805
COMP,26.28,26.28,26.32,133800.0,137700.0,0,0,0,0,0,0,522,2026-02-03 08:23:33.399805
RITC,9.56,9.56,9.58,210300.0,211700.0,0,0,0,0,0,0,523,2026-02-03 08:23:34.424373
COMP,26.28,26.28,26.32,133800.0,139500.0,0,0,0,0,0,0,523,2026-02-03 08:23:34.424373
RITC,9.54,9.54,9.56,211700.0,213400.0,0,0,0,0,0,0,524,2026-02-03 08:23:35.450874
COMP,26.28,26.28,26.32,133800.0,139500.0,0,0,0,0,0,0,524,2026-02-03 08:23:35.450874
RITC,9.54,9.54,9.56,208600.0,214500.0,0,0,0,0,0,0,525,2026-02-03 08:23:36.477078
COMP,26.28,26.28,26.32,133400.0,138200.0,0,0,0,0,0,0,525,2026-02-03 08:23:36.477078
RITC,9.56,9.54,9.56,208600.0,214200.0,0,0,0,0,0,0,526,2026-02-03 08:23:37.501763
COMP,26.25,26.25,26.32,132300.0,138200.0,0,0,0,0,0,0,526,2026-02-03 08:23:37.501763
RITC,9.56,9.54,9.55,208600.0,215200.0,0,0,0,0,0,0,527,2026-02-03 08:23:38.524257
COMP,26.25,26.25,26.28,132300.0,136000.0,0,0,0,0,0,0,527,2026-02-03 08:23:38.524257
RITC,9.56,9.54,9.55,208600.0,214800.0,0,0,0,0,0,0,528,2026-02-03 08:23:39.043636
COMP,26.25,26.25,26.28,132300.0,135600.0,0,0,0,0,0,0,528,2026-02-03 08:23:39.043636
RITC,9.56,9.54,9.55,208600.0,215100.0,0,0,0,0,0,0,529,2026-02-03 08:23:40.063051
COMP,26.25,26.25,26.28,132200.0,134700.0,0,0,0,0,0,0,529,2026-02-03 08:23:40.063051
RITC,9.55,9.52,9.55,208700.0,215100.0,0,0,0,0,0,0,530,2026-02-03 08:23:41.086922
COMP,26.25,26.24,26.25,133000.0,134300.0,0,0,0,0,0,0,530,2026-02-03 08:23:41.086922
RITC,9.52,9.54,9.55,208900.0,215100.0,0,0,0,0,0,0,531,2026-02-03 08:23:42.108789
COMP,26.22,26.22,26.25,133100.0,134300.0,0,0,0,0,0,0,531,2026-02-03 08:23:42.108789
RITC,9.54,9.52,9.53,211900.0,214400.0,0,0,0,0,0,0,532,2026-02-03 08:23:43.134
COMP,26.2,26.2,26.25,133100.0,134700.0,0,0,0,0,0,0,532,2026-02-03 08:23:43.134
RITC,9.52,9.52,9.53,212900.0,211900.0,0,0,0,0,0,0,533,2026-02-03 08:23:44.167947
COMP,26.1,26.1,26.25,133000.0,134400.0,0,0,0,0,0,0,533,2026-02-03 08:23:44.167947
RITC,9.51,9.51,9.53,210500.0,211900.0,0,0,0,0,0,0,534,2026-02-03 08:23:45.197540
COMP,26.1,26.1,26.16,133000.0,134400.0,0,0,0,0,0,0,534,2026-02-03 08:23:45.197540
RITC,9.5,9.5,9.53,211200.0,211900.0,0,0,0,0,0,0,535,2026-02-03 08:23:46.236618
COMP,26.1,26.1,26.12,133000.0,134400.0,0,0,0,0,0,0,535,2026-02-03 08:23:46.236618
RITC,9.5,9.5,9.51,211200.0,212700.0,0,0,0,0,0,0,536,2026-02-03 08:23:47.274566
COMP,26.1,26.1,26.12,133000.0,133500.0,0,0,0,0,0,0,536,2026-02-03 08:23:47.274566
RITC,9.49,9.49,9.5,210800.0,210300.0,0,0,0,0,0,0,537,2026-02-03 08:23:48.299238
COMP,26.08,26.08,26.09,132600.0,134100.0,0,0,0,0,0,0,537,2026-02-03 08:23:48.299238
RITC,9.49,9.49,9.5,211200.0,210500.0,0,0,0,0,0,0,538,2026-02-03 08:23:49.324097
COMP,26.08,26.08,26.09,132600.0,134300.0,0,0,0,0,0,0,538,2026-02-03 08:23:49.324097
RITC,9.49,9.49,9.5,211200.0,211500.0,0,0,0,0,0,0,539,2026-02-03 08:23:50.354251
COMP,26.08,26.08,26.09,134200.0,134300.0,0,0,0,0,0,0,539,2026-02-03 08:23:50.354251
RITC,9.49,9.49,9.5,212600.0,211500.0,0,0,0,0,0,0,540,2026-02-03 08:23:51.380651
COMP,26.08,26.08,26.09,133300.0,134300.0,0,0,0,0,0,0,540,2026-02-03 08:23:51.380651
RITC,9.5,9.49,9.5,212600.0,211200.0,0,0,0,0,0,0,541,2026-02-03 08:23:52.408037
COMP,26.08,26.05,26.08,132200.0,134500.0,0,0,0,0,0,0,541,2026-02-03 08:23:52.408037
RITC,9.49,9.49,9.5,214400.0,207800.0,0,0,0,0,0,0,542,2026-02-03 08:23:53.437652
COMP,25.99,25.99,26.08,131600.0,134500.0,0,0,0,0,0,0,542,2026-02-03 08:23:53.437652
RITC,9.49,9.49,9.5,214500.0,207800.0,0,0,0,0,0,0,543,2026-02-03 08:23:54.483328
COMP,25.99,25.99,26.05,131600.0,134100.0,0,0,0,0,0,0,543,2026-02-03 08:23:54.483328
RITC,9.49,9.48,9.49,215000.0,207600.0,0,0,0,0,0,0,544,2026-02-03 08:23:55.502539
COMP,25.99,25.99,26.04,131600.0,133800.0,0,0,0,0,0,0,544,2026-02-03 08:23:55.502539
RITC,9.48,9.48,9.49,218000.0,207600.0,0,0,0,0,0,0,545,2026-02-03 08:23:56.523270
COMP,25.99,25.95,25.99,133000.0,136100.0,0,0,0,0,0,0,545,2026-02-03 08:23:56.523270
RITC,9.47,9.47,9.49,215700.0,207600.0,0,0,0,0,0,0,546,2026-02-03 08:23:57.543844
COMP,25.95,25.94,25.99,134000.0,136100.0,0,0,0,0,0,0,546,2026-02-03 08:23:57.543844
RITC,9.51,9.49,9.51,216600.0,210500.0,0,0,0,0,0,0,547,2026-02-03 08:23:58.564412
COMP,25.95,25.94,25.95,134000.0,136000.0,0,0,0,0,0,0,547,2026-02-03 08:23:58.564412
RITC,9.5,9.5,9.51,216900.0,210500.0,0,0,0,0,0,0,548,2026-02-03 08:23:59.589847
COMP,25.95,25.94,25.95,134000.0,134800.0,0,0,0,0,0,0,548,2026-02-03 08:23:59.589847
RITC,9.5,9.49,9.5,216600.0,208800.0,0,0,0,0,0,0,549,2026-02-03 08:24:00.613497
COMP,25.94,25.93,25.95,134200.0,134800.0,0,0,0,0,0,0,549,2026-02-03 08:24:00.613497
RITC,9.5,9.49,9.5,216600.0,208800.0,0,0,0,0,0,0,550,2026-02-03 08:24:01.138490
COMP,25.94,25.93,25.95,134200.0,134900.0,0,0,0,0,0,0,550,2026-02-03 08:24:01.138490
RITC,9.51,9.49,9.51,216000.0,212300.0,0,0,0,0,0,0,551,2026-02-03 08:24:02.165759
COMP,25.94,25.93,25.95,134200.0,135500.0,0,0,0,0,0,0,551,2026-02-03 08:24:02.165759
RITC,9.51,9.51,9.52,216700.0,214100.0,0,0,0,0,0,0,552,2026-02-03 08:24:03.186551
COMP,25.91,25.91,25.95,134500.0,135500.0,0,0,0,0,0,0,552,2026-02-03 08:24:03.186551
RITC,9.52,9.51,9.52,216900.0,214100.0,0,0,0,0,0,0,553,2026-02-03 08:24:04.207397
COMP,25.91,25.9,25.91,134600.0,136500.0,0,0,0,0,0,0,553,2026-02-03 08:24:04.207397
RITC,9.52,9.51,9.52,216900.0,213900.0,0,0,0,0,0,0,554,2026-02-03 08:24:05.227819
COMP,25.91,25.9,25.91,134600.0,138500.0,0,0,0,0,0,0,554,2026-02-03 08:24:05.227819
RITC,9.5,9.5,9.52,215100.0,212900.0,0,0,0,0,0,0,555,2026-02-03 08:24:06.255703
COMP,25.91,25.9,25.91,134600.0,140800.0,0,0,0,0,0,0,555,2026-02-03 08:24:06.255703
RITC,9.52,9.52,9.53,216200.0,210700.0,0,0,0,0,0,0,556,2026-02-03 08:24:07.298299
COMP,25.9,25.9,25.91,134700.0,140800.0,0,0,0,0,0,0,556,2026-02-03 08:24:07.298299
RITC,9.52,9.52,9.53,216400.0,210700.0,0,0,0,0,0,0,557,2026-02-03 08:24:08.330669
COMP,25.85,25.85,25.91,133600.0,140800.0,0,0,0,0,0,0,557,2026-02-03 08:24:08.330669
RITC,9.52,9.5,9.52,215100.0,211000.0,0,0,0,0,0,0,558,2026-02-03 08:24:09.363989
COMP,25.85,25.85,25.91,133600.0,139800.0,0,0,0,0,0,0,558,2026-02-03 08:24:09.363989
RITC,9.5,9.5,9.53,217400.0,211500.0,0,0,0,0,0,0,559,2026-02-03 08:24:10.391241
COMP,25.84,25.84,25.91,132200.0,138400.0,0,0,0,0,0,0,559,2026-02-03 08:24:10.391241
RITC,9.5,9.5,9.53,217400.0,211600.0,0,0,0,0,0,0,560,2026-02-03 08:24:11.417190
COMP,25.84,25.84,25.9,132200.0,138700.0,0,0,0,0,0,0,560,2026-02-03 08:24:11.417190
RITC,9.5,9.49,9.5,216500.0,212300.0,0,0,0,0,0,0,561,2026-02-03 08:24:12.440283
COMP,25.84,25.84,25.9,132200.0,139900.0,0,0,0,0,0,0,561,2026-02-03 08:24:12.440283
RITC,9.49,9.49,9.5,215800.0,209300.0,0,0,0,0,0,0,562,2026-02-03 08:24:13.461620
COMP,25.83,25.83,25.9,130800.0,139900.0,0,0,0,0,0,0,562,2026-02-03 08:24:13.461620
RITC,9.49,9.49,9.5,215800.0,208100.0,0,0,0,0,0,0,563,2026-02-03 08:24:14.482835
COMP,25.83,25.83,25.84,130800.0,142900.0,0,0,0,0,0,0,563,2026-02-03 08:24:14.482835
RITC,9.49,9.49,9.5,216400.0,206600.0,0,0,0,0,0,0,564,2026-02-03 08:24:15.503936
COMP,25.83,25.83,25.84,130800.0,141300.0,0,0,0,0,0,0,564,2026-02-03 08:24:15.503936
RITC,9.49,9.49,9.5,216400.0,206300.0,0,0,0,0,0,0,565,2026-02-03 08:24:16.527344
COMP,25.82,25.82,25.84,130600.0,142200.0,0,0,0,0,0,0,565,2026-02-03 08:24:16.527344
RITC,9.49,9.47,9.49,215400.0,204700.0,0,0,0,0,0,0,566,2026-02-03 08:24:17.551486
COMP,25.82,25.82,25.84,130600.0,141800.0,0,0,0,0,0,0,566,2026-02-03 08:24:17.551486
RITC,9.49,9.47,9.49,215400.0,206000.0,0,0,0,0,0,0,567,2026-02-03 08:24:18.575543
COMP,25.82,25.8,25.81,131400.0,143600.0,0,0,0,0,0,0,567,2026-02-03 08:24:18.575543
RITC,9.49,9.47,9.49,215400.0,206000.0,0,0,0,0,0,0,568,2026-02-03 08:24:19.599399
COMP,25.8,25.8,25.81,131400.0,143600.0,0,0,0,0,0,0,568,2026-02-03 08:24:19.599399
RITC,9.48,9.47,9.48,215400.0,206800.0,0,0,0,0,0,0,569,2026-02-03 08:24:20.626219
COMP,25.8,25.8,25.81,131400.0,141100.0,0,0,0,0,0,0,569,2026-02-03 08:24:20.626219
RITC,9.48,9.47,9.48,215400.0,203800.0,0,0,0,0,0,0,570,2026-02-03 08:24:21.649174
COMP,25.8,25.8,25.81,130400.0,141100.0,0,0,0,0,0,0,570,2026-02-03 08:24:21.649174
RITC,9.47,9.46,9.47,213700.0,204500.0,0,0,0,0,0,0,571,2026-02-03 08:24:22.674978
COMP,25.8,25.8,25.81,130400.0,138800.0,0,0,0,0,0,0,571,2026-02-03 08:24:22.674978
RITC,9.47,9.47,9.52,213300.0,204600.0,0,0,0,0,0,0,572,2026-02-03 08:24:23.701989
COMP,25.79,25.79,25.81,131200.0,138800.0,0,0,0,0,0,0,572,2026-02-03 08:24:23.701989
RITC,9.47,9.47,9.5,213300.0,205600.0,0,0,0,0,0,0,573,2026-02-03 08:24:24.729502
COMP,25.79,25.79,25.81,130900.0,138800.0,0,0,0,0,0,0,573,2026-02-03 08:24:24.729502
RITC,9.47,9.47,9.48,213300.0,204700.0,0,0,0,0,0,0,574,2026-02-03 08:24:25.752686
COMP,25.78,25.78,25.81,132200.0,138800.0,0,0,0,0,0,0,574,2026-02-03 08:24:25.752686
RITC,9.48,9.47,9.48,213300.0,207800.0,0,0,0,0,0,0,575,2026-02-03 08:24:26.272730
COMP,25.78,25.78,25.81,131200.0,138800.0,0,0,0,0,0,0,575,2026-02-03 08:24:26.272730
RITC,9.48,9.47,9.48,210600.0,207800.0,0,0,0,0,0,0,576,2026-02-03 08:24:27.295319
COMP,25.78,25.78,25.81,131200.0,140000.0,0,0,0,0,0,0,576,2026-02-03 08:24:27.295319
RITC,9.46,9.46,9.48,212500.0,208400.0,0,0,0,0,0,0,577,2026-02-03 08:24:28.314075
COMP,25.78,25.78,25.81,131200.0,140600.0,0,0,0,0,0,0,577,2026-02-03 08:24:28.314075
RITC,9.46,9.47,9.48,209600.0,208400.0,0,0,0,0,0,0,578,2026-02-03 08:24:29.337616
COMP,25.78,25.78,25.81,131600.0,139200.0,0,0,0,0,0,0,578,2026-02-03 08:24:29.337616
RITC,9.46,9.47,9.48,207900.0,210800.0,0,0,0,0,0,0,579,2026-02-03 08:24:30.362335
COMP,25.76,25.76,25.81,131300.0,139200.0,0,0,0,0,0,0,579,2026-02-03 08:24:30.362335
RITC,9.48,9.47,9.48,207900.0,211000.0,0,0,0,0,0,0,580,2026-02-03 08:24:31.386901
COMP,25.76,25.76,25.78,131300.0,137900.0,0,0,0,0,0,0,580,2026-02-03 08:24:31.386901
RITC,9.47,9.47,9.48,206900.0,211000.0,0,0,0,0,0,0,581,2026-02-03 08:24:32.425334
COMP,25.76,25.76,25.78,131900.0,137900.0,0,0,0,0,0,0,581,2026-02-03 08:24:32.425334
RITC,9.47,9.46,9.47,210300.0,209400.0,0,0,0,0,0,0,582,2026-02-03 08:24:33.456047
COMP,25.76,25.76,25.78,130400.0,137900.0,0,0,0,0,0,0,582,2026-02-03 08:24:33.456047
RITC,9.46,9.46,9.47,211400.0,207000.0,0,0,0,0,0,0,583,2026-02-03 08:24:34.487697
COMP,25.76,25.76,25.78,130400.0,137900.0,0,0,0,0,0,0,583,2026-02-03 08:24:34.487697
RITC,9.46,9.46,9.47,211100.0,207000.0,0,0,0,0,0,0,584,2026-02-03 08:24:35.523158
COMP,25.76,25.76,25.77,130400.0,134300.0,0,0,0,0,0,0,584,2026-02-03 08:24:35.523158
RITC,9.46,9.46,9.47,212500.0,285900.0,0,0,0,0,0,0,585,2026-02-03 08:24:36.553404
COMP,25.76,25.76,25.77,129200.0,218200.0,0,0,0,0,0,0,585,2026-02-03 08:24:36.553404
RITC,9.46,9.46,9.47,303100.0,285900.0,0,0,0,0,0,0,586,2026-02-03 08:24:37.580362
COMP,25.76,25.76,25.77,129200.0,300600.0,0,0,0,0,0,0,586,2026-02-03 08:24:37.580362
RITC,9.45,9.44,9.45,212300.0,376200.0,0,0,0,0,0,0,587,2026-02-03 08:24:38.608824
COMP,25.74,25.73,25.74,130900.0,379900.0,0,0,0,0,0,0,587,2026-02-03 08:24:38.608824
RITC,9.41,9.41,9.45,378300.0,376200.0,0,0,0,0,0,0,588,2026-02-03 08:24:39.631486
COMP,25.72,25.7,25.71,135400.0,522900.0,0,0,0,0,0,0,588,2026-02-03 08:24:39.631486
RITC,9.41,9.43,9.45,530500.0,376200.0,0,0,0,0,0,0,589,2026-02-03 08:24:40.656664
COMP,25.63,25.62,25.63,135400.0,600400.0,0,0,0,0,0,0,589,2026-02-03 08:24:40.656664
RITC,9.47,9.47,9.48,669200.0,289200.0,0,0,0,0,0,0,590,2026-02-03 08:24:41.680134
COMP,25.56,25.55,25.56,136700.0,766900.0,0,0,0,0,0,0,590,2026-02-03 08:24:41.680134
RITC,9.47,9.47,9.48,755700.0,289200.0,0,0,0,0,0,0,591,2026-02-03 08:24:42.705558
COMP,25.55,25.54,25.55,135600.0,839000.0,0,0,0,0,0,0,591,2026-02-03 08:24:42.705558
RITC,9.47,9.47,9.48,899800.0,289200.0,0,0,0,0,0,0,592,2026-02-03 08:24:43.728618
COMP,25.55,25.54,25.55,135600.0,839000.0,0,0,0,0,0,0,592,2026-02-03 08:24:43.728618
RITC,9.47,9.47,9.48,962400.0,289200.0,0,0,0,0,0,0,593,2026-02-03 08:24:44.752285
COMP,25.54,25.53,25.54,217200.0,901900.0,0,0,0,0,0,0,593,2026-02-03 08:24:44.752285
RITC,9.5,9.5,9.51,1037800.0,205100.0,0,0,0,0,0,0,594,2026-02-03 08:24:45.776015
COMP,25.54,25.53,25.54,276000.0,901900.0,0,0,0,0,0,0,594,2026-02-03 08:24:45.776015
RITC,9.53,9.53,9.54,1195000.0,210800.0,0,0,0,0,0,0,595,2026-02-03 08:24:46.800783
COMP,25.49,25.48,25.49,276500.0,1040500.0,0,0,0,0,0,0,595,2026-02-03 08:24:46.800783
RITC,9.53,9.53,9.54,1329100.0,210800.0,0,0,0,0,0,0,596,2026-02-03 08:24:47.827191
COMP,25.47,25.47,25.48,275700.0,1117400.0,0,0,0,0,0,0,596,2026-02-03 08:24:47.827191
RITC,9.53,9.53,9.54,1411100.0,270800.0,0,0,0,0,0,0,597,2026-02-03 08:24:48.852844
COMP,25.48,25.48,25.49,351300.0,1040500.0,0,0,0,0,0,0,597,2026-02-03 08:24:48.852844
RITC,9.53,9.53,9.54,1417200.0,270800.0,0,0,0,0,0,0,598,2026-02-03 08:24:49.882386
COMP,25.46,25.44,25.46,263000.0,1105600.0,0,0,0,0,0,0,598,2026-02-03 08:24:49.882386
RITC,9.53,9.53,9.54,1506000.0,270800.0,0,0,0,0,0,0,599,2026-02-03 08:24:50.404054
COMP,25.46,25.44,25.46,263000.0,1180100.0,0,0,0,0,0,0,599,2026-02-03 08:24:50.404054
RITC,9.53,9.53,9.54,1635600.0,270800.0,0,0,0,0,0,0,600,2026-02-03 08:24:51.425521
COMP,25.46,25.44,25.46,263000.0,1255500.0,0,0,0,0,0,0,600,2026-02-03 08:24:51.425521
