ticker,last_price,bid_price,ask_price,BUY_ANON,SELL_ANON,BUY_GIOT-1,SELL_GIOT-2,BUY_GIOT-3,BUY_GIOT-2,SELL_GIOT-1,SELL_GIOT-3,tick,timestamp
RITC,10.0,0.0,10.0,202000.0,201700.0,0,0,0,0,0,0,0,2026-02-02 23:55:14.729145
COMP,0.0,0.0,0.0,142000.0,141800.0,0,0,0,0,0,0,0,2026-02-02 23:55:14.729145
RITC,10.0,9.98,10.0,202100.0,201700.0,0,0,0,0,0,0,1,2026-02-02 23:55:15.760293,1.0,1.0,1.0,,Welcome to the RITC 2026 Liquidity Risk Case - practice server,Good Luck!
COMP,0.0,24.94,25.0,142000.0,142500.0,0,0,0,0,0,0,1,2026-02-02 23:55:15.760293,,,,,,
RITC,10.02,10.01,10.02,202300.0,199500.0,0,0,0,0,0,0,2,2026-02-02 23:55:16.785403
COMP,0.0,24.94,25.0,142000.0,142500.0,0,0,0,0,0,0,2,2026-02-02 23:55:16.785403
RITC,10.02,10.01,10.02,203700.0,199500.0,0,0,0,0,0,0,3,2026-02-02 23:55:17.819597
COMP,0.0,24.99,25.0,142600.0,142500.0,0,0,0,0,0,0,3,2026-02-02 23:55:17.819597
RITC,10.02,10.01,10.02,203000.0,198500.0,0,0,0,0,0,0,4,2026-02-02 23:55:18.843135
COMP,0.0,24.99,25.0,144000.0,141900.0,0,0,0,0,0,0,4,2026-02-02 23:55:18.843135
RITC,10.02,10.01,10.02,203000.0,199100.0,0,0,0,0,0,0,5,2026-02-02 23:55:19.865324
COMP,0.0,24.99,25.0,144000.0,141900.0,0,0,0,0,0,0,5,2026-02-02 23:55:19.865324
RITC,10.02,10.01,10.02,201800.0,199100.0,0,0,0,0,0,0,6,2026-02-02 23:55:20.893047
COMP,25.0,24.99,25.0,143300.0,141900.0,0,0,0,0,0,0,6,2026-02-02 23:55:20.893047
RITC,10.02,10.01,10.02,201800.0,199100.0,0,0,0,0,0,0,7,2026-02-02 23:55:21.418932
COMP,24.99,24.99,25.0,143300.0,141900.0,0,0,0,0,0,0,7,2026-02-02 23:55:21.418932
RITC,10.03,10.01,10.03,201800.0,196900.0,0,0,0,0,0,0,8,2026-02-02 23:55:22.445240
COMP,25.01,24.99,25.01,143300.0,142600.0,0,0,0,0,0,0,8,2026-02-02 23:55:22.445240
RITC,10.04,10.01,10.04,201800.0,185700.0,0,0,0,0,0,0,9,2026-02-02 23:55:23.472018
COMP,24.96,24.96,25.01,142500.0,142600.0,0,0,0,0,0,0,9,2026-02-02 23:55:23.472018
RITC,10.04,10.02,10.04,198100.0,185700.0,0,0,0,0,0,0,10,2026-02-02 23:55:24.536070
COMP,24.96,25.0,25.01,142600.0,142600.0,0,0,0,0,0,0,10,2026-02-02 23:55:24.536070
RITC,10.04,10.03,10.04,195400.0,185700.0,0,0,0,0,0,0,11,2026-02-02 23:55:25.671345
COMP,24.94,24.94,25.01,141300.0,142600.0,0,0,0,0,0,0,11,2026-02-02 23:55:25.671345
RITC,10.04,10.03,10.04,195300.0,174800.0,0,0,0,0,0,0,12,2026-02-02 23:55:26.709982
COMP,25.02,24.99,25.02,141900.0,141800.0,0,0,0,0,0,0,12,2026-02-02 23:55:26.709982
RITC,10.04,10.03,10.04,196900.0,163900.0,0,0,0,0,0,0,13,2026-02-02 23:55:27.756264
COMP,25.02,24.99,25.02,141900.0,142700.0,0,0,0,0,0,0,13,2026-02-02 23:55:27.756264
RITC,10.05,10.03,10.05,196900.0,153800.0,0,0,0,0,0,0,14,2026-02-02 23:55:28.799776
COMP,25.02,24.99,25.02,141900.0,142500.0,0,0,0,0,0,0,14,2026-02-02 23:55:28.799776
RITC,10.05,10.03,10.05,199000.0,142500.0,0,0,0,0,0,0,15,2026-02-02 23:55:29.824473
COMP,24.99,24.95,24.98,140700.0,144000.0,0,0,0,0,0,0,15,2026-02-02 23:55:29.824473
RITC,10.05,10.04,10.05,197100.0,134100.0,0,0,0,0,0,0,16,2026-02-02 23:55:30.847990
COMP,24.94,24.94,24.98,141300.0,144000.0,0,0,0,0,0,0,16,2026-02-02 23:55:30.847990
RITC,10.06,10.04,10.06,197100.0,116400.0,0,0,0,0,0,0,17,2026-02-02 23:55:31.871930
COMP,24.94,24.92,24.98,140900.0,144000.0,0,0,0,0,0,0,17,2026-02-02 23:55:31.871930
RITC,10.06,10.04,10.06,197100.0,95900.0,0,0,0,0,0,0,18,2026-02-02 23:55:32.897083
COMP,24.91,24.91,24.98,140900.0,144000.0,0,0,0,0,0,0,18,2026-02-02 23:55:32.897083
RITC,10.07,10.04,10.07,198400.0,95900.0,0,0,0,0,0,0,19,2026-02-02 23:55:33.922524
COMP,25.02,25.0,25.02,142600.0,142500.0,0,0,0,0,0,0,19,2026-02-02 23:55:33.922524
RITC,10.07,10.04,10.07,198900.0,95900.0,0,0,0,0,0,0,20,2026-02-02 23:55:34.953259
COMP,25.02,25.0,25.02,142600.0,143100.0,0,0,0,0,0,0,20,2026-02-02 23:55:34.953259
RITC,10.07,10.04,10.07,198900.0,94800.0,0,0,0,0,0,0,21,2026-02-02 23:55:35.474439
COMP,25.0,24.91,24.98,140900.0,144900.0,0,0,0,0,0,0,21,2026-02-02 23:55:35.474439
RITC,10.07,10.07,10.08,198100.0,94900.0,0,0,0,0,0,0,22,2026-02-02 23:55:36.496638
COMP,24.9,24.9,24.98,141200.0,144900.0,0,0,0,0,0,0,22,2026-02-02 23:55:36.496638
RITC,10.08,10.08,10.1,198900.0,95400.0,0,0,0,0,0,0,23,2026-02-02 23:55:37.516997
COMP,24.9,24.9,24.96,141200.0,145300.0,0,0,0,0,0,0,23,2026-02-02 23:55:37.516997
RITC,10.08,10.09,10.1,197400.0,95400.0,0,0,0,0,0,0,24,2026-02-02 23:55:38.541956
COMP,24.9,24.95,24.96,142800.0,143900.0,0,0,0,0,0,0,24,2026-02-02 23:55:38.541956
RITC,10.1,10.09,10.1,195600.0,95400.0,0,0,0,0,0,0,25,2026-02-02 23:55:39.568944
COMP,24.95,24.95,24.96,142800.0,142300.0,0,0,0,0,0,0,25,2026-02-02 23:55:39.568944
RITC,10.11,10.1,10.11,196400.0,97600.0,0,0,0,0,0,0,26,2026-02-02 23:55:40.591448
COMP,24.95,24.95,24.96,142800.0,142300.0,0,0,0,0,0,0,26,2026-02-02 23:55:40.591448
RITC,10.09,10.09,10.1,195600.0,109100.0,0,0,0,0,0,0,27,2026-02-02 23:55:41.612509
COMP,24.96,24.95,24.96,142800.0,143300.0,0,0,0,0,0,0,27,2026-02-02 23:55:41.612509
RITC,10.1,10.1,10.11,197500.0,97600.0,0,0,0,0,0,0,28,2026-02-02 23:55:42.640606
COMP,24.9,24.9,24.96,139900.0,143300.0,0,0,0,0,0,0,28,2026-02-02 23:55:42.640606
RITC,10.08,10.08,10.11,196500.0,97600.0,0,0,0,0,0,0,29,2026-02-02 23:55:43.666294
COMP,24.93,24.93,24.96,141100.0,143300.0,0,0,0,0,0,0,29,2026-02-02 23:55:43.666294
RITC,10.07,10.07,10.09,198100.0,107500.0,0,0,0,0,0,0,30,2026-02-02 23:55:44.698108
COMP,24.89,24.89,24.92,141500.0,142500.0,0,0,0,0,0,0,30,2026-02-02 23:55:44.698108
RITC,10.07,10.06,10.07,195400.0,118900.0,0,0,0,0,0,0,31,2026-02-02 23:55:45.723551
COMP,24.89,24.89,24.92,141500.0,143700.0,0,0,0,0,0,0,31,2026-02-02 23:55:45.723551
RITC,10.06,10.06,10.07,196100.0,118900.0,0,0,0,0,0,0,32,2026-02-02 23:55:46.748474
COMP,24.86,24.85,24.86,127800.0,143400.0,0,0,0,0,0,0,32,2026-02-02 23:55:46.748474
RITC,10.06,10.06,10.07,196100.0,138000.0,0,0,0,0,0,0,33,2026-02-02 23:55:47.784406
COMP,24.86,24.88,24.92,135900.0,143700.0,0,0,0,0,0,0,33,2026-02-02 23:55:47.784406
RITC,10.07,10.04,10.07,198900.0,138000.0,0,0,0,0,0,0,34,2026-02-02 23:55:48.820352
COMP,24.86,24.88,24.89,143700.0,142900.0,0,0,0,0,0,0,34,2026-02-02 23:55:48.820352
RITC,10.04,10.04,10.05,198900.0,147200.0,0,0,0,0,0,0,35,2026-02-02 23:55:49.857825
COMP,24.89,24.88,24.89,143700.0,142900.0,0,0,0,0,0,0,35,2026-02-02 23:55:49.857825
RITC,10.04,10.04,10.05,198700.0,147200.0,0,0,0,0,0,0,36,2026-02-02 23:55:50.893019
COMP,24.92,24.89,24.92,142100.0,143700.0,0,0,0,0,0,0,36,2026-02-02 23:55:50.893019
RITC,10.04,10.04,10.05,200400.0,147200.0,0,0,0,0,0,0,37,2026-02-02 23:55:51.928958
COMP,24.92,24.9,24.92,142600.0,143700.0,0,0,0,0,0,0,37,2026-02-02 23:55:51.928958
RITC,10.04,10.04,10.05,200600.0,157000.0,0,0,0,0,0,0,38,2026-02-02 23:55:52.966044
COMP,24.92,24.94,24.96,142800.0,143300.0,0,0,0,0,0,0,38,2026-02-02 23:55:52.966044
RITC,10.04,10.04,10.05,198500.0,157000.0,0,0,0,0,0,0,39,2026-02-02 23:55:53.996050
COMP,24.92,24.94,24.96,142600.0,143300.0,0,0,0,0,0,0,39,2026-02-02 23:55:53.996050
RITC,10.05,10.04,10.05,196900.0,147800.0,0,0,0,0,0,0,40,2026-02-02 23:55:55.022861
COMP,24.92,24.94,24.96,142900.0,143300.0,0,0,0,0,0,0,40,2026-02-02 23:55:55.022861
RITC,10.05,10.05,10.07,195400.0,138000.0,0,0,0,0,0,0,41,2026-02-02 23:55:56.048543
COMP,25.02,24.94,25.02,142900.0,142200.0,0,0,0,0,0,0,41,2026-02-02 23:55:56.048543
RITC,10.05,10.05,10.08,195400.0,126600.0,0,0,0,0,0,0,42,2026-02-02 23:55:57.076302
COMP,25.02,24.96,25.02,143600.0,142200.0,0,0,0,0,0,0,42,2026-02-02 23:55:57.076302
RITC,10.08,10.08,10.09,196700.0,118400.0,0,0,0,0,0,0,43,2026-02-02 23:55:58.100294
COMP,25.02,24.99,25.02,143500.0,142200.0,0,0,0,0,0,0,43,2026-02-02 23:55:58.100294
RITC,10.04,10.04,10.09,196900.0,140400.0,0,0,0,0,0,0,44,2026-02-02 23:55:59.131773
COMP,25.02,24.99,25.02,143100.0,142200.0,0,0,0,0,0,0,44,2026-02-02 23:55:59.131773
RITC,10.03,10.03,10.09,199000.0,140400.0,0,0,0,0,0,0,45,2026-02-02 23:55:59.678307
COMP,25.02,25.0,25.02,141800.0,142200.0,0,0,0,0,0,0,45,2026-02-02 23:55:59.678307
RITC,10.03,10.03,10.04,199000.0,161700.0,0,0,0,0,0,0,46,2026-02-02 23:56:00.704953
COMP,25.02,25.01,25.02,143100.0,142200.0,0,0,0,0,0,0,46,2026-02-02 23:56:00.704953
RITC,10.05,10.03,10.05,199000.0,150000.0,0,0,0,0,0,0,47,2026-02-02 23:56:01.724396
COMP,25.02,25.01,25.02,143100.0,140300.0,0,0,0,0,0,0,47,2026-02-02 23:56:01.724396
RITC,10.05,10.07,10.09,197600.0,162500.0,0,0,0,0,0,0,48,2026-02-02 23:56:02.750320
COMP,25.03,25.01,25.03,143100.0,141300.0,0,0,0,0,0,0,48,2026-02-02 23:56:02.750320
RITC,10.07,10.03,10.05,199000.0,184500.0,0,0,0,0,0,0,49,2026-02-02 23:56:03.794063
COMP,25.03,25.02,25.03,143900.0,141300.0,0,0,0,0,0,0,49,2026-02-02 23:56:03.794063
RITC,10.05,10.03,10.05,199000.0,183700.0,0,0,0,0,0,0,50,2026-02-02 23:56:04.822659
COMP,25.03,25.02,25.03,142100.0,141300.0,0,0,0,0,0,0,50,2026-02-02 23:56:04.822659
RITC,10.05,10.04,10.05,199300.0,183700.0,0,0,0,0,0,0,51,2026-02-02 23:56:05.855214
COMP,25.03,25.02,25.03,142100.0,140300.0,0,0,0,0,0,0,51,2026-02-02 23:56:05.855214
RITC,10.07,10.05,10.07,200900.0,174100.0,0,0,0,0,0,0,52,2026-02-02 23:56:06.891885
COMP,25.04,25.02,25.04,142100.0,140100.0,0,0,0,0,0,0,52,2026-02-02 23:56:06.891885
RITC,10.07,10.05,10.06,200900.0,192500.0,0,0,0,0,0,0,53,2026-02-02 23:56:07.928575
COMP,25.04,25.02,25.04,142100.0,140700.0,0,0,0,0,0,0,53,2026-02-02 23:56:07.928575
RITC,10.05,10.04,10.05,199300.0,204400.0,0,0,0,0,0,0,54,2026-02-02 23:56:08.962858
COMP,25.05,25.02,25.05,142100.0,141100.0,0,0,0,0,0,0,54,2026-02-02 23:56:08.962858
RITC,10.05,10.04,10.05,199500.0,204800.0,0,0,0,0,0,0,55,2026-02-02 23:56:09.995217
COMP,25.05,25.02,25.05,141000.0,141100.0,0,0,0,0,0,0,55,2026-02-02 23:56:09.995217
RITC,10.05,10.04,10.05,199500.0,202700.0,0,0,0,0,0,0,56,2026-02-02 23:56:11.022654
COMP,25.05,25.02,25.05,139300.0,141100.0,0,0,0,0,0,0,56,2026-02-02 23:56:11.022654
RITC,10.05,10.04,10.05,201200.0,202700.0,0,0,0,0,0,0,57,2026-02-02 23:56:12.056984
COMP,25.07,25.02,25.07,139300.0,139700.0,0,0,0,0,0,0,57,2026-02-02 23:56:12.056984
RITC,10.06,10.04,10.06,198900.0,202000.0,0,0,0,0,0,0,58,2026-02-02 23:56:13.081306
COMP,25.08,25.02,25.08,139300.0,139500.0,0,0,0,0,0,0,58,2026-02-02 23:56:13.081306
RITC,10.06,10.04,10.06,198900.0,204000.0,0,0,0,0,0,0,59,2026-02-02 23:56:14.106425
COMP,25.02,25.02,25.08,139300.0,139500.0,0,0,0,0,0,0,59,2026-02-02 23:56:14.106425
RITC,10.06,10.04,10.06,198900.0,206300.0,0,0,0,0,0,0,60,2026-02-02 23:56:15.125368
COMP,25.11,25.04,25.11,140400.0,139400.0,0,0,0,0,0,0,60,2026-02-02 23:56:15.125368
RITC,10.06,10.04,10.06,198900.0,204400.0,0,0,0,0,0,0,61,2026-02-02 23:56:16.147965
COMP,25.11,25.04,25.11,140400.0,139400.0,0,0,0,0,0,0,61,2026-02-02 23:56:16.147965
RITC,10.04,10.04,10.05,200600.0,202200.0,0,0,0,0,0,0,62,2026-02-02 23:56:17.171184
COMP,25.04,25.04,25.11,139200.0,139400.0,0,0,0,0,0,0,62,2026-02-02 23:56:17.171184
RITC,10.04,10.04,10.05,200600.0,202200.0,0,0,0,0,0,0,63,2026-02-02 23:56:18.198225
COMP,25.12,25.04,25.12,139200.0,140100.0,0,0,0,0,0,0,63,2026-02-02 23:56:18.198225
RITC,10.04,10.04,10.05,198800.0,205200.0,0,0,0,0,0,0,64,2026-02-02 23:56:19.226285
COMP,25.12,25.04,25.12,139200.0,138800.0,0,0,0,0,0,0,64,2026-02-02 23:56:19.226285
RITC,10.03,10.03,10.05,200500.0,205200.0,0,0,0,0,0,0,65,2026-02-02 23:56:19.752297
COMP,25.13,25.04,25.13,139200.0,138700.0,0,0,0,0,0,0,65,2026-02-02 23:56:19.752297
RITC,10.03,10.03,10.05,199800.0,203800.0,0,0,0,0,0,0,66,2026-02-02 23:56:20.775763
COMP,25.14,25.04,25.14,139200.0,138700.0,0,0,0,0,0,0,66,2026-02-02 23:56:20.775763
RITC,10.03,10.03,10.05,196800.0,204400.0,0,0,0,0,0,0,67,2026-02-02 23:56:21.809980
COMP,25.14,25.04,25.06,139200.0,140200.0,0,0,0,0,0,0,67,2026-02-02 23:56:21.809980
RITC,10.02,10.02,10.03,197700.0,205600.0,0,0,0,0,0,0,68,2026-02-02 23:56:22.839557
COMP,25.06,25.04,25.06,139200.0,140200.0,0,0,0,0,0,0,68,2026-02-02 23:56:22.839557
RITC,10.02,10.02,10.03,198200.0,206400.0,0,0,0,0,0,0,69,2026-02-02 23:56:23.867342
COMP,25.06,25.09,25.14,135800.0,132200.0,0,0,0,0,0,0,69,2026-02-02 23:56:23.867342
RITC,10.02,10.02,10.03,199800.0,207700.0,0,0,0,0,0,0,70,2026-02-02 23:56:24.894528
COMP,25.06,25.09,25.14,135800.0,139000.0,0,0,0,0,0,0,70,2026-02-02 23:56:24.894528
RITC,10.02,10.02,10.03,199800.0,207700.0,0,0,0,0,0,0,71,2026-02-02 23:56:25.925951
COMP,25.02,25.02,25.14,137600.0,139000.0,0,0,0,0,0,0,71,2026-02-02 23:56:25.925951
RITC,10.01,10.01,10.03,198900.0,207700.0,0,0,0,0,0,0,72,2026-02-02 23:56:26.948981
COMP,25.01,25.01,25.06,137600.0,138100.0,0,0,0,0,0,0,72,2026-02-02 23:56:26.948981
RITC,10.01,10.01,10.02,200100.0,205500.0,0,0,0,0,0,0,73,2026-02-02 23:56:27.969376
COMP,25.14,25.01,25.08,137600.0,139000.0,0,0,0,0,0,0,73,2026-02-02 23:56:27.969376
RITC,10.01,10.01,10.02,200100.0,207300.0,0,0,0,0,0,0,74,2026-02-02 23:56:29.015199
COMP,25.14,25.01,25.06,137600.0,140200.0,0,0,0,0,0,0,74,2026-02-02 23:56:29.015199
RITC,10.0,10.0,10.02,202500.0,207300.0,0,0,0,0,0,0,75,2026-02-02 23:56:30.050697
COMP,25.14,25.01,25.02,137600.0,140500.0,0,0,0,0,0,0,75,2026-02-02 23:56:30.050697
RITC,10.0,10.0,10.02,202500.0,204800.0,0,0,0,0,0,0,76,2026-02-02 23:56:31.088788
COMP,25.01,25.01,25.02,136700.0,140500.0,0,0,0,0,0,0,76,2026-02-02 23:56:31.088788
RITC,9.99,9.99,10.02,202500.0,204800.0,0,0,0,0,0,0,77,2026-02-02 23:56:32.112177
COMP,25.0,25.0,25.02,138600.0,140500.0,0,0,0,0,0,0,77,2026-02-02 23:56:32.112177
RITC,9.99,9.99,10.01,202500.0,200900.0,0,0,0,0,0,0,78,2026-02-02 23:56:33.140443
COMP,25.0,25.0,25.02,141200.0,140500.0,0,0,0,0,0,0,78,2026-02-02 23:56:33.140443
RITC,9.98,9.98,10.01,203200.0,199800.0,0,0,0,0,0,0,79,2026-02-02 23:56:34.168744
COMP,24.99,24.99,25.02,143900.0,140500.0,0,0,0,0,0,0,79,2026-02-02 23:56:34.168744
RITC,9.98,9.98,10.0,203200.0,200800.0,0,0,0,0,0,0,80,2026-02-02 23:56:35.196707
COMP,25.02,25.03,25.04,144500.0,139800.0,0,0,0,0,0,0,80,2026-02-02 23:56:35.196707
RITC,9.98,9.98,10.0,203200.0,202100.0,0,0,0,0,0,0,81,2026-02-02 23:56:36.224309
COMP,25.04,25.03,25.04,144500.0,139800.0,0,0,0,0,0,0,81,2026-02-02 23:56:36.224309
RITC,9.98,9.98,10.0,203400.0,202100.0,0,0,0,0,0,0,82,2026-02-02 23:56:37.249757
COMP,25.04,25.05,25.06,144100.0,140700.0,0,0,0,0,0,0,82,2026-02-02 23:56:37.249757
RITC,9.98,9.98,10.0,201400.0,198800.0,0,0,0,0,0,0,83,2026-02-02 23:56:38.273601
COMP,25.04,25.05,25.06,144100.0,142600.0,0,0,0,0,0,0,83,2026-02-02 23:56:38.273601
RITC,9.98,9.98,10.0,201400.0,201500.0,0,0,0,0,0,0,84,2026-02-02 23:56:39.292597
COMP,25.08,25.05,25.08,144100.0,141400.0,0,0,0,0,0,0,84,2026-02-02 23:56:39.292597
RITC,9.98,9.98,10.0,201300.0,201500.0,0,0,0,0,0,0,85,2026-02-02 23:56:40.312948
COMP,25.08,25.05,25.08,144100.0,142100.0,0,0,0,0,0,0,85,2026-02-02 23:56:40.312948
RITC,9.98,9.98,10.0,203800.0,201500.0,0,0,0,0,0,0,86,2026-02-02 23:56:41.331734
COMP,25.11,25.05,25.09,144100.0,141600.0,0,0,0,0,0,0,86,2026-02-02 23:56:41.331734
RITC,9.98,9.99,10.0,203300.0,201500.0,0,0,0,0,0,0,87,2026-02-02 23:56:42.354148
COMP,25.02,25.02,25.09,144800.0,141600.0,0,0,0,0,0,0,87,2026-02-02 23:56:42.354148
RITC,10.0,9.99,10.0,203300.0,201500.0,0,0,0,0,0,0,88,2026-02-02 23:56:42.907218
COMP,25.02,25.02,25.09,144800.0,142300.0,0,0,0,0,0,0,88,2026-02-02 23:56:42.907218
RITC,9.99,9.99,10.0,203200.0,201500.0,0,0,0,0,0,0,89,2026-02-02 23:56:43.939604
COMP,25.02,25.02,25.07,142800.0,142200.0,0,0,0,0,0,0,89,2026-02-02 23:56:43.939604
RITC,9.99,9.99,10.0,200200.0,202300.0,0,0,0,0,0,0,90,2026-02-02 23:56:44.960202
COMP,25.02,25.06,25.07,141600.0,142200.0,0,0,0,0,0,0,90,2026-02-02 23:56:44.960202
RITC,10.0,10.0,10.01,201100.0,202300.0,0,0,0,0,0,0,91,2026-02-02 23:56:45.981895
COMP,25.07,25.06,25.07,141600.0,144000.0,0,0,0,0,0,0,91,2026-02-02 23:56:45.981895
RITC,10.01,10.0,10.01,201100.0,202300.0,0,0,0,0,0,0,92,2026-02-02 23:56:47.005396
COMP,25.06,25.02,25.04,142800.0,142200.0,0,0,0,0,0,0,92,2026-02-02 23:56:47.005396
RITC,10.01,10.0,10.01,202900.0,202200.0,0,0,0,0,0,0,93,2026-02-02 23:56:48.028357
COMP,25.07,25.02,25.07,142800.0,144000.0,0,0,0,0,0,0,93,2026-02-02 23:56:48.028357
RITC,10.02,10.0,10.02,202900.0,202200.0,0,0,0,0,0,0,94,2026-02-02 23:56:49.053221
COMP,25.07,25.02,25.07,143300.0,144000.0,0,0,0,0,0,0,94,2026-02-02 23:56:49.053221
RITC,10.02,10.01,10.02,200600.0,201900.0,0,0,0,0,0,0,95,2026-02-02 23:56:50.089733
COMP,25.07,25.07,25.09,142300.0,142300.0,0,0,0,0,0,0,95,2026-02-02 23:56:50.089733
RITC,10.02,10.01,10.02,200700.0,201900.0,0,0,0,0,0,0,96,2026-02-02 23:56:51.125606
COMP,25.02,25.02,25.04,143300.0,143700.0,0,0,0,0,0,0,96,2026-02-02 23:56:51.125606
RITC,10.02,10.01,10.02,200700.0,201400.0,0,0,0,0,0,0,97,2026-02-02 23:56:52.160859
COMP,25.02,25.02,25.04,143300.0,143600.0,0,0,0,0,0,0,97,2026-02-02 23:56:52.160859
RITC,10.02,10.02,10.03,202200.0,199000.0,0,0,0,0,0,0,98,2026-02-02 23:56:53.199572
COMP,25.02,25.02,25.03,142500.0,143700.0,0,0,0,0,0,0,98,2026-02-02 23:56:53.199572
RITC,10.03,10.02,10.03,202200.0,199600.0,0,0,0,0,0,0,99,2026-02-02 23:56:54.231478
COMP,25.03,25.02,25.03,142500.0,143700.0,0,0,0,0,0,0,99,2026-02-02 23:56:54.231478
RITC,10.03,10.02,10.03,202000.0,198400.0,0,0,0,0,0,0,100,2026-02-02 23:56:55.291888
COMP,25.03,25.02,25.03,142200.0,144400.0,0,0,0,0,0,0,100,2026-02-02 23:56:55.291888
RITC,10.03,10.02,10.03,198300.0,199100.0,0,0,0,0,0,0,101,2026-02-02 23:56:56.319455
COMP,25.04,25.0,25.04,141700.0,144200.0,0,0,0,0,0,0,101,2026-02-02 23:56:56.319455
RITC,10.03,10.02,10.03,196300.0,199100.0,0,0,0,0,0,0,102,2026-02-02 23:56:57.347887
COMP,25.04,25.0,25.04,141700.0,143300.0,0,0,0,0,0,0,102,2026-02-02 23:56:57.347887
RITC,10.03,10.02,10.03,199100.0,199100.0,0,0,0,0,0,0,103,2026-02-02 23:56:58.377770
COMP,25.04,25.01,25.04,140300.0,143600.0,0,0,0,0,0,0,103,2026-02-02 23:56:58.377770
RITC,10.03,10.02,10.03,199100.0,203000.0,0,0,0,0,0,0,104,2026-02-02 23:56:59.419994
COMP,25.0,25.0,25.04,141700.0,143600.0,0,0,0,0,0,0,104,2026-02-02 23:56:59.419994
RITC,10.03,10.02,10.03,197700.0,203000.0,0,0,0,0,0,0,105,2026-02-02 23:57:00.449574
COMP,25.0,25.02,25.04,140400.0,144700.0,0,0,0,0,0,0,105,2026-02-02 23:57:00.449574
RITC,10.03,10.02,10.03,197700.0,199900.0,0,0,0,0,0,0,106,2026-02-02 23:57:00.976081
COMP,25.05,25.02,25.05,140400.0,143300.0,0,0,0,0,0,0,106,2026-02-02 23:57:00.976081
RITC,10.05,10.02,10.05,197700.0,204700.0,0,0,0,0,0,0,107,2026-02-02 23:57:02.003710
COMP,25.05,25.04,25.05,140000.0,143300.0,0,0,0,0,0,0,107,2026-02-02 23:57:02.003710
RITC,10.05,10.03,10.05,195800.0,204700.0,0,0,0,0,0,0,108,2026-02-02 23:57:03.037187
COMP,25.07,25.04,25.07,140000.0,143000.0,0,0,0,0,0,0,108,2026-02-02 23:57:03.037187
RITC,10.05,10.03,10.05,195800.0,204800.0,0,0,0,0,0,0,109,2026-02-02 23:57:04.063716
COMP,25.07,25.04,25.07,140000.0,142100.0,0,0,0,0,0,0,109,2026-02-02 23:57:04.063716
RITC,10.05,10.03,10.05,196000.0,204800.0,0,0,0,0,0,0,110,2026-02-02 23:57:05.091570
COMP,25.07,25.04,25.07,139700.0,142100.0,0,0,0,0,0,0,110,2026-02-02 23:57:05.091570
RITC,10.03,10.03,10.05,193500.0,204800.0,0,0,0,0,0,0,111,2026-02-02 23:57:06.120679
COMP,25.07,25.04,25.07,138800.0,142100.0,0,0,0,0,0,0,111,2026-02-02 23:57:06.120679
RITC,10.05,10.03,10.05,193500.0,202900.0,0,0,0,0,0,0,112,2026-02-02 23:57:07.145219
COMP,25.07,25.04,25.07,138800.0,141500.0,0,0,0,0,0,0,112,2026-02-02 23:57:07.145219
RITC,10.03,10.03,10.05,194300.0,201300.0,0,0,0,0,0,0,113,2026-02-02 23:57:08.174116
COMP,25.07,25.04,25.07,138800.0,140600.0,0,0,0,0,0,0,113,2026-02-02 23:57:08.174116
RITC,10.03,10.04,10.05,194600.0,201300.0,0,0,0,0,0,0,114,2026-02-02 23:57:09.192580
COMP,25.04,25.04,25.07,138800.0,140600.0,0,0,0,0,0,0,114,2026-02-02 23:57:09.192580
RITC,10.04,10.04,10.05,193900.0,201300.0,0,0,0,0,0,0,115,2026-02-02 23:57:10.230698
COMP,25.03,25.06,25.07,136400.0,140600.0,0,0,0,0,0,0,115,2026-02-02 23:57:10.230698
RITC,10.04,10.04,10.05,192700.0,199700.0,0,0,0,0,0,0,116,2026-02-02 23:57:11.271912
COMP,25.09,25.06,25.09,136400.0,141500.0,0,0,0,0,0,0,116,2026-02-02 23:57:11.271912
RITC,10.04,10.04,10.05,193800.0,199700.0,0,0,0,0,0,0,117,2026-02-02 23:57:12.309253
COMP,25.09,25.07,25.09,136800.0,143200.0,0,0,0,0,0,0,117,2026-02-02 23:57:12.309253
RITC,10.05,10.04,10.05,193800.0,202600.0,0,0,0,0,0,0,118,2026-02-02 23:57:13.333451
COMP,25.09,25.07,25.09,136800.0,143100.0,0,0,0,0,0,0,118,2026-02-02 23:57:13.333451
RITC,10.05,10.04,10.05,193800.0,202700.0,0,0,0,0,0,0,119,2026-02-02 23:57:14.363930
COMP,25.09,25.07,25.09,135800.0,143100.0,0,0,0,0,0,0,119,2026-02-02 23:57:14.363930
RITC,10.05,10.04,10.05,193800.0,204500.0,0,0,0,0,0,0,120,2026-02-02 23:57:15.393764
COMP,25.09,25.07,25.08,136600.0,144500.0,0,0,0,0,0,0,120,2026-02-02 23:57:15.393764
RITC,10.05,10.04,10.05,193800.0,203900.0,0,0,0,0,0,0,121,2026-02-02 23:57:16.416916
COMP,25.09,25.07,25.08,136600.0,144500.0,0,0,0,0,0,0,121,2026-02-02 23:57:16.416916
RITC,10.05,10.04,10.05,193800.0,202600.0,0,0,0,0,0,0,122,2026-02-02 23:57:17.438197
COMP,25.07,25.07,25.08,137500.0,144200.0,0,0,0,0,0,0,122,2026-02-02 23:57:17.438197
RITC,10.05,10.04,10.05,194400.0,205400.0,0,0,0,0,0,0,123,2026-02-02 23:57:18.467241
COMP,25.06,25.06,25.08,137200.0,144200.0,0,0,0,0,0,0,123,2026-02-02 23:57:18.467241
RITC,10.05,10.04,10.05,196100.0,205300.0,0,0,0,0,0,0,124,2026-02-02 23:57:19.491517
COMP,25.06,25.06,25.08,137200.0,144200.0,0,0,0,0,0,0,124,2026-02-02 23:57:19.491517
RITC,10.05,10.04,10.05,197500.0,205300.0,0,0,0,0,0,0,125,2026-02-02 23:57:20.517238
COMP,25.08,25.06,25.08,136900.0,144200.0,0,0,0,0,0,0,125,2026-02-02 23:57:20.517238
RITC,10.06,10.05,10.06,197100.0,205700.0,0,0,0,0,0,0,126,2026-02-02 23:57:21.540410
COMP,25.11,25.06,25.11,136900.0,143600.0,0,0,0,0,0,0,126,2026-02-02 23:57:21.540410
RITC,10.06,10.05,10.06,197100.0,204300.0,0,0,0,0,0,0,127,2026-02-02 23:57:22.569032
COMP,25.11,25.06,25.09,136300.0,144600.0,0,0,0,0,0,0,127,2026-02-02 23:57:22.569032
RITC,10.06,10.05,10.06,197100.0,204400.0,0,0,0,0,0,0,128,2026-02-02 23:57:23.087735
COMP,25.11,25.06,25.09,136300.0,144600.0,0,0,0,0,0,0,128,2026-02-02 23:57:23.087735
RITC,10.05,10.05,10.06,197100.0,204400.0,0,0,0,0,0,0,129,2026-02-02 23:57:24.116003
COMP,25.09,25.06,25.09,136300.0,144600.0,0,0,0,0,0,0,129,2026-02-02 23:57:24.116003
RITC,10.04,10.04,10.06,198600.0,204400.0,0,0,0,0,0,0,130,2026-02-02 23:57:25.140735
COMP,25.09,25.08,25.09,135900.0,144600.0,0,0,0,0,0,0,130,2026-02-02 23:57:25.140735
RITC,10.04,10.05,10.06,197000.0,204400.0,0,0,0,0,0,0,131,2026-02-02 23:57:26.177958
COMP,25.08,25.08,25.09,136000.0,144600.0,0,0,0,0,0,0,131,2026-02-02 23:57:26.177958
RITC,10.06,10.05,10.06,197000.0,207100.0,0,0,0,0,0,0,132,2026-02-02 23:57:27.206899
COMP,25.11,25.08,25.11,136700.0,143500.0,0,0,0,0,0,0,132,2026-02-02 23:57:27.206899
RITC,10.06,10.05,10.06,196900.0,207400.0,0,0,0,0,0,0,133,2026-02-02 23:57:28.231817
COMP,25.08,25.06,25.08,135300.0,141400.0,0,0,0,0,0,0,133,2026-02-02 23:57:28.231817
RITC,10.04,10.04,10.06,196400.0,207000.0,0,0,0,0,0,0,134,2026-02-02 23:57:29.258025
COMP,25.08,25.1,25.11,137000.0,142000.0,0,0,0,0,0,0,134,2026-02-02 23:57:29.258025
RITC,10.06,10.04,10.06,198500.0,208600.0,0,0,0,0,0,0,135,2026-02-02 23:57:30.300774
COMP,25.08,25.1,25.11,136800.0,142000.0,0,0,0,0,0,0,135,2026-02-02 23:57:30.300774
RITC,10.06,10.05,10.06,199600.0,208600.0,0,0,0,0,0,0,136,2026-02-02 23:57:31.359951
COMP,25.08,25.1,25.11,137500.0,142000.0,0,0,0,0,0,0,136,2026-02-02 23:57:31.359951
RITC,10.06,10.05,10.06,202000.0,209400.0,0,0,0,0,0,0,137,2026-02-02 23:57:32.393547
COMP,25.08,25.1,25.11,137500.0,143300.0,0,0,0,0,0,0,137,2026-02-02 23:57:32.393547
RITC,10.06,10.05,10.06,202200.0,209100.0,0,0,0,0,0,0,138,2026-02-02 23:57:33.422072
COMP,25.08,25.1,25.11,137500.0,142300.0,0,0,0,0,0,0,138,2026-02-02 23:57:33.422072
RITC,10.07,10.05,10.07,203400.0,205700.0,0,0,0,0,0,0,139,2026-02-02 23:57:34.462889
COMP,25.08,25.1,25.11,139000.0,143400.0,0,0,0,0,0,0,139,2026-02-02 23:57:34.462889
RITC,10.08,10.05,10.08,203400.0,206900.0,0,0,0,0,0,0,140,2026-02-02 23:57:35.508550
COMP,25.07,25.07,25.11,136100.0,143400.0,0,0,0,0,0,0,140,2026-02-02 23:57:35.508550
RITC,10.05,10.05,10.08,206100.0,207500.0,0,0,0,0,0,0,141,2026-02-02 23:57:36.530127
COMP,25.07,25.07,25.11,136100.0,141700.0,0,0,0,0,0,0,141,2026-02-02 23:57:36.530127
RITC,10.05,10.06,10.08,205500.0,208200.0,0,0,0,0,0,0,142,2026-02-02 23:57:37.555155
COMP,25.07,25.06,25.07,136300.0,141200.0,0,0,0,0,0,0,142,2026-02-02 23:57:37.555155
RITC,10.05,10.06,10.08,205500.0,207600.0,0,0,0,0,0,0,143,2026-02-02 23:57:38.578838
COMP,25.07,25.06,25.07,136300.0,142300.0,0,0,0,0,0,0,143,2026-02-02 23:57:38.578838
RITC,10.05,10.05,10.08,206100.0,207600.0,0,0,0,0,0,0,144,2026-02-02 23:57:39.606103
COMP,25.06,25.06,25.07,137100.0,142300.0,0,0,0,0,0,0,144,2026-02-02 23:57:39.606103
RITC,10.05,10.04,10.05,200000.0,209600.0,0,0,0,0,0,0,145,2026-02-02 23:57:40.628266
COMP,25.06,25.06,25.07,137100.0,144200.0,0,0,0,0,0,0,145,2026-02-02 23:57:40.628266
RITC,10.04,10.04,10.05,197500.0,208200.0,0,0,0,0,0,0,146,2026-02-02 23:57:41.654523
COMP,25.05,25.05,25.07,138200.0,142800.0,0,0,0,0,0,0,146,2026-02-02 23:57:41.654523
RITC,10.05,10.06,10.08,196600.0,207100.0,0,0,0,0,0,0,147,2026-02-02 23:57:42.675267
COMP,25.05,25.05,25.07,138200.0,143300.0,0,0,0,0,0,0,147,2026-02-02 23:57:42.675267
RITC,10.08,10.04,10.08,197500.0,208300.0,0,0,0,0,0,0,148,2026-02-02 23:57:43.196081
COMP,25.05,25.05,25.07,139700.0,143300.0,0,0,0,0,0,0,148,2026-02-02 23:57:43.196081
RITC,10.08,10.04,10.08,197500.0,210300.0,0,0,0,0,0,0,149,2026-02-02 23:57:44.220041
COMP,25.05,25.05,25.07,139700.0,141200.0,0,0,0,0,0,0,149,2026-02-02 23:57:44.220041
RITC,10.08,10.06,10.08,196500.0,208200.0,0,0,0,0,0,0,150,2026-02-02 23:57:45.239984
COMP,25.02,25.02,25.07,140300.0,141200.0,0,0,0,0,0,0,150,2026-02-02 23:57:45.239984
RITC,10.06,10.04,10.05,197500.0,208200.0,0,0,0,0,0,0,151,2026-02-02 23:57:46.261663
COMP,25.02,25.02,25.07,139300.0,141200.0,0,0,0,0,0,0,151,2026-02-02 23:57:46.261663
RITC,10.04,10.04,10.05,197400.0,206300.0,0,0,0,0,0,0,152,2026-02-02 23:57:47.281346
COMP,25.02,25.02,25.06,139300.0,142200.0,0,0,0,0,0,0,152,2026-02-02 23:57:47.281346
RITC,10.03,10.03,10.05,201100.0,206300.0,0,0,0,0,0,0,153,2026-02-02 23:57:48.302595
COMP,25.01,25.01,25.06,140600.0,142200.0,0,0,0,0,0,0,153,2026-02-02 23:57:48.302595
RITC,10.03,10.03,10.05,201100.0,206900.0,0,0,0,0,0,0,154,2026-02-02 23:57:49.325895
COMP,25.06,25.01,25.06,140600.0,142200.0,0,0,0,0,0,0,154,2026-02-02 23:57:49.325895
RITC,10.03,10.03,10.05,201900.0,206900.0,0,0,0,0,0,0,155,2026-02-02 23:57:50.350277
COMP,25.07,25.01,25.07,140600.0,141000.0,0,0,0,0,0,0,155,2026-02-02 23:57:50.350277
RITC,10.03,10.03,10.05,201900.0,206600.0,0,0,0,0,0,0,156,2026-02-02 23:57:51.371807
COMP,25.08,25.05,25.08,142600.0,139300.0,0,0,0,0,0,0,156,2026-02-02 23:57:51.371807
RITC,10.03,10.03,10.05,199700.0,205300.0,0,0,0,0,0,0,157,2026-02-02 23:57:52.397283
COMP,25.01,25.01,25.08,140600.0,139300.0,0,0,0,0,0,0,157,2026-02-02 23:57:52.397283
RITC,10.03,10.03,10.05,196300.0,202500.0,0,0,0,0,0,0,158,2026-02-02 23:57:53.419631
COMP,25.0,25.0,25.08,141200.0,140300.0,0,0,0,0,0,0,158,2026-02-02 23:57:53.419631
RITC,10.03,10.03,10.05,196300.0,201900.0,0,0,0,0,0,0,159,2026-02-02 23:57:54.440227
COMP,25.0,25.0,25.07,141200.0,139200.0,0,0,0,0,0,0,159,2026-02-02 23:57:54.440227
RITC,10.02,10.02,10.05,196900.0,199900.0,0,0,0,0,0,0,160,2026-02-02 23:57:55.459004
COMP,25.0,25.0,25.04,142100.0,138600.0,0,0,0,0,0,0,160,2026-02-02 23:57:55.459004
RITC,10.02,10.02,10.05,195700.0,199900.0,0,0,0,0,0,0,161,2026-02-02 23:57:56.479696
COMP,25.0,25.0,25.04,142100.0,139500.0,0,0,0,0,0,0,161,2026-02-02 23:57:56.479696
RITC,10.02,10.02,10.05,195700.0,199200.0,0,0,0,0,0,0,162,2026-02-02 23:57:57.500093
COMP,25.0,25.0,25.02,142100.0,138300.0,0,0,0,0,0,0,162,2026-02-02 23:57:57.500093
RITC,10.02,10.02,10.03,195700.0,196300.0,0,0,0,0,0,0,163,2026-02-02 23:57:58.522409
COMP,25.0,25.0,25.02,142100.0,137200.0,0,0,0,0,0,0,163,2026-02-02 23:57:58.522409
RITC,10.02,10.02,10.03,195300.0,196300.0,0,0,0,0,0,0,164,2026-02-02 23:57:59.547393
COMP,25.02,25.0,25.02,142100.0,138000.0,0,0,0,0,0,0,164,2026-02-02 23:57:59.547393
RITC,10.02,10.02,10.03,194900.0,195800.0,0,0,0,0,0,0,165,2026-02-02 23:58:00.568052
COMP,25.02,25.0,25.02,142100.0,137400.0,0,0,0,0,0,0,165,2026-02-02 23:58:00.568052
RITC,10.02,10.02,10.03,194900.0,197000.0,0,0,0,0,0,0,166,2026-02-02 23:58:01.590271
COMP,25.02,25.0,25.02,142100.0,137400.0,0,0,0,0,0,0,166,2026-02-02 23:58:01.590271
RITC,10.02,10.02,10.03,195500.0,197000.0,0,0,0,0,0,0,167,2026-02-02 23:58:02.610552
COMP,25.02,25.0,25.02,142600.0,137400.0,0,0,0,0,0,0,167,2026-02-02 23:58:02.610552
RITC,10.01,10.01,10.02,197700.0,197600.0,0,0,0,0,0,0,168,2026-02-02 23:58:03.629726
COMP,24.99,24.99,25.02,142400.0,137400.0,0,0,0,0,0,0,168,2026-02-02 23:58:03.629726
RITC,10.01,10.01,10.02,195900.0,197600.0,0,0,0,0,0,0,169,2026-02-02 23:58:04.651647
COMP,24.99,24.99,25.02,142400.0,136700.0,0,0,0,0,0,0,169,2026-02-02 23:58:04.651647
RITC,10.01,10.01,10.02,199200.0,201100.0,0,0,0,0,0,0,170,2026-02-02 23:58:05.672668
COMP,24.99,25.01,25.02,142200.0,136700.0,0,0,0,0,0,0,170,2026-02-02 23:58:05.672668
RITC,10.0,10.0,10.02,205500.0,201100.0,0,0,0,0,0,0,171,2026-02-02 23:58:06.692915
COMP,25.01,24.99,25.02,142400.0,138500.0,0,0,0,0,0,0,171,2026-02-02 23:58:06.692915
RITC,10.0,10.0,10.01,205900.0,201100.0,0,0,0,0,0,0,172,2026-02-02 23:58:07.713027
COMP,25.02,24.99,25.02,142400.0,138300.0,0,0,0,0,0,0,172,2026-02-02 23:58:07.713027
RITC,10.0,10.0,10.01,205900.0,200900.0,0,0,0,0,0,0,173,2026-02-02 23:58:08.740801
COMP,24.99,25.01,25.02,142700.0,138300.0,0,0,0,0,0,0,173,2026-02-02 23:58:08.740801
RITC,10.01,10.0,10.01,205400.0,202700.0,0,0,0,0,0,0,174,2026-02-02 23:58:09.760682
COMP,25.01,25.01,25.02,142700.0,138300.0,0,0,0,0,0,0,174,2026-02-02 23:58:09.760682
RITC,10.0,10.0,10.01,205500.0,202700.0,0,0,0,0,0,0,175,2026-02-02 23:58:10.783239
COMP,25.03,25.01,25.03,142400.0,137400.0,0,0,0,0,0,0,175,2026-02-02 23:58:10.783239
RITC,10.0,9.99,10.0,203800.0,200100.0,0,0,0,0,0,0,176,2026-02-02 23:58:11.802256
COMP,25.03,25.01,25.03,142400.0,139600.0,0,0,0,0,0,0,176,2026-02-02 23:58:11.802256
RITC,9.98,9.98,10.01,203900.0,201800.0,0,0,0,0,0,0,177,2026-02-02 23:58:12.823334
COMP,25.03,25.01,25.03,140700.0,139400.0,0,0,0,0,0,0,177,2026-02-02 23:58:12.823334
RITC,10.01,10.01,10.02,206800.0,202600.0,0,0,0,0,0,0,178,2026-02-02 23:58:13.844201
COMP,25.03,25.01,25.03,140700.0,140200.0,0,0,0,0,0,0,178,2026-02-02 23:58:13.844201
RITC,10.02,10.01,10.02,206800.0,203500.0,0,0,0,0,0,0,179,2026-02-02 23:58:14.863915
COMP,25.01,25.01,25.03,141900.0,138800.0,0,0,0,0,0,0,179,2026-02-02 23:58:14.863915
RITC,10.02,10.01,10.02,206400.0,203500.0,0,0,0,0,0,0,180,2026-02-02 23:58:15.390644
COMP,25.01,25.01,25.02,141900.0,138200.0,0,0,0,0,0,0,180,2026-02-02 23:58:15.390644
RITC,10.02,10.01,10.02,207000.0,203500.0,0,0,0,0,0,0,181,2026-02-02 23:58:16.418863
COMP,25.01,25.01,25.02,141900.0,136600.0,0,0,0,0,0,0,181,2026-02-02 23:58:16.418863
RITC,10.03,10.01,10.03,209400.0,202100.0,0,0,0,0,0,0,182,2026-02-02 23:58:17.442361
COMP,25.03,25.01,25.03,141900.0,137000.0,0,0,0,0,0,0,182,2026-02-02 23:58:17.442361
RITC,10.01,10.01,10.03,209400.0,202100.0,0,0,0,0,0,0,183,2026-02-02 23:58:18.464930
COMP,25.03,25.01,25.03,140600.0,137000.0,0,0,0,0,0,0,183,2026-02-02 23:58:18.464930
RITC,10.03,10.01,10.03,209100.0,202100.0,0,0,0,0,0,0,184,2026-02-02 23:58:19.488959
COMP,25.03,25.03,25.04,140500.0,138300.0,0,0,0,0,0,0,184,2026-02-02 23:58:19.488959
RITC,10.03,10.01,10.03,205100.0,202100.0,0,0,0,0,0,0,185,2026-02-02 23:58:20.514214
COMP,25.03,25.03,25.04,141000.0,138300.0,0,0,0,0,0,0,185,2026-02-02 23:58:20.514214
RITC,10.01,10.01,10.03,206400.0,202100.0,0,0,0,0,0,0,186,2026-02-02 23:58:21.545395
COMP,25.04,25.03,25.04,141700.0,138300.0,0,0,0,0,0,0,186,2026-02-02 23:58:21.545395
RITC,10.01,10.01,10.02,206400.0,203100.0,0,0,0,0,0,0,187,2026-02-02 23:58:22.566381
COMP,25.04,25.03,25.04,141700.0,139000.0,0,0,0,0,0,0,187,2026-02-02 23:58:22.566381
RITC,10.01,10.01,10.03,207900.0,202100.0,0,0,0,0,0,0,188,2026-02-02 23:58:23.592134
COMP,25.04,25.03,25.04,141700.0,139000.0,0,0,0,0,0,0,188,2026-02-02 23:58:23.592134
RITC,10.03,10.01,10.03,207900.0,200500.0,0,0,0,0,0,0,189,2026-02-02 23:58:24.613877
COMP,25.04,25.03,25.04,140600.0,139000.0,0,0,0,0,0,0,189,2026-02-02 23:58:24.613877
RITC,10.03,10.01,10.03,207900.0,201400.0,0,0,0,0,0,0,190,2026-02-02 23:58:25.634498
COMP,25.05,25.03,25.05,139700.0,137400.0,0,0,0,0,0,0,190,2026-02-02 23:58:25.634498
RITC,10.01,10.01,10.03,210600.0,201500.0,0,0,0,0,0,0,191,2026-02-02 23:58:26.655092
COMP,25.05,25.03,25.05,139700.0,137400.0,0,0,0,0,0,0,191,2026-02-02 23:58:26.655092
RITC,10.01,10.01,10.02,210600.0,203900.0,0,0,0,0,0,0,192,2026-02-02 23:58:27.678274
COMP,25.06,25.03,25.06,139700.0,137000.0,0,0,0,0,0,0,192,2026-02-02 23:58:27.678274
RITC,10.02,10.01,10.02,210600.0,203900.0,0,0,0,0,0,0,193,2026-02-02 23:58:28.705212
COMP,25.06,25.05,25.06,138100.0,137000.0,0,0,0,0,0,0,193,2026-02-02 23:58:28.705212
RITC,10.01,10.01,10.02,209600.0,206900.0,0,0,0,0,0,0,194,2026-02-02 23:58:29.731117
COMP,25.06,25.05,25.06,137500.0,137000.0,0,0,0,0,0,0,194,2026-02-02 23:58:29.731117
RITC,10.0,10.0,10.02,209300.0,206900.0,0,0,0,0,0,0,195,2026-02-02 23:58:30.760714
COMP,25.06,25.05,25.06,137800.0,137000.0,0,0,0,0,0,0,195,2026-02-02 23:58:30.760714
RITC,9.99,9.99,10.01,208700.0,208700.0,0,0,0,0,0,0,196,2026-02-02 23:58:31.786572
COMP,25.07,25.05,25.07,140000.0,139000.0,0,0,0,0,0,0,196,2026-02-02 23:58:31.786572
RITC,9.99,9.99,10.01,207900.0,208900.0,0,0,0,0,0,0,197,2026-02-02 23:58:32.813733
COMP,25.07,25.06,25.07,140100.0,139000.0,0,0,0,0,0,0,197,2026-02-02 23:58:32.813733
RITC,9.99,9.99,10.01,207900.0,207400.0,0,0,0,0,0,0,198,2026-02-02 23:58:33.834315
COMP,25.07,25.06,25.07,140100.0,141200.0,0,0,0,0,0,0,198,2026-02-02 23:58:33.834315
RITC,9.98,9.98,10.01,206500.0,207400.0,0,0,0,0,0,0,199,2026-02-02 23:58:34.856902
COMP,25.08,25.06,25.08,140100.0,141200.0,0,0,0,0,0,0,199,2026-02-02 23:58:34.856902
RITC,9.98,9.98,10.0,206500.0,205400.0,0,0,0,0,0,0,200,2026-02-02 23:58:35.882174
COMP,25.08,25.07,25.08,140700.0,141200.0,0,0,0,0,0,0,200,2026-02-02 23:58:35.882174
RITC,9.98,9.98,10.0,205200.0,203900.0,0,0,0,0,0,0,201,2026-02-02 23:58:36.902084
COMP,25.08,25.07,25.08,140700.0,141200.0,0,0,0,0,0,0,201,2026-02-02 23:58:36.902084
RITC,9.98,9.98,10.0,205200.0,202100.0,0,0,0,0,0,0,202,2026-02-02 23:58:37.925356
COMP,25.09,25.07,25.09,140700.0,142800.0,0,0,0,0,0,0,202,2026-02-02 23:58:37.925356
RITC,9.98,9.98,10.0,206900.0,202100.0,0,0,0,0,0,0,203,2026-02-02 23:58:38.947029
COMP,25.09,25.09,25.1,140300.0,144200.0,0,0,0,0,0,0,203,2026-02-02 23:58:38.947029
RITC,9.98,9.98,9.99,206900.0,202800.0,0,0,0,0,0,0,204,2026-02-02 23:58:39.969781
COMP,25.1,25.09,25.1,140900.0,144200.0,0,0,0,0,0,0,204,2026-02-02 23:58:39.969781
RITC,9.98,9.98,9.99,210400.0,200700.0,0,0,0,0,0,0,205,2026-02-02 23:58:40.993655
COMP,25.11,25.09,25.11,140900.0,142500.0,0,0,0,0,0,0,205,2026-02-02 23:58:40.993655
RITC,9.98,9.98,9.99,210400.0,199500.0,0,0,0,0,0,0,206,2026-02-02 23:58:42.013478
COMP,25.11,25.09,25.11,140500.0,142500.0,0,0,0,0,0,0,206,2026-02-02 23:58:42.013478
RITC,9.96,9.96,9.99,207100.0,199500.0,0,0,0,0,0,0,207,2026-02-02 23:58:43.037701
COMP,25.11,25.09,25.11,140200.0,142500.0,0,0,0,0,0,0,207,2026-02-02 23:58:43.037701
RITC,9.96,9.96,9.99,207100.0,199500.0,0,0,0,0,0,0,208,2026-02-02 23:58:43.557110
COMP,25.11,25.09,25.11,140200.0,143300.0,0,0,0,0,0,0,208,2026-02-02 23:58:43.557110
RITC,9.96,9.96,9.98,207100.0,203700.0,0,0,0,0,0,0,209,2026-02-02 23:58:44.577698
COMP,25.11,25.09,25.11,140700.0,141100.0,0,0,0,0,0,0,209,2026-02-02 23:58:44.577698
RITC,9.95,9.95,9.98,205600.0,203700.0,0,0,0,0,0,0,210,2026-02-02 23:58:45.605234
COMP,25.11,25.09,25.11,140700.0,141300.0,0,0,0,0,0,0,210,2026-02-02 23:58:45.605234
RITC,9.95,9.93,9.95,202400.0,203200.0,0,0,0,0,0,0,211,2026-02-02 23:58:46.629739
COMP,25.11,25.1,25.11,138900.0,141300.0,0,0,0,0,0,0,211,2026-02-02 23:58:46.629739
RITC,9.92,9.92,9.94,204500.0,204400.0,0,0,0,0,0,0,212,2026-02-02 23:58:47.656810
COMP,25.11,25.1,25.11,138900.0,141300.0,0,0,0,0,0,0,212,2026-02-02 23:58:47.656810
RITC,9.92,9.92,9.94,203500.0,204400.0,0,0,0,0,0,0,213,2026-02-02 23:58:48.677582
COMP,25.12,25.1,25.12,140200.0,141100.0,0,0,0,0,0,0,213,2026-02-02 23:58:48.677582
RITC,9.91,9.91,9.94,203300.0,203400.0,0,0,0,0,0,0,214,2026-02-02 23:58:49.699598
COMP,25.12,25.1,25.12,141400.0,141100.0,0,0,0,0,0,0,214,2026-02-02 23:58:49.699598
RITC,9.91,9.91,9.92,203300.0,204100.0,0,0,0,0,0,0,215,2026-02-02 23:58:50.723033
COMP,25.12,25.11,25.12,139700.0,141100.0,0,0,0,0,0,0,215,2026-02-02 23:58:50.723033
RITC,9.9,9.9,9.92,205700.0,204100.0,0,0,0,0,0,0,216,2026-02-02 23:58:51.744944
COMP,25.12,25.11,25.12,140100.0,141100.0,0,0,0,0,0,0,216,2026-02-02 23:58:51.744944
RITC,9.89,9.89,9.92,176100.0,204100.0,0,0,0,0,0,0,217,2026-02-02 23:58:52.766908
COMP,25.12,25.11,25.12,140400.0,140900.0,0,0,0,0,0,0,217,2026-02-02 23:58:52.766908
RITC,9.89,9.89,9.91,176100.0,203800.0,0,0,0,0,0,0,218,2026-02-02 23:58:53.801373
COMP,25.12,25.11,25.12,139600.0,140900.0,0,0,0,0,0,0,218,2026-02-02 23:58:53.801373
RITC,9.89,9.89,9.91,167700.0,202500.0,0,0,0,0,0,0,219,2026-02-02 23:58:54.826535
COMP,25.12,25.11,25.12,139600.0,142600.0,0,0,0,0,0,0,219,2026-02-02 23:58:54.826535
RITC,9.89,9.89,9.9,167700.0,203000.0,0,0,0,0,0,0,220,2026-02-02 23:58:55.855721
COMP,25.12,25.11,25.12,138900.0,142600.0,0,0,0,0,0,0,220,2026-02-02 23:58:55.855721
RITC,9.89,9.89,9.9,155800.0,201000.0,0,0,0,0,0,0,221,2026-02-02 23:58:56.884085
COMP,25.12,25.11,25.12,137100.0,142600.0,0,0,0,0,0,0,221,2026-02-02 23:58:56.884085
RITC,9.89,9.89,9.9,145800.0,200700.0,0,0,0,0,0,0,222,2026-02-02 23:58:57.913320
COMP,25.12,25.11,25.12,137100.0,142700.0,0,0,0,0,0,0,222,2026-02-02 23:58:57.913320
RITC,9.88,9.88,9.9,133800.0,203200.0,0,0,0,0,0,0,223,2026-02-02 23:58:58.946031
COMP,25.12,25.11,25.12,137300.0,142700.0,0,0,0,0,0,0,223,2026-02-02 23:58:58.946031
RITC,9.88,9.88,9.9,133800.0,201500.0,0,0,0,0,0,0,224,2026-02-02 23:58:59.974405
COMP,25.12,25.11,25.12,137300.0,141100.0,0,0,0,0,0,0,224,2026-02-02 23:58:59.974405
RITC,9.88,9.88,9.89,133800.0,203700.0,0,0,0,0,0,0,225,2026-02-02 23:59:01.015838
COMP,25.13,25.11,25.13,138200.0,142100.0,0,0,0,0,0,0,225,2026-02-02 23:59:01.015838
RITC,9.88,9.88,9.89,113500.0,203800.0,0,0,0,0,0,0,226,2026-02-02 23:59:02.054981
COMP,25.14,25.11,25.14,138200.0,143900.0,0,0,0,0,0,0,226,2026-02-02 23:59:02.054981
RITC,9.88,9.88,9.89,103600.0,202300.0,0,0,0,0,0,0,227,2026-02-02 23:59:03.076015
COMP,25.15,25.14,25.15,138000.0,143000.0,0,0,0,0,0,0,227,2026-02-02 23:59:03.076015
RITC,9.87,9.87,9.88,103400.0,203000.0,0,0,0,0,0,0,228,2026-02-02 23:59:04.105855
COMP,25.15,25.14,25.15,138500.0,143000.0,0,0,0,0,0,0,228,2026-02-02 23:59:04.105855
RITC,9.87,9.87,9.88,103800.0,206100.0,0,0,0,0,0,0,229,2026-02-02 23:59:05.136578
COMP,25.16,25.14,25.16,138500.0,141300.0,0,0,0,0,0,0,229,2026-02-02 23:59:05.136578
RITC,9.87,9.87,9.88,103800.0,206100.0,0,0,0,0,0,0,230,2026-02-02 23:59:05.674394
COMP,25.16,25.14,25.16,138500.0,141300.0,0,0,0,0,0,0,230,2026-02-02 23:59:05.674394
RITC,9.87,9.87,9.88,103800.0,207100.0,0,0,0,0,0,0,231,2026-02-02 23:59:06.705918
COMP,25.16,25.17,25.18,137000.0,140600.0,0,0,0,0,0,0,231,2026-02-02 23:59:06.705918
RITC,9.86,9.86,9.88,103300.0,207100.0,0,0,0,0,0,0,232,2026-02-02 23:59:07.728481
COMP,25.16,25.17,25.18,140300.0,140600.0,0,0,0,0,0,0,232,2026-02-02 23:59:07.728481
RITC,9.86,9.86,9.88,103300.0,205600.0,0,0,0,0,0,0,233,2026-02-02 23:59:08.751164
COMP,25.18,25.18,25.19,140000.0,139700.0,0,0,0,0,0,0,233,2026-02-02 23:59:08.751164
RITC,9.86,9.86,9.87,103300.0,205200.0,0,0,0,0,0,0,234,2026-02-02 23:59:09.775642
COMP,25.2,25.18,25.2,140000.0,139300.0,0,0,0,0,0,0,234,2026-02-02 23:59:09.775642
RITC,9.86,9.86,9.87,103300.0,207400.0,0,0,0,0,0,0,235,2026-02-02 23:59:10.802198
COMP,25.2,25.18,25.2,141500.0,140000.0,0,0,0,0,0,0,235,2026-02-02 23:59:10.802198
RITC,9.86,9.86,9.87,103300.0,207900.0,0,0,0,0,0,0,236,2026-02-02 23:59:11.825983
COMP,25.2,25.18,25.19,141500.0,138700.0,0,0,0,0,0,0,236,2026-02-02 23:59:11.825983
RITC,9.85,9.85,9.86,106600.0,207800.0,0,0,0,0,0,0,237,2026-02-02 23:59:12.872112
COMP,25.2,25.18,25.19,138100.0,138700.0,0,0,0,0,0,0,237,2026-02-02 23:59:12.872112
RITC,9.85,9.85,9.86,106600.0,206000.0,0,0,0,0,0,0,238,2026-02-02 23:59:13.901113
COMP,25.2,25.18,25.19,138900.0,138700.0,0,0,0,0,0,0,238,2026-02-02 23:59:13.901113
RITC,9.85,9.85,9.86,107700.0,205000.0,0,0,0,0,0,0,239,2026-02-02 23:59:14.925545
COMP,25.2,25.18,25.19,137100.0,138700.0,0,0,0,0,0,0,239,2026-02-02 23:59:14.925545
RITC,9.85,9.82,9.83,107300.0,206400.0,0,0,0,0,0,0,240,2026-02-02 23:59:15.948897
COMP,25.2,25.18,25.19,137100.0,138700.0,0,0,0,0,0,0,240,2026-02-02 23:59:15.948897
RITC,9.82,9.82,9.83,107300.0,204500.0,0,0,0,0,0,0,241,2026-02-02 23:59:16.971025
COMP,25.2,25.19,25.2,138000.0,140000.0,0,0,0,0,0,0,241,2026-02-02 23:59:16.971025
RITC,9.8,9.8,9.83,101500.0,204500.0,0,0,0,0,0,0,242,2026-02-02 23:59:17.992678
COMP,25.19,25.19,25.2,138300.0,140000.0,0,0,0,0,0,0,242,2026-02-02 23:59:17.992678
RITC,9.81,9.8,9.81,101500.0,205100.0,0,0,0,0,0,0,243,2026-02-02 23:59:19.014371
COMP,25.2,25.2,25.23,138400.0,132900.0,0,0,0,0,0,0,243,2026-02-02 23:59:19.014371
RITC,9.68,9.74,9.81,120000.0,205100.0,0,0,0,0,0,0,244,2026-02-02 23:59:20.034879
COMP,25.23,25.2,25.23,139400.0,126500.0,0,0,0,0,0,0,244,2026-02-02 23:59:20.034879
RITC,9.68,9.78,9.81,131500.0,204700.0,0,0,0,0,0,0,245,2026-02-02 23:59:21.056727
COMP,25.23,25.2,25.23,139400.0,126500.0,0,0,0,0,0,0,245,2026-02-02 23:59:21.056727
RITC,9.78,9.78,9.81,131500.0,204700.0,0,0,0,0,0,0,246,2026-02-02 23:59:22.085372
COMP,25.23,25.28,25.29,139100.0,120100.0,0,0,0,0,0,0,246,2026-02-02 23:59:22.085372
RITC,9.78,9.78,9.81,131500.0,203200.0,0,0,0,0,0,0,247,2026-02-02 23:59:23.110052
COMP,25.29,25.28,25.29,139100.0,120100.0,0,0,0,0,0,0,247,2026-02-02 23:59:23.110052
RITC,9.78,9.74,9.78,120000.0,205300.0,0,0,0,0,0,0,248,2026-02-02 23:59:24.148387
COMP,25.29,25.28,25.29,139100.0,128000.0,0,0,0,0,0,0,248,2026-02-02 23:59:24.148387
RITC,9.78,9.74,9.76,120000.0,202100.0,0,0,0,0,0,0,249,2026-02-02 23:59:25.172298
COMP,25.29,25.28,25.29,137900.0,135200.0,0,0,0,0,0,0,249,2026-02-02 23:59:25.172298
RITC,9.74,9.68,9.73,107900.0,202900.0,0,0,0,0,0,0,250,2026-02-02 23:59:26.204064
COMP,25.29,25.25,25.29,139400.0,127700.0,0,0,0,0,0,0,250,2026-02-02 23:59:26.204064
RITC,9.71,9.72,9.73,120000.0,202900.0,0,0,0,0,0,0,251,2026-02-02 23:59:27.231131
COMP,25.29,25.25,25.29,139900.0,127700.0,0,0,0,0,0,0,251,2026-02-02 23:59:27.231131
RITC,9.71,9.72,9.73,120000.0,204200.0,0,0,0,0,0,0,252,2026-02-02 23:59:28.256210
COMP,25.29,25.22,25.29,140500.0,119800.0,0,0,0,0,0,0,252,2026-02-02 23:59:28.256210
RITC,9.71,9.72,9.73,120000.0,206300.0,0,0,0,0,0,0,253,2026-02-02 23:59:29.284939
COMP,25.29,25.23,25.29,139700.0,119800.0,0,0,0,0,0,0,253,2026-02-02 23:59:29.284939
RITC,9.68,9.68,9.69,107900.0,208800.0,0,0,0,0,0,0,254,2026-02-02 23:59:30.307363
COMP,25.26,25.26,25.29,140000.0,119800.0,0,0,0,0,0,0,254,2026-02-02 23:59:30.307363
RITC,9.68,9.68,9.69,107900.0,208300.0,0,0,0,0,0,0,255,2026-02-02 23:59:30.832092
COMP,25.26,25.26,25.29,139400.0,119800.0,0,0,0,0,0,0,255,2026-02-02 23:59:30.832092
RITC,9.68,9.68,9.69,109900.0,208300.0,0,0,0,0,0,0,256,2026-02-02 23:59:31.857878
COMP,25.3,25.26,25.3,139400.0,112600.0,0,0,0,0,0,0,256,2026-02-02 23:59:31.857878
RITC,9.69,9.68,9.69,109900.0,204600.0,0,0,0,0,0,0,257,2026-02-02 23:59:32.935058
COMP,25.3,25.26,25.3,138700.0,112600.0,0,0,0,0,0,0,257,2026-02-02 23:59:32.935058
RITC,9.69,9.68,9.69,109900.0,202400.0,0,0,0,0,0,0,258,2026-02-02 23:59:33.963781
COMP,25.31,25.33,25.35,136300.0,99300.0,0,0,0,0,0,0,258,2026-02-02 23:59:33.963781
RITC,9.69,9.67,9.69,110000.0,202600.0,0,0,0,0,0,0,259,2026-02-02 23:59:34.987146
COMP,25.31,25.33,25.35,136300.0,99300.0,0,0,0,0,0,0,259,2026-02-02 23:59:34.987146
RITC,9.66,9.66,9.69,110000.0,203300.0,0,0,0,0,0,0,260,2026-02-02 23:59:36.013335
COMP,25.31,25.33,25.35,138300.0,99300.0,0,0,0,0,0,0,260,2026-02-02 23:59:36.013335
RITC,9.66,9.66,9.68,110000.0,200100.0,0,0,0,0,0,0,261,2026-02-02 23:59:37.031803
COMP,25.38,25.34,25.38,138300.0,92100.0,0,0,0,0,0,0,261,2026-02-02 23:59:37.031803
RITC,9.65,9.65,9.68,108400.0,200000.0,0,0,0,0,0,0,262,2026-02-02 23:59:38.057696
COMP,25.38,25.36,25.38,139400.0,92100.0,0,0,0,0,0,0,262,2026-02-02 23:59:38.057696
RITC,9.62,9.62,9.66,111700.0,200700.0,0,0,0,0,0,0,263,2026-02-02 23:59:39.086992
COMP,25.38,25.36,25.38,138900.0,92100.0,0,0,0,0,0,0,263,2026-02-02 23:59:39.086992
RITC,9.62,9.62,9.63,112800.0,200100.0,0,0,0,0,0,0,264,2026-02-02 23:59:40.111706
COMP,25.39,25.36,25.39,139600.0,84600.0,0,0,0,0,0,0,264,2026-02-02 23:59:40.111706
RITC,9.62,9.62,9.63,115100.0,202600.0,0,0,0,0,0,0,265,2026-02-02 23:59:41.135274
COMP,25.39,25.36,25.39,140000.0,84600.0,0,0,0,0,0,0,265,2026-02-02 23:59:41.135274
RITC,9.61,9.61,9.63,113600.0,200600.0,0,0,0,0,0,0,266,2026-02-02 23:59:42.164912
COMP,25.39,25.38,25.39,141400.0,76700.0,0,0,0,0,0,0,266,2026-02-02 23:59:42.164912
RITC,9.61,9.59,9.6,112700.0,199900.0,0,0,0,0,0,0,267,2026-02-02 23:59:43.187554
COMP,25.39,25.38,25.39,140600.0,76700.0,0,0,0,0,0,0,267,2026-02-02 23:59:43.187554
RITC,9.59,9.59,9.6,112700.0,198700.0,0,0,0,0,0,0,268,2026-02-02 23:59:44.210183
COMP,25.39,25.38,25.39,140700.0,76700.0,0,0,0,0,0,0,268,2026-02-02 23:59:44.210183
RITC,9.57,9.57,9.6,112600.0,198700.0,0,0,0,0,0,0,269,2026-02-02 23:59:45.239588
COMP,25.39,25.38,25.39,140900.0,76700.0,0,0,0,0,0,0,269,2026-02-02 23:59:45.239588
RITC,9.57,9.55,9.56,113200.0,197800.0,0,0,0,0,0,0,270,2026-02-02 23:59:46.264581
COMP,25.41,25.38,25.41,140900.0,70100.0,0,0,0,0,0,0,270,2026-02-02 23:59:46.264581
RITC,9.55,9.55,9.56,113200.0,199300.0,0,0,0,0,0,0,271,2026-02-02 23:59:47.288708
COMP,25.43,25.38,25.43,140900.0,68100.0,0,0,0,0,0,0,271,2026-02-02 23:59:47.288708
RITC,9.54,9.54,9.55,115400.0,204600.0,0,0,0,0,0,0,272,2026-02-02 23:59:48.308652
COMP,25.43,25.38,25.43,140200.0,68800.0,0,0,0,0,0,0,272,2026-02-02 23:59:48.308652
RITC,9.54,9.54,9.55,115400.0,201900.0,0,0,0,0,0,0,273,2026-02-02 23:59:49.329115
COMP,25.43,25.38,25.43,141600.0,68800.0,0,0,0,0,0,0,273,2026-02-02 23:59:49.329115
RITC,9.51,9.51,9.55,112100.0,201900.0,0,0,0,0,0,0,274,2026-02-02 23:59:50.348973
COMP,25.44,25.38,25.44,141600.0,67800.0,0,0,0,0,0,0,274,2026-02-02 23:59:50.348973
RITC,9.51,9.51,9.55,123900.0,199800.0,0,0,0,0,0,0,275,2026-02-02 23:59:51.369909
COMP,25.44,25.41,25.44,141600.0,67800.0,0,0,0,0,0,0,275,2026-02-02 23:59:51.369909
RITC,9.51,9.51,9.55,123900.0,200400.0,0,0,0,0,0,0,276,2026-02-02 23:59:52.393087
COMP,25.44,25.41,25.44,141600.0,66700.0,0,0,0,0,0,0,276,2026-02-02 23:59:52.393087
RITC,9.53,9.51,9.53,123900.0,201800.0,0,0,0,0,0,0,277,2026-02-02 23:59:53.417440
COMP,25.52,25.41,25.52,141600.0,66300.0,0,0,0,0,0,0,277,2026-02-02 23:59:53.417440
RITC,9.53,9.51,9.53,144900.0,201800.0,0,0,0,0,0,0,278,2026-02-02 23:59:54.438840
COMP,25.52,25.51,25.52,143700.0,66300.0,0,0,0,0,0,0,278,2026-02-02 23:59:54.438840
RITC,9.51,9.51,9.53,133500.0,201800.0,0,0,0,0,0,0,279,2026-02-02 23:59:54.956437
COMP,25.52,25.51,25.52,143700.0,66300.0,0,0,0,0,0,0,279,2026-02-02 23:59:54.956437
RITC,9.51,9.51,9.55,122100.0,200400.0,0,0,0,0,0,0,280,2026-02-02 23:59:55.989331
COMP,25.54,25.51,25.54,144300.0,67400.0,0,0,0,0,0,0,280,2026-02-02 23:59:55.989331
RITC,9.51,9.51,9.53,122100.0,198300.0,0,0,0,0,0,0,281,2026-02-02 23:59:57.010064
COMP,25.54,25.52,25.54,145100.0,67400.0,0,0,0,0,0,0,281,2026-02-02 23:59:57.010064
RITC,9.53,9.5,9.53,109700.0,198300.0,0,0,0,0,0,0,282,2026-02-02 23:59:58.043524
COMP,25.54,25.54,25.57,144500.0,65700.0,0,0,0,0,0,0,282,2026-02-02 23:59:58.043524
RITC,9.53,9.5,9.51,119000.0,199300.0,0,0,0,0,0,0,283,2026-02-02 23:59:59.070037
COMP,25.54,25.52,25.54,145100.0,71900.0,0,0,0,0,0,0,283,2026-02-02 23:59:59.070037
RITC,9.53,9.5,9.51,128700.0,200100.0,0,0,0,0,0,0,284,2026-02-03 00:00:00.117276
COMP,25.57,25.52,25.57,145100.0,65700.0,0,0,0,0,0,0,284,2026-02-03 00:00:00.117276
RITC,9.53,9.5,9.51,137300.0,204100.0,0,0,0,0,0,0,285,2026-02-03 00:00:01.139053
COMP,25.57,25.53,25.57,144300.0,65700.0,0,0,0,0,0,0,285,2026-02-03 00:00:01.139053
RITC,9.49,9.49,9.51,139000.0,204100.0,0,0,0,0,0,0,286,2026-02-03 00:00:02.165371
COMP,25.63,25.53,25.63,144300.0,69700.0,0,0,0,0,0,0,286,2026-02-03 00:00:02.165371
RITC,9.51,9.49,9.51,139000.0,203100.0,0,0,0,0,0,0,287,2026-02-03 00:00:03.188806
COMP,25.63,25.61,25.63,144200.0,69700.0,0,0,0,0,0,0,287,2026-02-03 00:00:03.188806
RITC,9.51,9.5,9.51,147900.0,203500.0,0,0,0,0,0,0,288,2026-02-03 00:00:04.208224
COMP,25.63,25.67,25.79,140900.0,69900.0,0,0,0,0,0,0,288,2026-02-03 00:00:04.208224
RITC,9.52,9.49,9.52,139000.0,200300.0,0,0,0,0,0,0,289,2026-02-03 00:00:05.233412
COMP,25.63,25.67,25.79,140900.0,75900.0,0,0,0,0,0,0,289,2026-02-03 00:00:05.233412
RITC,9.49,9.49,9.51,127000.0,199500.0,0,0,0,0,0,0,290,2026-02-03 00:00:06.256098
COMP,25.63,25.67,25.79,140900.0,83700.0,0,0,0,0,0,0,290,2026-02-03 00:00:06.256098
RITC,9.49,9.47,9.48,117700.0,203000.0,0,0,0,0,0,0,291,2026-02-03 00:00:07.283057
COMP,25.63,25.67,25.74,142200.0,89600.0,0,0,0,0,0,0,291,2026-02-03 00:00:07.283057
RITC,9.48,9.49,9.52,130100.0,201000.0,0,0,0,0,0,0,292,2026-02-03 00:00:08.310903
COMP,25.79,25.77,25.79,141600.0,83700.0,0,0,0,0,0,0,292,2026-02-03 00:00:08.310903
RITC,9.52,9.49,9.5,130100.0,203900.0,0,0,0,0,0,0,293,2026-02-03 00:00:09.344259
COMP,25.79,25.77,25.79,141600.0,89200.0,0,0,0,0,0,0,293,2026-02-03 00:00:09.344259
RITC,9.5,9.5,9.53,141800.0,200600.0,0,0,0,0,0,0,294,2026-02-03 00:00:10.370299
COMP,25.79,25.77,25.79,139500.0,96100.0,0,0,0,0,0,0,294,2026-02-03 00:00:10.370299
RITC,9.54,9.5,9.54,141800.0,199700.0,0,0,0,0,0,0,295,2026-02-03 00:00:11.413217
COMP,25.79,25.77,25.79,139500.0,102700.0,0,0,0,0,0,0,295,2026-02-03 00:00:11.413217
RITC,9.5,9.53,9.54,152700.0,199700.0,0,0,0,0,0,0,296,2026-02-03 00:00:12.443834
COMP,25.79,25.77,25.79,138800.0,102700.0,0,0,0,0,0,0,296,2026-02-03 00:00:12.443834
RITC,9.5,9.53,9.54,163800.0,201600.0,0,0,0,0,0,0,297,2026-02-03 00:00:13.465295
COMP,25.77,25.69,25.71,138900.0,116800.0,0,0,0,0,0,0,297,2026-02-03 00:00:13.465295
RITC,9.52,9.52,9.54,164500.0,201600.0,0,0,0,0,0,0,298,2026-02-03 00:00:14.488669
COMP,25.77,25.69,25.71,138900.0,130800.0,0,0,0,0,0,0,298,2026-02-03 00:00:14.488669
RITC,9.52,9.52,9.54,164500.0,203800.0,0,0,0,0,0,0,299,2026-02-03 00:00:15.513296
COMP,25.69,25.69,25.71,141000.0,130800.0,0,0,0,0,0,0,299,2026-02-03 00:00:15.513296
RITC,9.54,9.52,9.55,164500.0,202900.0,0,0,0,0,0,0,300,2026-02-03 00:00:16.533780
COMP,25.69,25.69,25.71,140100.0,137700.0,0,0,0,0,0,0,300,2026-02-03 00:00:16.533780
RITC,9.54,9.52,9.55,164500.0,202900.0,0,0,0,0,0,0,301,2026-02-03 00:00:17.052311
COMP,25.69,25.69,25.71,141400.0,137700.0,0,0,0,0,0,0,301,2026-02-03 00:00:17.052311
RITC,9.52,9.52,9.53,164500.0,206900.0,0,0,0,0,0,0,302,2026-02-03 00:00:18.079249
COMP,25.69,25.69,25.71,141400.0,138900.0,0,0,0,0,0,0,302,2026-02-03 00:00:18.079249
RITC,9.5,9.5,9.53,141200.0,208600.0,0,0,0,0,0,0,303,2026-02-03 00:00:19.105809
COMP,25.69,25.69,25.71,141400.0,138900.0,0,0,0,0,0,0,303,2026-02-03 00:00:19.105809
RITC,9.47,9.47,9.51,117700.0,209400.0,0,0,0,0,0,0,304,2026-02-03 00:00:20.147223
COMP,25.71,25.69,25.71,141800.0,136800.0,0,0,0,0,0,0,304,2026-02-03 00:00:20.147223
RITC,9.47,9.47,9.48,127400.0,206900.0,0,0,0,0,0,0,305,2026-02-03 00:00:21.176809
COMP,25.65,25.65,25.71,144500.0,136800.0,0,0,0,0,0,0,305,2026-02-03 00:00:21.176809
RITC,9.47,9.47,9.48,127400.0,205400.0,0,0,0,0,0,0,306,2026-02-03 00:00:22.207350
COMP,25.65,25.66,25.71,143500.0,136800.0,0,0,0,0,0,0,306,2026-02-03 00:00:22.207350
RITC,9.43,9.45,9.48,125000.0,205400.0,0,0,0,0,0,0,307,2026-02-03 00:00:23.235220
COMP,25.65,25.65,25.71,144300.0,136800.0,0,0,0,0,0,0,307,2026-02-03 00:00:23.235220
RITC,9.43,9.47,9.48,145900.0,205400.0,0,0,0,0,0,0,308,2026-02-03 00:00:24.265938
COMP,25.65,25.65,25.71,144300.0,136700.0,0,0,0,0,0,0,308,2026-02-03 00:00:24.265938
RITC,9.48,9.49,9.51,167300.0,207900.0,0,0,0,0,0,0,309,2026-02-03 00:00:25.286599
COMP,25.72,25.65,25.72,145300.0,135500.0,0,0,0,0,0,0,309,2026-02-03 00:00:25.286599
RITC,9.47,9.47,9.51,155500.0,207900.0,0,0,0,0,0,0,310,2026-02-03 00:00:26.313239
COMP,25.72,25.71,25.72,143200.0,135500.0,0,0,0,0,0,0,310,2026-02-03 00:00:26.313239
RITC,9.47,9.5,9.51,177500.0,207900.0,0,0,0,0,0,0,311,2026-02-03 00:00:27.338070
COMP,25.75,25.71,25.75,143200.0,120700.0,0,0,0,0,0,0,311,2026-02-03 00:00:27.338070
RITC,9.51,9.5,9.51,188700.0,207900.0,0,0,0,0,0,0,312,2026-02-03 00:00:28.362744
COMP,25.65,25.65,25.75,145300.0,120700.0,0,0,0,0,0,0,312,2026-02-03 00:00:28.362744
RITC,9.49,9.49,9.51,179000.0,208200.0,0,0,0,0,0,0,313,2026-02-03 00:00:29.389316
COMP,25.7,25.72,25.75,144400.0,120700.0,0,0,0,0,0,0,313,2026-02-03 00:00:29.389316
RITC,9.53,9.51,9.53,197800.0,208600.0,0,0,0,0,0,0,314,2026-02-03 00:00:30.411457
COMP,25.7,25.72,25.75,144400.0,126400.0,0,0,0,0,0,0,314,2026-02-03 00:00:30.411457
RITC,9.55,9.51,9.55,208700.0,201700.0,0,0,0,0,0,0,315,2026-02-03 00:00:31.436271
COMP,25.72,25.65,25.69,143000.0,133400.0,0,0,0,0,0,0,315,2026-02-03 00:00:31.436271
RITC,9.55,9.51,9.55,205900.0,202500.0,0,0,0,0,0,0,316,2026-02-03 00:00:32.464690
COMP,25.65,25.65,25.75,143900.0,126400.0,0,0,0,0,0,0,316,2026-02-03 00:00:32.464690
RITC,9.55,9.53,9.55,206500.0,204600.0,0,0,0,0,0,0,317,2026-02-03 00:00:33.483492
COMP,25.65,25.65,25.75,142800.0,126400.0,0,0,0,0,0,0,317,2026-02-03 00:00:33.483492
RITC,9.56,9.55,9.56,206600.0,201900.0,0,0,0,0,0,0,318,2026-02-03 00:00:34.514783
COMP,25.65,25.65,25.75,140200.0,126400.0,0,0,0,0,0,0,318,2026-02-03 00:00:34.514783
RITC,9.56,9.55,9.56,206600.0,203100.0,0,0,0,0,0,0,319,2026-02-03 00:00:35.537473
COMP,25.65,25.65,25.75,141100.0,126400.0,0,0,0,0,0,0,319,2026-02-03 00:00:35.537473
RITC,9.56,9.55,9.56,206200.0,203100.0,0,0,0,0,0,0,320,2026-02-03 00:00:36.565396
COMP,25.65,25.71,25.75,142400.0,126400.0,0,0,0,0,0,0,320,2026-02-03 00:00:36.565396
RITC,9.56,9.55,9.56,203300.0,203500.0,0,0,0,0,0,0,321,2026-02-03 00:00:37.588254
COMP,25.65,25.71,25.75,143500.0,126400.0,0,0,0,0,0,0,321,2026-02-03 00:00:37.588254
RITC,9.56,9.55,9.56,200500.0,203500.0,0,0,0,0,0,0,322,2026-02-03 00:00:38.610098
COMP,25.75,25.71,25.75,143300.0,120300.0,0,0,0,0,0,0,322,2026-02-03 00:00:38.610098
RITC,9.56,9.55,9.56,200500.0,204600.0,0,0,0,0,0,0,323,2026-02-03 00:00:39.635318
COMP,25.75,25.71,25.75,145500.0,120300.0,0,0,0,0,0,0,323,2026-02-03 00:00:39.635318
RITC,9.56,9.54,9.56,200900.0,205200.0,0,0,0,0,0,0,324,2026-02-03 00:00:40.658853
COMP,25.75,25.76,25.77,143000.0,114300.0,0,0,0,0,0,0,324,2026-02-03 00:00:40.658853
RITC,9.54,9.53,9.54,203300.0,205800.0,0,0,0,0,0,0,325,2026-02-03 00:00:41.677794
COMP,25.75,25.76,25.77,141800.0,114300.0,0,0,0,0,0,0,325,2026-02-03 00:00:41.677794
RITC,9.55,9.55,9.56,203600.0,205500.0,0,0,0,0,0,0,326,2026-02-03 00:00:42.196877
COMP,25.75,25.76,25.77,140900.0,114300.0,0,0,0,0,0,0,326,2026-02-03 00:00:42.196877
RITC,9.55,9.53,9.55,203300.0,206700.0,0,0,0,0,0,0,327,2026-02-03 00:00:43.229121
COMP,25.75,25.76,25.77,142000.0,114300.0,0,0,0,0,0,0,327,2026-02-03 00:00:43.229121
RITC,9.53,9.53,9.54,205200.0,206800.0,0,0,0,0,0,0,328,2026-02-03 00:00:44.256827
COMP,25.78,25.76,25.78,141500.0,108600.0,0,0,0,0,0,0,328,2026-02-03 00:00:44.256827
RITC,9.53,9.53,9.54,205200.0,209700.0,0,0,0,0,0,0,329,2026-02-03 00:00:45.286350
COMP,25.78,25.76,25.78,143800.0,108600.0,0,0,0,0,0,0,329,2026-02-03 00:00:45.286350
RITC,9.53,9.53,9.54,204000.0,209300.0,0,0,0,0,0,0,330,2026-02-03 00:00:46.310832
COMP,25.79,25.76,25.79,143500.0,102700.0,0,0,0,0,0,0,330,2026-02-03 00:00:46.310832
RITC,9.53,9.53,9.54,206100.0,207800.0,0,0,0,0,0,0,331,2026-02-03 00:00:47.334234
COMP,25.79,25.76,25.79,143500.0,94900.0,0,0,0,0,0,0,331,2026-02-03 00:00:47.334234
RITC,9.53,9.53,9.54,206100.0,206900.0,0,0,0,0,0,0,332,2026-02-03 00:00:48.358712
COMP,25.8,25.76,25.8,143500.0,87100.0,0,0,0,0,0,0,332,2026-02-03 00:00:48.358712
RITC,9.52,9.52,9.54,203500.0,211200.0,0,0,0,0,0,0,333,2026-02-03 00:00:49.384636
COMP,25.8,25.82,25.83,145700.0,66200.0,0,0,0,0,0,0,333,2026-02-03 00:00:49.384636
RITC,9.51,9.51,9.54,205500.0,213200.0,0,0,0,0,0,0,334,2026-02-03 00:00:50.409503
COMP,25.83,25.82,25.83,145700.0,66200.0,0,0,0,0,0,0,334,2026-02-03 00:00:50.409503
RITC,9.51,9.51,9.53,205500.0,213200.0,0,0,0,0,0,0,335,2026-02-03 00:00:51.431454
COMP,25.83,25.82,25.83,146900.0,66200.0,0,0,0,0,0,0,335,2026-02-03 00:00:51.431454
RITC,9.51,9.51,9.53,204500.0,214100.0,0,0,0,0,0,0,336,2026-02-03 00:00:52.457924
COMP,25.83,25.82,25.83,144900.0,66200.0,0,0,0,0,0,0,336,2026-02-03 00:00:52.457924
RITC,9.51,9.51,9.52,207300.0,214000.0,0,0,0,0,0,0,337,2026-02-03 00:00:53.488211
COMP,25.85,25.82,25.85,144900.0,65300.0,0,0,0,0,0,0,337,2026-02-03 00:00:53.488211
RITC,9.49,9.49,9.52,198700.0,214000.0,0,0,0,0,0,0,338,2026-02-03 00:00:54.514278
COMP,25.85,25.82,25.85,143800.0,65300.0,0,0,0,0,0,0,338,2026-02-03 00:00:54.514278
RITC,9.49,9.49,9.51,198700.0,212600.0,0,0,0,0,0,0,339,2026-02-03 00:00:55.544831
COMP,25.85,25.82,25.85,143500.0,65300.0,0,0,0,0,0,0,339,2026-02-03 00:00:55.544831
RITC,9.58,9.47,9.49,178700.0,5000.0,211800.0,0,0,0,0,0,340,2026-02-03 00:00:56.574650
COMP,25.85,25.82,25.85,142900.0,,65300.0,0,0,0,0,0,340,2026-02-03 00:00:56.574650
RITC,9.47,9.47,9.48,5000.0,169700.0,213200.0,0,0,0,0,0,341,2026-02-03 00:00:57.598089
COMP,25.85,25.86,25.87,,141500.0,64600.0,0,0,0,0,0,341,2026-02-03 00:00:57.598089
RITC,9.48,9.46,9.48,169700.0,5000.0,213200.0,0,0,0,0,0,342,2026-02-03 00:00:58.625116
COMP,25.85,25.86,25.87,139300.0,,64600.0,0,0,0,0,0,342,2026-02-03 00:00:58.625116
RITC,9.48,9.46,9.48,169700.0,5000.0,213800.0,0,0,0,0,0,343,2026-02-03 00:00:59.740497
COMP,25.91,25.86,25.91,139300.0,,65500.0,0,0,0,0,0,343,2026-02-03 00:00:59.740497
RITC,9.48,9.46,9.48,178900.0,5000.0,213800.0,0,0,0,0,0,344,2026-02-03 00:01:00.298281
COMP,25.91,25.86,25.91,138500.0,,65500.0,0,0,0,0,0,344,2026-02-03 00:01:00.298281
RITC,9.48,9.46,9.48,178900.0,5000.0,212700.0,0,0,0,0,0,345,2026-02-03 00:01:01.362933
COMP,25.91,25.95,25.97,138200.0,,65400.0,0,0,0,0,0,345,2026-02-03 00:01:01.362933
RITC,9.47,9.47,9.48,191400.0,5000.0,212700.0,0,0,0,0,0,346,2026-02-03 00:01:02.382730
COMP,25.91,25.95,25.97,139100.0,,65400.0,0,0,0,0,0,346,2026-02-03 00:01:02.382730
RITC,9.48,9.48,9.49,202400.0,5000.0,212000.0,0,0,0,0,0,347,2026-02-03 00:01:03.411498
COMP,25.91,25.95,25.97,138600.0,,65400.0,0,0,0,0,0,347,2026-02-03 00:01:03.411498
RITC,9.49,9.48,9.49,202400.0,5000.0,210800.0,0,0,0,0,0,348,2026-02-03 00:01:04.435534
COMP,25.91,25.95,25.97,136200.0,,65400.0,0,0,0,0,0,348,2026-02-03 00:01:04.435534
RITC,9.48,9.47,9.48,191400.0,5000.0,207600.0,0,0,0,0,0,349,2026-02-03 00:01:05.456098
COMP,25.97,25.95,25.97,135800.0,,65400.0,0,0,0,0,0,349,2026-02-03 00:01:05.456098
RITC,9.48,9.47,9.48,191400.0,5000.0,206200.0,0,0,0,0,0,350,2026-02-03 00:01:06.479576
COMP,25.97,25.95,25.97,135900.0,,65400.0,0,0,0,0,0,350,2026-02-03 00:01:06.479576
RITC,9.48,9.47,9.48,202200.0,5000.0,206200.0,0,0,0,0,0,351,2026-02-03 00:01:07.499745
COMP,26.03,25.95,26.03,135900.0,,66300.0,0,0,0,0,0,351,2026-02-03 00:01:07.499745
RITC,9.46,9.46,9.48,178800.0,5000.0,206200.0,0,0,0,0,0,352,2026-02-03 00:01:08.529723
COMP,26.03,25.99,26.03,135600.0,,66300.0,0,0,0,0,0,352,2026-02-03 00:01:08.529723
RITC,9.46,9.46,9.48,200100.0,5000.0,206200.0,0,0,0,0,0,353,2026-02-03 00:01:09.549595
COMP,26.05,25.99,26.05,135200.0,,64500.0,0,0,0,0,0,353,2026-02-03 00:01:09.549595
RITC,9.46,9.46,9.48,198800.0,5000.0,206200.0,0,0,0,0,0,354,2026-02-03 00:01:10.574455
COMP,26.05,26.06,26.09,136800.0,,63700.0,0,0,0,0,0,354,2026-02-03 00:01:10.574455
RITC,9.48,9.48,9.49,199700.0,5000.0,208100.0,0,0,0,0,0,355,2026-02-03 00:01:11.603809
COMP,26.09,26.1,26.12,139600.0,,62900.0,0,0,0,0,0,355,2026-02-03 00:01:11.603809
RITC,9.48,9.46,9.48,199900.0,5000.0,206800.0,0,0,0,0,0,356,2026-02-03 00:01:12.631953
COMP,26.09,26.1,26.12,140700.0,,62900.0,0,0,0,0,0,356,2026-02-03 00:01:12.631953
RITC,9.48,9.46,9.48,199200.0,5000.0,206700.0,0,0,0,0,0,357,2026-02-03 00:01:13.660403
COMP,26.12,26.14,26.19,141100.0,,64000.0,0,0,0,0,0,357,2026-02-03 00:01:13.660403
RITC,9.48,9.46,9.47,199200.0,5000.0,210400.0,0,0,0,0,0,358,2026-02-03 00:01:14.759693
COMP,26.12,26.16,26.19,142300.0,,64000.0,0,0,0,0,0,358,2026-02-03 00:01:14.759693
RITC,9.46,9.46,9.47,199200.0,5000.0,208200.0,0,0,0,0,0,359,2026-02-03 00:01:15.788586
COMP,26.19,26.19,26.2,138500.0,,64600.0,0,0,0,0,0,359,2026-02-03 00:01:15.788586
RITC,9.47,9.47,9.48,202100.0,5000.0,208900.0,0,0,0,0,0,360,2026-02-03 00:01:16.814904
COMP,26.19,26.19,26.2,137800.0,,64600.0,0,0,0,0,0,360,2026-02-03 00:01:16.814904
RITC,9.46,9.46,9.48,201400.0,5000.0,207100.0,0,0,0,0,0,361,2026-02-03 00:01:17.836105
COMP,26.2,26.19,26.2,139100.0,,65600.0,0,0,0,0,0,361,2026-02-03 00:01:17.836105
RITC,9.46,9.46,9.47,201700.0,5000.0,208900.0,0,0,0,0,0,362,2026-02-03 00:01:18.884410
COMP,26.2,26.19,26.2,137200.0,,66900.0,0,0,0,0,0,362,2026-02-03 00:01:18.884410
RITC,9.46,9.46,9.47,199100.0,5000.0,208900.0,0,0,0,0,0,363,2026-02-03 00:01:19.406127
COMP,26.2,26.19,26.2,137200.0,,66900.0,0,0,0,0,0,363,2026-02-03 00:01:19.406127
RITC,9.48,9.46,9.48,199100.0,5000.0,207700.0,0,0,0,0,0,364,2026-02-03 00:01:20.432151
COMP,26.2,26.19,26.2,136300.0,,66900.0,0,0,0,0,0,364,2026-02-03 00:01:20.432151
RITC,9.46,9.46,9.48,198700.0,5000.0,207700.0,0,0,0,0,0,365,2026-02-03 00:01:21.458720
COMP,26.22,26.19,26.22,135600.0,,67100.0,0,0,0,0,0,365,2026-02-03 00:01:21.458720
RITC,9.46,9.46,9.48,5000.0,199400.0,204100.0,0,0,0,0,0,366,2026-02-03 00:01:22.483802
COMP,26.22,26.19,26.22,,138200.0,67100.0,0,0,0,0,0,366,2026-02-03 00:01:22.483802
RITC,9.48,9.45,9.48,199400.0,5000.0,206300.0,0,0,0,0,0,367,2026-02-03 00:01:23.511651
COMP,26.22,26.21,26.22,137400.0,,67100.0,0,0,0,0,0,367,2026-02-03 00:01:23.511651
RITC,9.49,9.45,9.49,200200.0,5000.0,206800.0,0,0,0,0,0,368,2026-02-03 00:01:24.537851
COMP,26.22,26.21,26.22,137400.0,,67100.0,0,0,0,0,0,368,2026-02-03 00:01:24.537851
RITC,9.49,9.46,9.49,202800.0,5000.0,206800.0,0,0,0,0,0,369,2026-02-03 00:01:25.563598
COMP,26.22,26.24,26.26,138600.0,,66200.0,0,0,0,0,0,369,2026-02-03 00:01:25.563598
RITC,9.49,9.46,9.49,200700.0,5000.0,208300.0,0,0,0,0,0,370,2026-02-03 00:01:26.585505
COMP,26.26,26.24,26.26,138600.0,,66200.0,0,0,0,0,0,370,2026-02-03 00:01:26.585505
RITC,9.49,9.48,9.49,202600.0,5000.0,208300.0,0,0,0,0,0,371,2026-02-03 00:01:27.607642
COMP,26.26,26.26,26.37,137200.0,,65400.0,0,0,0,0,0,371,2026-02-03 00:01:27.607642
RITC,9.49,9.48,9.49,201900.0,5000.0,208300.0,0,0,0,0,0,372,2026-02-03 00:01:28.637655
COMP,26.05,26.28,26.37,137700.0,,65400.0,0,0,0,0,0,372,2026-02-03 00:01:28.637655
RITC,9.49,9.48,9.49,203200.0,5000.0,208000.0,,0,0,0,0,373,2026-02-03 00:01:29.673293
COMP,26.05,26.29,26.37,139800.0,,65400.0,5000.0,0,0,0,0,373,2026-02-03 00:01:29.673293
RITC,9.49,9.48,9.49,204300.0,5000.0,208000.0,,0,0,0,0,374,2026-02-03 00:01:30.699862
COMP,26.37,26.29,26.37,139800.0,,66500.0,5000.0,0,0,0,0,374,2026-02-03 00:01:30.699862
RITC,9.5,9.48,9.5,204300.0,5000.0,209100.0,,0,0,0,0,375,2026-02-03 00:01:31.720010
COMP,26.48,26.32,26.48,137900.0,,66500.0,5000.0,0,0,0,0,375,2026-02-03 00:01:31.720010
RITC,9.51,9.49,9.51,204100.0,5000.0,211200.0,,0,0,0,0,376,2026-02-03 00:01:32.742148
COMP,26.48,26.44,26.48,137300.0,,66500.0,5000.0,0,0,0,0,376,2026-02-03 00:01:32.742148
RITC,9.51,9.49,9.51,201300.0,5000.0,211600.0,,0,0,0,0,377,2026-02-03 00:01:33.768882
COMP,26.48,26.44,26.48,137300.0,,67200.0,5000.0,0,0,0,0,377,2026-02-03 00:01:33.768882
RITC,9.51,9.5,9.51,201600.0,5000.0,215100.0,,0,0,0,0,378,2026-02-03 00:01:34.789342
COMP,26.48,26.44,26.48,137300.0,,67200.0,5000.0,0,0,0,0,378,2026-02-03 00:01:34.789342
RITC,9.52,9.5,9.52,201600.0,5000.0,214000.0,,0,0,0,0,379,2026-02-03 00:01:35.813005
COMP,26.48,26.45,26.48,137700.0,,67200.0,5000.0,0,0,0,0,379,2026-02-03 00:01:35.813005
RITC,9.52,9.5,9.52,201700.0,5000.0,214000.0,,0,0,0,0,380,2026-02-03 00:01:36.842693
COMP,26.48,26.45,26.48,138100.0,,67200.0,5000.0,0,0,0,0,380,2026-02-03 00:01:36.842693
RITC,9.52,9.5,9.52,202700.0,5000.0,214000.0,,0,0,0,0,381,2026-02-03 00:01:37.866131
COMP,26.48,26.47,26.48,138900.0,,74300.0,5000.0,0,0,0,0,381,2026-02-03 00:01:37.866131
RITC,9.52,9.5,9.52,200800.0,5000.0,214000.0,,0,0,0,0,382,2026-02-03 00:01:38.892453
COMP,26.48,26.47,26.48,138000.0,,74300.0,5000.0,0,0,0,0,382,2026-02-03 00:01:38.892453
RITC,9.52,9.51,9.52,201000.0,5000.0,214000.0,,0,0,0,0,383,2026-02-03 00:01:39.914139
COMP,26.47,26.47,26.58,138000.0,,74300.0,5000.0,0,0,0,0,383,2026-02-03 00:01:39.914139
RITC,9.52,9.52,9.53,211600.0,214100.0,,0,0,0,0,0,384,2026-02-03 00:01:40.949803
COMP,26.47,26.47,26.52,138000.0,82100.0,5000.0,0,0,0,0,0,384,2026-02-03 00:01:40.949803
RITC,9.53,9.52,9.53,212100.0,214100.0,,0,0,0,0,0,385,2026-02-03 00:01:41.973428
COMP,26.52,26.48,26.52,140000.0,82100.0,5000.0,0,0,0,0,0,385,2026-02-03 00:01:41.973428
RITC,9.53,9.52,9.53,212100.0,216500.0,,0,0,0,0,0,386,2026-02-03 00:01:42.994309
COMP,26.52,26.52,26.58,141300.0,74300.0,5000.0,0,0,0,0,0,386,2026-02-03 00:01:42.994309
RITC,9.54,9.53,9.54,212400.0,213200.0,,0,0,0,0,0,387,2026-02-03 00:01:44.028313
COMP,26.57,26.57,26.58,142000.0,74300.0,5000.0,0,0,0,0,0,387,2026-02-03 00:01:44.028313
RITC,9.54,9.53,9.54,212400.0,214300.0,,0,0,0,0,0,388,2026-02-03 00:01:44.551739
COMP,26.57,26.57,26.58,139400.0,74300.0,5000.0,0,0,0,0,0,388,2026-02-03 00:01:44.551739
RITC,9.54,9.53,9.54,212600.0,214300.0,,0,0,0,0,0,389,2026-02-03 00:01:45.572640
COMP,26.57,26.57,26.58,137800.0,74300.0,5000.0,0,0,0,0,0,389,2026-02-03 00:01:45.572640
RITC,9.54,9.53,9.54,211000.0,212700.0,,0,0,0,0,0,390,2026-02-03 00:01:46.592156
COMP,26.57,26.57,26.58,137700.0,74300.0,5000.0,0,0,0,0,0,390,2026-02-03 00:01:46.592156
RITC,9.55,9.53,9.55,209200.0,211500.0,,0,0,0,0,0,391,2026-02-03 00:01:47.612944
COMP,26.57,26.57,26.58,138000.0,74300.0,5000.0,0,0,0,0,0,391,2026-02-03 00:01:47.612944
RITC,9.55,9.54,9.55,209200.0,211500.0,0,0,0,0,0,0,392,2026-02-03 00:01:48.631451
COMP,26.58,26.63,26.64,136900.0,68300.0,0,0,0,0,0,0,392,2026-02-03 00:01:48.631451
RITC,9.55,9.54,9.55,209200.0,211000.0,,0,0,0,0,0,393,2026-02-03 00:01:49.652763
COMP,26.58,26.63,26.64,137100.0,68300.0,5000.0,0,0,0,0,0,393,2026-02-03 00:01:49.652763
RITC,9.55,9.54,9.55,208400.0,212600.0,,0,0,0,0,0,394,2026-02-03 00:01:50.674993
COMP,26.58,26.63,26.64,135500.0,74900.0,5000.0,0,0,0,0,0,394,2026-02-03 00:01:50.674993
RITC,9.54,9.54,9.55,208400.0,210900.0,,0,0,0,0,0,395,2026-02-03 00:01:51.700172
COMP,26.64,26.63,26.64,135500.0,74900.0,5000.0,0,0,0,0,0,395,2026-02-03 00:01:51.700172
RITC,9.54,9.54,9.55,208800.0,210900.0,,0,0,0,0,0,396,2026-02-03 00:01:52.725821
COMP,26.64,26.67,26.69,136900.0,67700.0,5000.0,0,0,0,0,0,396,2026-02-03 00:01:52.725821
RITC,9.55,9.54,9.55,208500.0,210800.0,,0,0,0,0,0,397,2026-02-03 00:01:53.748702
COMP,26.64,26.67,26.69,136700.0,67700.0,5000.0,0,0,0,0,0,397,2026-02-03 00:01:53.748702
RITC,9.53,9.53,9.55,206800.0,210800.0,,0,0,0,0,0,398,2026-02-03 00:01:54.773153
COMP,26.69,26.67,26.69,136600.0,66900.0,5000.0,0,0,0,0,0,398,2026-02-03 00:01:54.773153
RITC,9.56,9.53,9.56,208700.0,211400.0,,0,0,0,0,0,399,2026-02-03 00:01:55.807133
COMP,26.69,26.74,26.75,136400.0,66900.0,5000.0,0,0,0,0,0,399,2026-02-03 00:01:55.807133
RITC,9.56,9.53,9.55,209000.0,212100.0,,0,0,0,0,0,400,2026-02-03 00:01:56.835403
COMP,26.66,26.66,26.69,134200.0,74500.0,5000.0,0,0,0,0,0,400,2026-02-03 00:01:56.835403
RITC,9.53,9.53,9.55,207600.0,212100.0,,0,0,0,0,0,401,2026-02-03 00:01:57.871696
COMP,26.66,26.66,26.69,134000.0,74500.0,5000.0,0,0,0,0,0,401,2026-02-03 00:01:57.871696
RITC,9.53,9.53,9.55,209600.0,211000.0,,0,0,0,0,0,402,2026-02-03 00:01:58.908153
COMP,26.66,26.66,26.69,134000.0,80800.0,5000.0,0,0,0,0,0,402,2026-02-03 00:01:58.908153
RITC,9.53,9.53,9.55,209600.0,210600.0,,0,0,0,0,0,403,2026-02-03 00:01:59.936212
COMP,26.66,26.66,26.69,132000.0,86000.0,5000.0,0,0,0,0,0,403,2026-02-03 00:01:59.936212
RITC,9.53,9.53,9.55,209600.0,213000.0,,0,0,0,0,0,404,2026-02-03 00:02:00.964692
COMP,26.66,26.66,26.69,132000.0,86000.0,5000.0,0,0,0,0,0,404,2026-02-03 00:02:00.964692
RITC,9.53,9.53,9.55,209600.0,212000.0,,0,0,0,0,0,405,2026-02-03 00:02:01.989193
COMP,26.64,26.64,26.69,133600.0,86000.0,5000.0,0,0,0,0,0,405,2026-02-03 00:02:01.989193
RITC,9.53,9.53,9.55,209600.0,212200.0,,0,0,0,0,0,406,2026-02-03 00:02:03.018152
COMP,26.67,26.64,26.67,133600.0,93600.0,5000.0,0,0,0,0,0,406,2026-02-03 00:02:03.018152
RITC,9.53,9.53,9.55,207100.0,211400.0,,0,0,0,0,0,407,2026-02-03 00:02:04.047861
COMP,26.63,26.63,26.67,133800.0,93600.0,5000.0,0,0,0,0,0,407,2026-02-03 00:02:04.047861
RITC,9.53,9.53,9.54,207100.0,212600.0,,0,0,0,0,0,408,2026-02-03 00:02:05.067738
COMP,26.63,26.63,26.67,133700.0,101200.0,5000.0,0,0,0,0,0,408,2026-02-03 00:02:05.067738
RITC,9.53,9.53,9.54,205900.0,210800.0,,0,0,0,0,0,409,2026-02-03 00:02:06.089807
COMP,26.63,26.63,26.67,133700.0,108300.0,5000.0,0,0,0,0,0,409,2026-02-03 00:02:06.089807
RITC,9.53,9.53,9.54,209200.0,209700.0,,0,0,0,0,0,410,2026-02-03 00:02:07.116326
COMP,26.63,26.63,26.67,133600.0,108300.0,5000.0,0,0,0,0,0,410,2026-02-03 00:02:07.116326
RITC,9.53,9.53,9.54,207400.0,209700.0,,0,0,0,0,0,411,2026-02-03 00:02:08.138668
COMP,26.63,26.63,26.67,134400.0,108300.0,5000.0,0,0,0,0,0,411,2026-02-03 00:02:08.138668
RITC,9.53,9.53,9.54,204900.0,208200.0,,0,0,0,0,0,412,2026-02-03 00:02:09.164450
COMP,26.63,26.63,26.67,134400.0,114900.0,5000.0,0,0,0,0,0,412,2026-02-03 00:02:09.164450
RITC,9.54,9.53,9.54,204900.0,211600.0,,0,0,0,0,0,413,2026-02-03 00:02:09.692444
COMP,26.62,26.62,26.67,132900.0,114900.0,5000.0,0,0,0,0,0,413,2026-02-03 00:02:09.692444
RITC,9.54,9.53,9.54,204800.0,211600.0,,0,0,0,0,0,414,2026-02-03 00:02:10.715659
COMP,26.62,26.62,26.65,134000.0,120800.0,5000.0,0,0,0,0,0,414,2026-02-03 00:02:10.715659
RITC,9.55,9.53,9.55,204300.0,211700.0,,0,0,0,0,0,415,2026-02-03 00:02:11.738144
COMP,26.61,26.61,26.65,135700.0,120800.0,5000.0,0,0,0,0,0,415,2026-02-03 00:02:11.738144
RITC,9.55,9.53,9.55,204300.0,208500.0,,0,0,0,0,0,416,2026-02-03 00:02:12.773793
COMP,26.67,26.61,26.65,135700.0,114700.0,5000.0,0,0,0,0,0,416,2026-02-03 00:02:12.773793
RITC,9.55,9.53,9.55,204300.0,207300.0,,0,0,0,0,0,417,2026-02-03 00:02:13.855981
COMP,26.67,26.61,26.62,135700.0,127700.0,5000.0,0,0,0,0,0,417,2026-02-03 00:02:13.855981
RITC,9.55,9.53,9.55,204300.0,207800.0,,0,0,0,0,0,418,2026-02-03 00:02:14.882823
COMP,26.61,26.6,26.61,138100.0,130200.0,5000.0,0,0,0,0,0,418,2026-02-03 00:02:14.882823
RITC,9.55,9.54,9.55,207000.0,207800.0,,0,0,0,0,0,419,2026-02-03 00:02:15.943436
COMP,26.57,26.57,26.61,138400.0,130200.0,5000.0,0,0,0,0,0,419,2026-02-03 00:02:15.943436
RITC,9.55,9.54,9.55,207400.0,207800.0,,0,0,0,0,0,420,2026-02-03 00:02:16.962200
COMP,26.57,26.57,26.61,138400.0,130200.0,5000.0,0,0,0,0,0,420,2026-02-03 00:02:16.962200
RITC,9.55,9.54,9.55,209900.0,207300.0,,0,0,0,0,0,421,2026-02-03 00:02:17.987427
COMP,26.57,26.57,26.59,138400.0,129700.0,5000.0,0,0,0,0,0,421,2026-02-03 00:02:17.987427
RITC,9.55,9.54,9.55,210200.0,207300.0,,0,0,0,0,0,422,2026-02-03 00:02:19.016254
COMP,26.61,26.57,26.61,138400.0,130100.0,5000.0,0,0,0,0,0,422,2026-02-03 00:02:19.016254
RITC,9.55,9.54,9.55,210200.0,207300.0,,0,0,0,0,0,423,2026-02-03 00:02:20.042883
COMP,26.57,26.56,26.6,137800.0,129200.0,5000.0,0,0,0,0,0,423,2026-02-03 00:02:20.042883
RITC,9.55,9.54,9.55,210200.0,210300.0,,0,0,0,0,0,424,2026-02-03 00:02:21.082005
COMP,26.57,26.56,26.6,138500.0,129200.0,5000.0,0,0,0,0,0,424,2026-02-03 00:02:21.082005
RITC,9.55,9.54,9.55,209800.0,208900.0,,0,0,0,0,0,425,2026-02-03 00:02:22.103410
COMP,26.61,26.57,26.61,138500.0,130100.0,5000.0,0,0,0,0,0,425,2026-02-03 00:02:22.103410
RITC,9.56,9.55,9.56,210300.0,215800.0,,0,0,0,0,0,426,2026-02-03 00:02:23.137367
COMP,26.61,26.6,26.61,138600.0,130100.0,5000.0,0,0,0,0,0,426,2026-02-03 00:02:23.137367
RITC,9.54,9.54,9.56,209800.0,214800.0,,0,0,0,0,0,427,2026-02-03 00:02:24.161094
COMP,26.61,26.6,26.61,136900.0,130100.0,5000.0,0,0,0,0,0,427,2026-02-03 00:02:24.161094
RITC,9.54,9.54,9.55,208500.0,212100.0,,0,0,0,0,0,428,2026-02-03 00:02:25.182581
COMP,26.62,26.6,26.62,136900.0,129200.0,5000.0,0,0,0,0,0,428,2026-02-03 00:02:25.182581
RITC,9.54,9.54,9.55,203900.0,212100.0,,0,0,0,0,0,429,2026-02-03 00:02:26.216058
COMP,26.62,26.6,26.62,136400.0,129200.0,5000.0,0,0,0,0,0,429,2026-02-03 00:02:26.216058
RITC,9.54,9.54,9.55,204400.0,212100.0,,0,0,0,0,0,430,2026-02-03 00:02:27.247975
COMP,26.6,26.6,26.62,136400.0,128000.0,5000.0,0,0,0,0,0,430,2026-02-03 00:02:27.247975
RITC,9.56,9.53,9.56,203800.0,214800.0,,0,0,0,0,0,431,2026-02-03 00:02:28.272179
COMP,26.62,26.64,26.65,137200.0,128700.0,5000.0,0,0,0,0,0,431,2026-02-03 00:02:28.272179
RITC,9.56,9.54,9.56,203300.0,214800.0,,0,0,0,0,0,432,2026-02-03 00:02:28.792382
COMP,26.65,26.64,26.65,137200.0,128700.0,5000.0,0,0,0,0,0,432,2026-02-03 00:02:28.792382
RITC,9.56,9.54,9.56,204200.0,212400.0,,0,0,0,0,0,433,2026-02-03 00:02:29.817283
COMP,26.63,26.63,26.65,136500.0,128700.0,5000.0,0,0,0,0,0,433,2026-02-03 00:02:29.817283
RITC,9.56,9.54,9.56,204200.0,212300.0,,0,0,0,0,0,434,2026-02-03 00:02:30.840134
COMP,26.63,26.63,26.65,136900.0,128700.0,5000.0,0,0,0,0,0,434,2026-02-03 00:02:30.840134
RITC,9.56,9.55,9.56,204900.0,212300.0,,0,0,0,0,0,435,2026-02-03 00:02:31.908865
COMP,26.63,26.63,26.65,136300.0,127700.0,5000.0,0,0,0,0,0,435,2026-02-03 00:02:31.908865
RITC,9.56,9.55,9.56,204000.0,211700.0,,0,0,0,0,0,436,2026-02-03 00:02:32.933305
COMP,26.63,26.63,26.66,136300.0,127900.0,5000.0,0,0,0,0,0,436,2026-02-03 00:02:32.933305
RITC,9.56,9.55,9.56,205100.0,213800.0,,0,0,0,0,0,437,2026-02-03 00:02:33.957187
COMP,26.66,26.63,26.66,136300.0,129500.0,5000.0,0,0,0,0,0,437,2026-02-03 00:02:33.957187
RITC,9.48,9.55,9.56,205100.0,214400.0,,0,0,0,0,0,438,2026-02-03 00:02:34.985412
COMP,26.66,26.63,26.66,137600.0,127700.0,5000.0,0,0,0,0,0,438,2026-02-03 00:02:34.985412
RITC,9.54,9.54,9.56,205400.0,212000.0,,0,0,0,0,0,439,2026-02-03 00:02:36.003364
COMP,26.67,26.63,26.67,137600.0,128600.0,5000.0,0,0,0,0,0,439,2026-02-03 00:02:36.003364
RITC,9.54,9.54,9.56,205400.0,211300.0,,0,0,0,0,0,440,2026-02-03 00:02:37.029171
COMP,26.68,26.63,26.68,138800.0,127200.0,5000.0,0,0,0,0,0,440,2026-02-03 00:02:37.029171
RITC,9.56,9.54,9.56,207700.0,211700.0,,0,0,0,0,0,441,2026-02-03 00:02:38.055448
COMP,26.68,26.65,26.68,137100.0,127200.0,5000.0,0,0,0,0,0,441,2026-02-03 00:02:38.055448
RITC,9.56,9.54,9.56,207700.0,208700.0,,0,0,0,0,0,442,2026-02-03 00:02:39.077516
COMP,26.68,26.65,26.68,137100.0,119600.0,5000.0,0,0,0,0,0,442,2026-02-03 00:02:39.077516
RITC,9.54,9.53,9.54,205700.0,206900.0,,0,0,0,0,0,443,2026-02-03 00:02:40.102820
COMP,26.68,26.68,26.69,135700.0,106600.0,5000.0,0,0,0,0,0,443,2026-02-03 00:02:40.102820
RITC,9.55,9.53,9.55,205700.0,208400.0,,0,0,0,0,0,444,2026-02-03 00:02:41.151774
COMP,26.7,26.68,26.7,133700.0,99000.0,5000.0,0,0,0,0,0,444,2026-02-03 00:02:41.151774
RITC,9.55,9.53,9.54,205700.0,214800.0,,0,0,0,0,0,445,2026-02-03 00:02:42.176788
COMP,26.7,26.68,26.7,134200.0,99000.0,5000.0,0,0,0,0,0,445,2026-02-03 00:02:42.176788
RITC,9.54,9.53,9.54,205700.0,213900.0,,0,0,0,0,0,446,2026-02-03 00:02:43.201163
COMP,26.65,26.65,26.7,135000.0,99000.0,5000.0,0,0,0,0,0,446,2026-02-03 00:02:43.201163
RITC,9.56,9.53,9.56,205700.0,212800.0,,0,0,0,0,0,447,2026-02-03 00:02:44.230848
COMP,26.65,26.65,26.7,133800.0,99000.0,5000.0,0,0,0,0,0,447,2026-02-03 00:02:44.230848
RITC,9.53,9.53,9.56,205600.0,211600.0,,0,0,0,0,0,448,2026-02-03 00:02:45.251717
COMP,26.65,26.65,26.7,133100.0,99000.0,5000.0,0,0,0,0,0,448,2026-02-03 00:02:45.251717
RITC,9.53,9.53,9.54,204400.0,210600.0,,0,0,0,0,0,449,2026-02-03 00:02:46.274949
COMP,26.65,26.65,26.67,133100.0,105000.0,5000.0,0,0,0,0,0,449,2026-02-03 00:02:46.274949
RITC,9.53,9.53,9.54,204400.0,213400.0,,0,0,0,0,0,450,2026-02-03 00:02:47.296063
COMP,26.65,26.65,26.67,133100.0,111000.0,5000.0,0,0,0,0,0,450,2026-02-03 00:02:47.296063
RITC,9.53,9.53,9.54,204400.0,215800.0,,0,0,0,0,0,451,2026-02-03 00:02:48.314086
COMP,26.7,26.65,26.7,130700.0,105000.0,5000.0,0,0,0,0,0,451,2026-02-03 00:02:48.314086
RITC,9.53,9.53,9.54,200800.0,215800.0,,0,0,0,0,0,452,2026-02-03 00:02:49.340632
COMP,26.7,26.67,26.7,131500.0,105000.0,5000.0,0,0,0,0,0,452,2026-02-03 00:02:49.340632
RITC,9.53,9.53,9.54,203200.0,215800.0,,0,0,0,0,0,453,2026-02-03 00:02:50.363384
COMP,26.72,26.67,26.72,131500.0,98400.0,5000.0,0,0,0,0,0,453,2026-02-03 00:02:50.363384
RITC,9.53,9.53,9.54,203500.0,215800.0,,0,0,0,0,0,454,2026-02-03 00:02:51.397110
COMP,26.68,26.68,26.72,129500.0,98400.0,5000.0,0,0,0,0,0,454,2026-02-03 00:02:51.397110
RITC,9.52,9.52,9.54,204500.0,215800.0,,0,0,0,0,0,455,2026-02-03 00:02:52.424683
COMP,26.68,26.68,26.72,129300.0,98400.0,5000.0,0,0,0,0,0,455,2026-02-03 00:02:52.424683
RITC,9.52,9.52,9.54,205700.0,215800.0,,0,0,0,0,0,456,2026-02-03 00:02:53.457430
COMP,26.75,26.68,26.75,131500.0,92100.0,5000.0,0,0,0,0,0,456,2026-02-03 00:02:53.457430
RITC,9.52,9.52,9.54,205000.0,215800.0,,0,0,0,0,0,457,2026-02-03 00:02:53.986971
COMP,26.75,26.68,26.75,132000.0,92100.0,5000.0,0,0,0,0,0,457,2026-02-03 00:02:53.986971
RITC,9.52,9.52,9.54,204200.0,215800.0,,0,0,0,0,0,458,2026-02-03 00:02:55.009842
COMP,26.75,26.74,26.75,131500.0,92100.0,5000.0,0,0,0,0,0,458,2026-02-03 00:02:55.009842
RITC,9.52,9.52,9.54,204200.0,215800.0,,0,0,0,0,0,459,2026-02-03 00:02:56.031490
COMP,26.75,26.68,26.75,131600.0,85800.0,5000.0,0,0,0,0,0,459,2026-02-03 00:02:56.031490
RITC,9.52,9.52,9.53,204200.0,216800.0,,0,0,0,0,0,460,2026-02-03 00:02:57.063059
COMP,26.76,26.68,26.76,131600.0,80000.0,5000.0,0,0,0,0,0,460,2026-02-03 00:02:57.063059
RITC,9.52,9.52,9.53,204200.0,216800.0,,0,0,0,0,0,461,2026-02-03 00:02:58.083955
COMP,26.76,26.68,26.76,133000.0,80000.0,5000.0,0,0,0,0,0,461,2026-02-03 00:02:58.083955
RITC,9.52,9.52,9.53,202200.0,217200.0,,0,0,0,0,0,462,2026-02-03 00:02:59.110126
COMP,26.76,26.68,26.76,133200.0,80000.0,5000.0,0,0,0,0,0,462,2026-02-03 00:02:59.110126
RITC,9.52,9.52,9.53,205000.0,215300.0,,0,0,0,0,0,463,2026-02-03 00:03:00.135591
COMP,26.76,26.68,26.76,131600.0,74000.0,5000.0,0,0,0,0,0,463,2026-02-03 00:03:00.135591
RITC,9.52,9.52,9.53,205000.0,211800.0,,0,0,0,0,0,464,2026-02-03 00:03:01.160128
COMP,26.76,26.75,26.76,130500.0,74000.0,5000.0,0,0,0,0,0,464,2026-02-03 00:03:01.160128
RITC,9.51,9.51,9.53,206700.0,211800.0,,0,0,0,0,0,465,2026-02-03 00:03:02.201403
COMP,26.78,26.75,26.78,130500.0,74000.0,5000.0,0,0,0,0,0,465,2026-02-03 00:03:02.201403
RITC,9.51,9.51,9.52,206700.0,214300.0,,0,0,0,0,0,466,2026-02-03 00:03:03.247570
COMP,26.78,26.75,26.78,128900.0,74000.0,5000.0,0,0,0,0,0,466,2026-02-03 00:03:03.247570
RITC,9.51,9.51,9.52,210100.0,214300.0,,0,0,0,0,0,467,2026-02-03 00:03:04.271449
COMP,26.78,26.76,26.78,129200.0,74000.0,5000.0,0,0,0,0,0,467,2026-02-03 00:03:04.271449
RITC,9.51,9.51,9.52,209900.0,220400.0,0,0,0,0,0,0,468,2026-02-03 00:03:05.313450
COMP,26.78,26.81,26.83,130200.0,66900.0,0,0,0,0,0,0,468,2026-02-03 00:03:05.313450
RITC,9.51,9.51,9.52,212100.0,220400.0,,0,0,0,0,0,469,2026-02-03 00:03:06.339364
COMP,26.78,26.81,26.83,130200.0,66900.0,5000.0,0,0,0,0,0,469,2026-02-03 00:03:06.339364
RITC,9.51,9.51,9.52,212100.0,220000.0,,0,0,0,0,0,470,2026-02-03 00:03:07.367242
COMP,26.83,26.81,26.83,130500.0,66900.0,5000.0,0,0,0,0,0,470,2026-02-03 00:03:07.367242
RITC,9.5,9.5,9.52,208300.0,219500.0,,0,0,0,0,0,471,2026-02-03 00:03:08.391301
COMP,26.83,26.81,26.83,130300.0,66900.0,5000.0,0,0,0,0,0,471,2026-02-03 00:03:08.391301
RITC,9.5,9.5,9.52,207000.0,219500.0,,0,0,0,0,0,472,2026-02-03 00:03:09.410733
COMP,26.83,26.81,26.83,130800.0,67100.0,5000.0,0,0,0,0,0,472,2026-02-03 00:03:09.410733
RITC,9.5,9.5,9.52,196500.0,5000.0,219500.0,,0,0,0,0,473,2026-02-03 00:03:10.433511
COMP,26.87,26.81,26.87,130800.0,,67100.0,5000.0,0,0,0,0,473,2026-02-03 00:03:10.433511
RITC,9.5,9.5,9.52,196500.0,5000.0,217000.0,,0,0,0,0,474,2026-02-03 00:03:11.455897
COMP,26.87,26.81,26.87,129800.0,,67100.0,5000.0,0,0,0,0,474,2026-02-03 00:03:11.455897
RITC,9.5,9.5,9.51,197500.0,5000.0,217200.0,,0,0,0,0,475,2026-02-03 00:03:12.475352
COMP,26.87,26.81,26.87,129400.0,,67100.0,5000.0,0,0,0,0,475,2026-02-03 00:03:12.475352
RITC,9.5,9.5,9.51,197500.0,5000.0,217100.0,,0,0,0,0,476,2026-02-03 00:03:13.515507
COMP,26.87,26.81,26.87,128300.0,,67100.0,5000.0,0,0,0,0,476,2026-02-03 00:03:13.515507
RITC,9.5,9.5,9.51,197500.0,5000.0,213100.0,,0,0,0,0,477,2026-02-03 00:03:14.539617
COMP,26.87,26.81,26.87,128100.0,,67100.0,5000.0,0,0,0,0,477,2026-02-03 00:03:14.539617
RITC,9.5,9.5,9.51,204900.0,5000.0,213100.0,,0,0,0,0,478,2026-02-03 00:03:15.069638
COMP,26.87,26.81,26.87,128100.0,,67100.0,5000.0,0,0,0,0,478,2026-02-03 00:03:15.069638
RITC,9.5,9.49,9.5,204600.0,5000.0,211700.0,,0,0,0,0,479,2026-02-03 00:03:16.095172
COMP,26.87,26.81,26.87,126400.0,,67100.0,5000.0,0,0,0,0,479,2026-02-03 00:03:16.095172
RITC,9.48,9.48,9.5,204200.0,5000.0,211700.0,,0,0,0,0,480,2026-02-03 00:03:17.129171
COMP,26.87,26.81,26.87,126400.0,,68200.0,5000.0,0,0,0,0,480,2026-02-03 00:03:17.129171
RITC,9.48,9.48,9.49,204500.0,5000.0,211600.0,,0,0,0,0,481,2026-02-03 00:03:18.161606
COMP,26.87,26.85,26.87,128300.0,,68200.0,5000.0,0,0,0,0,481,2026-02-03 00:03:18.161606
RITC,9.48,9.48,9.49,202100.0,5000.0,207800.0,,0,0,0,0,482,2026-02-03 00:03:19.191118
COMP,26.87,26.85,26.87,128300.0,,69100.0,5000.0,0,0,0,0,482,2026-02-03 00:03:19.191118
RITC,9.47,9.47,9.48,204000.0,5000.0,207300.0,,0,0,0,0,483,2026-02-03 00:03:20.213989
COMP,26.89,26.87,26.89,129000.0,,69100.0,5000.0,0,0,0,0,483,2026-02-03 00:03:20.213989
RITC,9.47,9.47,9.48,205300.0,5000.0,205900.0,,0,0,0,0,484,2026-02-03 00:03:21.241092
COMP,26.89,26.87,26.89,130300.0,,69100.0,5000.0,0,0,0,0,484,2026-02-03 00:03:21.241092
RITC,9.47,9.47,9.48,204200.0,5000.0,205900.0,,0,0,0,0,485,2026-02-03 00:03:22.262906
COMP,26.9,26.89,26.9,130500.0,,68300.0,5000.0,0,0,0,0,485,2026-02-03 00:03:22.262906
RITC,9.46,9.46,9.47,203300.0,5000.0,205100.0,,0,0,0,0,486,2026-02-03 00:03:23.289161
COMP,26.9,26.89,26.9,130500.0,,68500.0,5000.0,0,0,0,0,486,2026-02-03 00:03:23.289161
RITC,9.46,9.46,9.47,204300.0,5000.0,205100.0,,0,0,0,0,487,2026-02-03 00:03:24.313788
COMP,26.9,26.89,26.9,128500.0,,69100.0,5000.0,0,0,0,0,487,2026-02-03 00:03:24.313788
RITC,9.46,9.46,9.47,202100.0,5000.0,205000.0,,0,0,0,0,488,2026-02-03 00:03:25.347395
COMP,26.91,26.89,26.91,128500.0,,69100.0,5000.0,0,0,0,0,488,2026-02-03 00:03:25.347395
RITC,9.46,9.45,9.46,201200.0,5000.0,202800.0,,0,0,0,0,489,2026-02-03 00:03:26.368026
COMP,26.91,26.89,26.91,128900.0,,69100.0,5000.0,0,0,0,0,489,2026-02-03 00:03:26.368026
RITC,9.45,9.44,9.45,220300.0,205700.0,0,0,0,0,0,0,490,2026-02-03 00:03:27.397611
COMP,26.92,26.89,26.92,128900.0,69800.0,0,0,0,0,0,0,490,2026-02-03 00:03:27.397611
RITC,9.45,9.44,9.45,220300.0,196500.0,5000.0,0,0,0,0,0,491,2026-02-03 00:03:28.425384
COMP,26.92,26.89,26.92,129600.0,69800.0,1000.0,0,0,0,0,0,491,2026-02-03 00:03:28.425384
RITC,9.44,9.44,9.45,223800.0,195700.0,5000.0,0,0,0,0,0,492,2026-02-03 00:03:29.451557
COMP,26.92,26.89,26.92,130200.0,69800.0,1000.0,0,0,0,0,0,492,2026-02-03 00:03:29.451557
RITC,9.44,9.44,9.45,222900.0,194500.0,5000.0,0,0,0,0,0,493,2026-02-03 00:03:30.483687
COMP,26.92,26.92,26.95,129000.0,69800.0,,0,0,0,0,0,493,2026-02-03 00:03:30.483687
RITC,9.43,9.43,9.45,201100.0,194500.0,5000.0,0,0,0,0,0,494,2026-02-03 00:03:31.508100
COMP,26.92,26.92,26.95,128900.0,69800.0,,0,0,0,0,0,494,2026-02-03 00:03:31.508100
RITC,9.43,9.43,9.45,201100.0,197000.0,5000.0,0,0,0,0,0,495,2026-02-03 00:03:32.534290
COMP,26.92,26.92,26.95,130400.0,69800.0,,0,0,0,0,0,495,2026-02-03 00:03:32.534290
RITC,9.43,9.43,9.45,201100.0,196500.0,5000.0,0,0,0,0,0,496,2026-02-03 00:03:33.563292
COMP,26.95,26.93,26.95,132700.0,69800.0,,0,0,0,0,0,496,2026-02-03 00:03:33.563292
RITC,9.38,9.38,9.45,178700.0,196500.0,5000.0,0,0,0,0,0,497,2026-02-03 00:03:34.590649
COMP,27.0,26.93,26.98,132700.0,67900.0,,0,0,0,0,0,497,2026-02-03 00:03:34.590649
RITC,9.38,9.38,9.43,178700.0,197800.0,5000.0,0,0,0,0,0,498,2026-02-03 00:03:35.621177
COMP,27.0,26.93,26.98,132600.0,67900.0,,0,0,0,0,0,498,2026-02-03 00:03:35.621177
RITC,9.38,9.38,9.43,178700.0,200600.0,5000.0,0,0,0,0,0,499,2026-02-03 00:03:36.657525
COMP,27.0,26.96,26.98,132400.0,67900.0,,0,0,0,0,0,499,2026-02-03 00:03:36.657525
RITC,9.38,9.38,9.42,178700.0,197800.0,5000.0,0,0,0,0,0,500,2026-02-03 00:03:37.182575
COMP,26.98,26.96,26.98,132400.0,67900.0,,0,0,0,0,0,500,2026-02-03 00:03:37.182575
RITC,9.38,9.38,9.39,178700.0,198000.0,5000.0,0,0,0,0,0,501,2026-02-03 00:03:38.212175
COMP,27.07,26.96,27.07,132400.0,68800.0,,0,0,0,0,0,501,2026-02-03 00:03:38.212175
RITC,9.34,9.34,9.38,158300.0,196900.0,5000.0,0,0,0,0,0,502,2026-02-03 00:03:39.244415
COMP,27.07,26.99,27.03,130500.0,75100.0,,0,0,0,0,0,502,2026-02-03 00:03:39.244415
RITC,9.34,9.34,9.38,146700.0,196900.0,5000.0,0,0,0,0,0,503,2026-02-03 00:03:40.268617
COMP,27.07,26.99,27.03,129300.0,75100.0,,0,0,0,0,0,503,2026-02-03 00:03:40.268617
RITC,9.34,9.34,9.35,146700.0,196200.0,5000.0,0,0,0,0,0,504,2026-02-03 00:03:41.296152
COMP,27.07,26.99,27.03,129300.0,82000.0,,0,0,0,0,0,504,2026-02-03 00:03:41.296152
RITC,9.31,9.31,9.35,134600.0,199000.0,5000.0,0,0,0,0,0,505,2026-02-03 00:03:42.316095
COMP,27.03,26.99,27.02,129300.0,81100.0,,0,0,0,0,0,505,2026-02-03 00:03:42.316095
RITC,9.31,9.29,9.31,113400.0,199100.0,5000.0,0,0,0,0,0,506,2026-02-03 00:03:43.339416
COMP,27.03,26.99,27.02,129600.0,88300.0,,0,0,0,0,0,506,2026-02-03 00:03:43.339416
RITC,9.31,9.29,9.31,113400.0,198800.0,5000.0,0,0,0,0,0,507,2026-02-03 00:03:44.368864
COMP,26.99,26.99,27.02,129600.0,88300.0,,0,0,0,0,0,507,2026-02-03 00:03:44.368864
RITC,9.29,9.28,9.3,113400.0,197600.0,5000.0,0,0,0,0,0,508,2026-02-03 00:03:45.444453
COMP,27.02,27.06,27.07,129600.0,82900.0,,0,0,0,0,0,508,2026-02-03 00:03:45.444453
RITC,9.26,9.26,9.27,112200.0,198700.0,5000.0,0,0,0,0,0,509,2026-02-03 00:03:46.498649
COMP,27.07,26.98,27.07,129600.0,75600.0,,0,0,0,0,0,509,2026-02-03 00:03:46.498649
RITC,9.27,9.24,9.27,113000.0,198700.0,5000.0,0,0,0,0,0,510,2026-02-03 00:03:47.528774
COMP,27.07,26.98,27.01,129600.0,87200.0,,0,0,0,0,0,510,2026-02-03 00:03:47.528774
RITC,9.24,9.23,9.24,121000.0,200500.0,5000.0,0,0,0,0,0,511,2026-02-03 00:03:48.566321
COMP,26.96,26.96,27.01,131700.0,87200.0,,0,0,0,0,0,511,2026-02-03 00:03:48.566321
RITC,9.24,9.23,9.24,145200.0,200500.0,5000.0,0,0,0,0,0,512,2026-02-03 00:03:49.601386
COMP,26.96,26.99,27.01,131500.0,92500.0,,0,0,0,0,0,512,2026-02-03 00:03:49.601386
RITC,9.24,9.23,9.24,167800.0,200500.0,5000.0,0,0,0,0,0,513,2026-02-03 00:03:50.623753
COMP,26.96,26.99,27.0,131500.0,99800.0,,0,0,0,0,0,513,2026-02-03 00:03:50.623753
RITC,9.24,9.23,9.24,191700.0,200500.0,5000.0,0,0,0,0,0,514,2026-02-03 00:03:51.649307
COMP,26.99,26.99,27.0,131600.0,99800.0,,0,0,0,0,0,514,2026-02-03 00:03:51.649307
RITC,9.24,9.23,9.24,203300.0,200500.0,5000.0,0,0,0,0,0,515,2026-02-03 00:03:52.675128
COMP,27.0,26.99,27.0,131600.0,99800.0,,0,0,0,0,0,515,2026-02-03 00:03:52.675128
RITC,9.27,9.27,9.3,224200.0,197600.0,5000.0,0,0,0,0,0,516,2026-02-03 00:03:53.697244
COMP,27.0,26.99,27.0,131600.0,111500.0,,0,0,0,0,0,516,2026-02-03 00:03:53.697244
RITC,9.27,9.27,9.3,223400.0,196500.0,5000.0,0,0,0,0,0,517,2026-02-03 00:03:54.720971
COMP,27.0,26.99,27.0,131600.0,104200.0,,0,0,0,0,0,517,2026-02-03 00:03:54.720971
RITC,9.27,9.29,9.3,220700.0,194700.0,5000.0,0,0,0,0,0,518,2026-02-03 00:03:55.743229
COMP,26.93,26.93,27.0,132200.0,104200.0,,0,0,0,0,0,518,2026-02-03 00:03:55.743229
RITC,9.3,9.3,9.31,220600.0,197100.0,5000.0,0,0,0,0,0,519,2026-02-03 00:03:56.762864
COMP,26.93,26.93,27.0,132200.0,104200.0,,0,0,0,0,0,519,2026-02-03 00:03:56.762864
RITC,9.29,9.27,9.29,223400.0,200800.0,5000.0,0,0,0,0,0,520,2026-02-03 00:03:57.789732
COMP,26.93,26.92,26.93,131700.0,111900.0,,0,0,0,0,0,520,2026-02-03 00:03:57.789732
RITC,9.29,9.27,9.29,224300.0,200800.0,5000.0,0,0,0,0,0,521,2026-02-03 00:03:58.320445
COMP,26.92,26.92,26.93,132200.0,111900.0,,0,0,0,0,0,521,2026-02-03 00:03:58.320445
RITC,9.31,9.28,9.31,228200.0,196600.0,5000.0,0,0,0,0,0,522,2026-02-03 00:03:59.348334
COMP,26.93,26.92,26.93,132200.0,111900.0,,0,0,0,0,0,522,2026-02-03 00:03:59.348334
RITC,9.31,9.29,9.31,233800.0,196600.0,5000.0,0,0,0,0,0,523,2026-02-03 00:04:00.375301
COMP,26.91,26.91,26.93,129600.0,111900.0,,0,0,0,0,0,523,2026-02-03 00:04:00.375301
RITC,9.3,9.3,9.31,233100.0,196600.0,5000.0,0,0,0,0,0,524,2026-02-03 00:04:01.402503
COMP,26.91,26.91,26.93,129600.0,117800.0,,0,0,0,0,0,524,2026-02-03 00:04:01.402503
RITC,9.31,9.3,9.31,233100.0,197300.0,5000.0,0,0,0,0,0,525,2026-02-03 00:04:02.424572
COMP,27.01,26.91,26.95,129600.0,111900.0,,0,0,0,0,0,525,2026-02-03 00:04:02.424572
RITC,9.32,9.3,9.32,233100.0,196800.0,5000.0,0,0,0,0,0,526,2026-02-03 00:04:03.449509
COMP,26.91,26.89,26.9,131200.0,119700.0,,0,0,0,0,0,526,2026-02-03 00:04:03.449509
RITC,9.32,9.32,9.34,233000.0,199700.0,5000.0,0,0,0,0,0,527,2026-02-03 00:04:04.477207
COMP,26.9,26.93,26.95,131500.0,111900.0,,0,0,0,0,0,527,2026-02-03 00:04:04.477207
RITC,9.32,9.3,9.31,233100.0,200700.0,5000.0,0,0,0,0,0,528,2026-02-03 00:04:05.509098
COMP,26.93,26.89,26.93,130500.0,119700.0,,0,0,0,0,0,528,2026-02-03 00:04:05.509098
RITC,9.29,9.28,9.29,231600.0,200600.0,5000.0,0,0,0,0,0,529,2026-02-03 00:04:06.542152
COMP,26.93,26.89,26.93,129800.0,125400.0,,0,0,0,0,0,529,2026-02-03 00:04:06.542152
RITC,9.28,9.28,9.29,231600.0,200900.0,5000.0,0,0,0,0,0,530,2026-02-03 00:04:07.567900
COMP,26.93,26.9,26.93,130200.0,125400.0,,0,0,0,0,0,530,2026-02-03 00:04:07.567900
RITC,9.28,9.28,9.29,230000.0,200900.0,5000.0,0,0,0,0,0,531,2026-02-03 00:04:08.595672
COMP,26.95,26.9,26.95,128100.0,117600.0,,0,0,0,0,0,531,2026-02-03 00:04:08.595672
RITC,9.29,9.3,9.31,230400.0,200700.0,5000.0,0,0,0,0,0,532,2026-02-03 00:04:09.618110
COMP,26.9,26.89,26.9,129400.0,124500.0,,0,0,0,0,0,532,2026-02-03 00:04:09.618110
RITC,9.27,9.27,9.3,226500.0,200800.0,5000.0,0,0,0,0,0,533,2026-02-03 00:04:10.655462
COMP,26.9,26.89,26.9,129100.0,124500.0,,0,0,0,0,0,533,2026-02-03 00:04:10.655462
RITC,9.27,9.27,9.3,228300.0,200000.0,5000.0,0,0,0,0,0,534,2026-02-03 00:04:11.683657
COMP,26.9,26.89,26.9,129600.0,124500.0,,0,0,0,0,0,534,2026-02-03 00:04:11.683657
RITC,9.31,9.28,9.31,229100.0,199200.0,5000.0,0,0,0,0,0,535,2026-02-03 00:04:12.709151
COMP,26.9,26.89,26.9,132100.0,131100.0,,0,0,0,0,0,535,2026-02-03 00:04:12.709151
RITC,9.27,9.28,9.31,229200.0,199200.0,5000.0,0,0,0,0,0,536,2026-02-03 00:04:13.732910
COMP,26.95,26.89,26.95,132100.0,124200.0,,0,0,0,0,0,536,2026-02-03 00:04:13.732910
RITC,9.27,9.27,9.28,228300.0,198300.0,5000.0,0,0,0,0,0,537,2026-02-03 00:04:14.768401
COMP,26.89,26.89,26.94,132100.0,130100.0,,0,0,0,0,0,537,2026-02-03 00:04:14.768401
RITC,9.28,9.27,9.28,228300.0,202200.0,5000.0,0,0,0,0,0,538,2026-02-03 00:04:15.791307
COMP,26.89,26.89,26.94,130500.0,130100.0,,0,0,0,0,0,538,2026-02-03 00:04:15.791307
RITC,9.28,9.27,9.28,229300.0,202200.0,5000.0,0,0,0,0,0,539,2026-02-03 00:04:16.817244
COMP,26.89,26.89,26.92,130500.0,130900.0,,0,0,0,0,0,539,2026-02-03 00:04:16.817244
RITC,9.27,9.27,9.28,230800.0,201000.0,5000.0,0,0,0,0,0,540,2026-02-03 00:04:17.843459
COMP,26.89,26.89,26.92,130500.0,132200.0,,0,0,0,0,0,540,2026-02-03 00:04:17.843459
RITC,9.27,9.27,9.28,230700.0,202700.0,5000.0,0,0,0,0,0,541,2026-02-03 00:04:18.867418
COMP,26.92,26.89,26.92,130500.0,130100.0,,0,0,0,0,0,541,2026-02-03 00:04:18.867418
RITC,9.3,9.27,9.3,230700.0,199900.0,5000.0,0,0,0,0,0,542,2026-02-03 00:04:19.893979
COMP,26.92,26.89,26.92,130400.0,130100.0,,0,0,0,0,0,542,2026-02-03 00:04:19.893979
RITC,9.3,9.27,9.3,230700.0,201100.0,5000.0,0,0,0,0,0,543,2026-02-03 00:04:20.921984
COMP,26.92,26.89,26.92,130400.0,130500.0,,0,0,0,0,0,543,2026-02-03 00:04:20.921984
RITC,9.3,9.27,9.28,230700.0,199900.0,5000.0,0,0,0,0,0,544,2026-02-03 00:04:21.444021
COMP,26.88,26.88,26.92,129900.0,130500.0,,0,0,0,0,0,544,2026-02-03 00:04:21.444021
RITC,9.27,9.27,9.28,232400.0,200200.0,5000.0,0,0,0,0,0,545,2026-02-03 00:04:22.468473
COMP,26.88,26.88,26.92,129900.0,130000.0,,0,0,0,0,0,545,2026-02-03 00:04:22.468473
RITC,9.27,9.27,9.28,228500.0,199200.0,5000.0,0,0,0,0,0,546,2026-02-03 00:04:23.493121
COMP,26.88,26.88,26.92,129900.0,129500.0,,0,0,0,0,0,546,2026-02-03 00:04:23.493121
RITC,9.27,9.26,9.27,228500.0,202400.0,5000.0,0,0,0,0,0,547,2026-02-03 00:04:24.522420
COMP,26.88,26.88,26.92,129900.0,127800.0,,0,0,0,0,0,547,2026-02-03 00:04:24.522420
RITC,9.26,9.26,9.27,228500.0,202400.0,5000.0,0,0,0,0,0,548,2026-02-03 00:04:25.548724
COMP,26.88,26.88,26.92,129900.0,128300.0,,0,0,0,0,0,548,2026-02-03 00:04:25.548724
RITC,9.26,9.26,9.27,225900.0,202400.0,5000.0,0,0,0,0,0,549,2026-02-03 00:04:26.580847
COMP,26.87,26.87,26.92,130300.0,129300.0,,0,0,0,0,0,549,2026-02-03 00:04:26.580847
RITC,9.26,9.26,9.27,225900.0,202900.0,5000.0,0,0,0,0,0,550,2026-02-03 00:04:27.610181
COMP,26.87,26.87,26.92,130300.0,129900.0,,0,0,0,0,0,550,2026-02-03 00:04:27.610181
RITC,9.26,9.26,9.27,225900.0,205500.0,5000.0,0,0,0,0,0,551,2026-02-03 00:04:28.642264
COMP,26.86,26.86,26.92,130300.0,129900.0,,0,0,0,0,0,551,2026-02-03 00:04:28.642264
RITC,9.26,9.26,9.27,225300.0,205500.0,5000.0,0,0,0,0,0,552,2026-02-03 00:04:29.688478
COMP,26.86,26.86,26.92,130300.0,129300.0,,0,0,0,0,0,552,2026-02-03 00:04:29.688478
RITC,9.26,9.25,9.26,224500.0,204300.0,5000.0,0,0,0,0,0,553,2026-02-03 00:04:30.721791
COMP,26.85,26.85,26.92,131400.0,129300.0,,0,0,0,0,0,553,2026-02-03 00:04:30.721791
RITC,9.26,9.25,9.26,224500.0,216200.0,0,0,0,0,0,0,554,2026-02-03 00:04:31.751896
COMP,26.85,26.85,26.92,129600.0,129300.0,0,0,0,0,0,0,554,2026-02-03 00:04:31.751896
RITC,9.23,9.23,9.26,214100.0,216200.0,0,0,0,0,0,0,555,2026-02-03 00:04:32.784389
COMP,26.84,26.84,26.85,130100.0,130300.0,0,0,0,0,0,0,555,2026-02-03 00:04:32.784389
RITC,9.23,9.23,9.26,204500.0,217200.0,0,0,0,0,0,0,556,2026-02-03 00:04:33.806912
COMP,26.84,26.84,26.85,129800.0,130300.0,0,0,0,0,0,0,556,2026-02-03 00:04:33.806912
RITC,9.23,9.23,9.25,204500.0,217000.0,0,0,0,0,0,0,557,2026-02-03 00:04:34.831107
COMP,26.84,26.84,26.85,129800.0,131100.0,0,0,0,0,0,0,557,2026-02-03 00:04:34.831107
RITC,9.23,9.23,9.24,214800.0,217900.0,0,0,0,0,0,0,558,2026-02-03 00:04:35.858694
COMP,26.83,26.83,26.85,128800.0,131100.0,0,0,0,0,0,0,558,2026-02-03 00:04:35.858694
RITC,9.4,9.23,9.24,224600.0,217900.0,0,0,0,0,0,0,559,2026-02-03 00:04:36.888
COMP,26.83,26.83,26.85,128800.0,131500.0,0,0,0,0,0,0,559,2026-02-03 00:04:36.888
RITC,9.23,9.23,9.24,223000.0,219900.0,0,0,0,0,0,0,560,2026-02-03 00:04:37.910075
COMP,26.83,26.83,26.85,128800.0,131700.0,0,0,0,0,0,0,560,2026-02-03 00:04:37.910075
RITC,9.23,9.23,9.24,223000.0,214400.0,0,0,0,0,0,0,561,2026-02-03 00:04:38.935132
COMP,26.83,26.83,26.85,129800.0,131700.0,0,0,0,0,0,0,561,2026-02-03 00:04:38.935132
RITC,9.23,9.23,9.24,223000.0,214400.0,0,0,0,0,0,0,562,2026-02-03 00:04:39.967282
COMP,26.83,26.83,26.85,129200.0,131700.0,0,0,0,0,0,0,562,2026-02-03 00:04:39.967282
RITC,9.23,9.23,9.24,210400.0,212700.0,0,0,0,0,0,0,563,2026-02-03 00:04:40.997864
COMP,26.83,26.83,26.85,129200.0,132300.0,0,0,0,0,0,0,563,2026-02-03 00:04:40.997864
RITC,9.23,9.23,9.24,222200.0,215200.0,0,0,0,0,0,0,564,2026-02-03 00:04:42.025608
COMP,26.87,26.82,26.87,130800.0,132300.0,0,0,0,0,0,0,564,2026-02-03 00:04:42.025608
RITC,9.24,9.23,9.24,222200.0,215200.0,0,0,0,0,0,0,565,2026-02-03 00:04:42.545754
COMP,26.87,26.82,26.87,130800.0,132300.0,0,0,0,0,0,0,565,2026-02-03 00:04:42.545754
RITC,9.24,9.23,9.24,211400.0,214400.0,0,0,0,0,0,0,566,2026-02-03 00:04:43.573347
COMP,26.81,26.81,26.86,129600.0,131600.0,0,0,0,0,0,0,566,2026-02-03 00:04:43.573347
RITC,9.24,9.24,9.25,223000.0,211900.0,0,0,0,0,0,0,567,2026-02-03 00:04:44.595366
COMP,26.86,26.81,26.86,127900.0,131600.0,0,0,0,0,0,0,567,2026-02-03 00:04:44.595366
RITC,9.24,9.24,9.25,222400.0,211900.0,0,0,0,0,0,0,568,2026-02-03 00:04:45.622662
COMP,26.86,26.81,26.86,127900.0,133000.0,0,0,0,0,0,0,568,2026-02-03 00:04:45.622662
RITC,9.25,9.24,9.25,222400.0,214500.0,0,0,0,0,0,0,569,2026-02-03 00:04:46.647472
COMP,26.86,26.85,26.86,129700.0,133000.0,0,0,0,0,0,0,569,2026-02-03 00:04:46.647472
RITC,9.25,9.24,9.25,219000.0,214500.0,0,0,0,0,0,0,570,2026-02-03 00:04:47.667943
COMP,26.88,26.85,26.88,130300.0,133600.0,0,0,0,0,0,0,570,2026-02-03 00:04:47.667943
RITC,9.24,9.24,9.25,217000.0,213800.0,0,0,0,0,0,0,571,2026-02-03 00:04:48.689745
COMP,26.88,26.85,26.88,130300.0,133600.0,0,0,0,0,0,0,571,2026-02-03 00:04:48.689745
RITC,9.23,9.23,9.25,219600.0,213800.0,0,0,0,0,0,0,572,2026-02-03 00:04:49.712733
COMP,26.88,26.85,26.88,130300.0,133500.0,0,0,0,0,0,0,572,2026-02-03 00:04:49.712733
RITC,9.26,9.23,9.26,220000.0,219200.0,0,0,0,0,0,0,573,2026-02-03 00:04:50.734641
COMP,26.88,26.85,26.86,130300.0,135500.0,0,0,0,0,0,0,573,2026-02-03 00:04:50.734641
RITC,9.22,9.22,9.26,221100.0,219900.0,0,0,0,0,0,0,574,2026-02-03 00:04:51.765623
COMP,26.88,26.85,26.86,129000.0,135500.0,0,0,0,0,0,0,574,2026-02-03 00:04:51.765623
RITC,9.22,9.22,9.25,221300.0,219500.0,0,0,0,0,0,0,575,2026-02-03 00:04:52.788428
COMP,26.85,26.83,26.86,129500.0,135500.0,0,0,0,0,0,0,575,2026-02-03 00:04:52.788428
RITC,9.25,9.25,9.26,222800.0,219900.0,0,0,0,0,0,0,576,2026-02-03 00:04:53.812702
COMP,26.83,26.83,26.86,130300.0,135500.0,0,0,0,0,0,0,576,2026-02-03 00:04:53.812702
RITC,9.25,9.25,9.26,222300.0,219900.0,0,0,0,0,0,0,577,2026-02-03 00:04:54.835844
COMP,26.83,26.83,26.86,129500.0,135500.0,0,0,0,0,0,0,577,2026-02-03 00:04:54.835844
RITC,9.25,9.24,9.25,220800.0,220000.0,0,0,0,0,0,0,578,2026-02-03 00:04:55.861665
COMP,26.83,26.83,26.86,128400.0,135500.0,0,0,0,0,0,0,578,2026-02-03 00:04:55.861665
RITC,9.21,9.21,9.23,220000.0,219500.0,0,0,0,0,0,0,579,2026-02-03 00:04:56.893645
COMP,26.83,26.83,26.86,128000.0,135500.0,0,0,0,0,0,0,579,2026-02-03 00:04:56.893645
RITC,9.26,9.23,9.26,224400.0,220100.0,0,0,0,0,0,0,580,2026-02-03 00:04:57.918646
COMP,26.84,26.84,26.86,129600.0,135500.0,0,0,0,0,0,0,580,2026-02-03 00:04:57.918646
RITC,9.26,9.23,9.26,224400.0,216800.0,0,0,0,0,0,0,581,2026-02-03 00:04:58.948298
COMP,26.84,26.84,26.86,129600.0,135500.0,0,0,0,0,0,0,581,2026-02-03 00:04:58.948298
RITC,9.25,9.23,9.24,224400.0,218500.0,0,0,0,0,0,0,582,2026-02-03 00:04:59.976743
COMP,26.86,26.86,26.88,130700.0,134100.0,0,0,0,0,0,0,582,2026-02-03 00:04:59.976743
RITC,9.26,9.23,9.26,224400.0,219000.0,0,0,0,0,0,0,583,2026-02-03 00:05:01.003812
COMP,26.83,26.83,26.88,128000.0,134100.0,0,0,0,0,0,0,583,2026-02-03 00:05:01.003812
RITC,9.26,9.23,9.24,224400.0,221700.0,0,0,0,0,0,0,584,2026-02-03 00:05:02.031713
COMP,26.83,26.83,26.89,127300.0,134300.0,0,0,0,0,0,0,584,2026-02-03 00:05:02.031713
RITC,9.24,9.23,9.24,287300.0,221700.0,0,0,0,0,0,0,585,2026-02-03 00:05:03.056100
COMP,26.83,26.83,26.89,127300.0,133900.0,0,0,0,0,0,0,585,2026-02-03 00:05:03.056100
RITC,9.27,9.27,9.28,428500.0,200500.0,5000.0,0,0,0,0,0,586,2026-02-03 00:05:04.078978
COMP,26.76,26.8,26.89,210900.0,133900.0,,0,0,0,0,0,586,2026-02-03 00:05:04.078978
RITC,9.26,9.26,9.28,352400.0,286300.0,5000.0,0,0,0,0,0,587,2026-02-03 00:05:05.103209
COMP,26.76,26.8,26.89,210900.0,133900.0,,0,0,0,0,0,587,2026-02-03 00:05:05.103209
RITC,9.26,9.23,9.25,354200.0,346500.0,5000.0,0,0,0,0,0,588,2026-02-03 00:05:06.128559
COMP,26.76,26.8,26.81,284900.0,199200.0,,0,0,0,0,0,588,2026-02-03 00:05:06.128559
RITC,9.26,9.23,9.25,420700.0,429200.0,5000.0,0,0,0,0,0,589,2026-02-03 00:05:07.152521
COMP,26.81,26.88,26.89,359800.0,133900.0,,0,0,0,0,0,589,2026-02-03 00:05:07.152521
RITC,9.26,9.23,9.25,420700.0,500600.0,0,0,0,0,0,0,590,2026-02-03 00:05:07.673653
COMP,26.88,26.8,26.88,284900.0,212200.0,0,0,0,0,0,0,590,2026-02-03 00:05:07.673653
RITC,9.25,9.23,9.25,420700.0,357700.0,0,0,0,0,0,0,591,2026-02-03 00:05:08.700414
COMP,26.88,26.8,26.88,284900.0,212200.0,0,0,0,0,0,0,591,2026-02-03 00:05:08.700414
RITC,9.28,9.29,9.3,507800.0,210000.0,0,0,0,0,0,0,592,2026-02-03 00:05:09.732456
COMP,26.88,26.85,26.88,419300.0,212200.0,0,0,0,0,0,0,592,2026-02-03 00:05:09.732456
RITC,9.28,9.24,9.28,490500.0,275100.0,0,0,0,0,0,0,593,2026-02-03 00:05:10.758253
COMP,26.88,26.85,26.88,482600.0,212200.0,0,0,0,0,0,0,593,2026-02-03 00:05:10.758253
RITC,9.24,9.23,9.24,420700.0,436900.0,0,0,0,0,0,0,594,2026-02-03 00:05:11.784111
COMP,26.85,26.85,26.88,417500.0,285100.0,0,0,0,0,0,0,594,2026-02-03 00:05:11.784111
RITC,9.29,9.23,9.29,503500.0,293600.0,0,0,0,0,0,0,595,2026-02-03 00:05:12.807615
COMP,26.85,26.85,26.88,417500.0,285100.0,0,0,0,0,0,0,595,2026-02-03 00:05:12.807615
RITC,9.23,9.23,9.25,436300.0,380700.0,0,0,0,0,0,0,596,2026-02-03 00:05:13.826745
COMP,26.85,26.8,26.83,347400.0,409900.0,0,0,0,0,0,0,596,2026-02-03 00:05:13.826745
RITC,9.23,9.23,9.25,436300.0,523500.0,0,0,0,0,0,0,597,2026-02-03 00:05:14.850002
COMP,26.8,26.8,26.83,347400.0,409900.0,0,0,0,0,0,0,597,2026-02-03 00:05:14.850002
RITC,9.23,9.24,9.25,587700.0,523500.0,0,0,0,0,0,0,598,2026-02-03 00:05:15.872232
COMP,26.81,26.81,26.83,424900.0,409900.0,0,0,0,0,0,0,598,2026-02-03 00:05:15.872232
RITC,9.26,9.24,9.25,587700.0,525300.0,0,0,0,0,0,0,599,2026-02-03 00:05:16.899188
