ticker,last_price,bid_price,ask_price,BUY_ANON,SELL_ANON,BUY_GIOT-1,SELL_GIOT-2,BUY_GIOT-3,BUY_GIOT-2,SELL_GIOT-1,SELL_GIOT-3,tick,timestamp,news_news_id,news_period,news_tick,news_ticker,news_headline,news_body
RITC,10.0,9.99,10.0,189200.0,201700.0,0,0,0,0,0,0,1,2026-02-03 06:34:59.156658,1.0,1.0,1.0,,Welcome to the RITC 2026 Liquidity Risk Case - practice server,Good Luck!
COMP,25.05,24.97,25.05,141500.0,147400.0,0,0,0,0,0,0,1,2026-02-03 06:34:59.156658,,,,,,
RITC,9.99,9.97,9.99,181100.0,200000.0,0,0,0,0,0,0,2,2026-02-03 06:34:59.699288
COMP,25.05,24.97,25.05,141500.0,147400.0,0,0,0,0,0,0,2,2026-02-03 06:34:59.699288
RITC,9.99,9.97,9.98,181100.0,201000.0,0,0,0,0,0,0,3,2026-02-03 06:35:00.722212
COMP,25.05,24.99,25.05,142400.0,146300.0,0,0,0,0,0,0,3,2026-02-03 06:35:00.722212
RITC,9.96,9.96,9.98,172200.0,204400.0,0,0,0,0,0,0,4,2026-02-03 06:35:01.760570
COMP,25.05,24.99,25.05,142400.0,145500.0,0,0,0,0,0,0,4,2026-02-03 06:35:01.760570
RITC,9.96,9.96,9.98,154200.0,204400.0,0,0,0,0,0,0,5,2026-02-03 06:35:02.790267
COMP,25.05,25.02,25.05,143500.0,145500.0,0,0,0,0,0,0,5,2026-02-03 06:35:02.790267
RITC,9.96,9.96,9.97,154200.0,204600.0,0,0,0,0,0,0,6,2026-02-03 06:35:03.812864
COMP,25.08,25.02,25.08,144600.0,145700.0,0,0,0,0,0,0,6,2026-02-03 06:35:03.812864
RITC,9.96,9.96,9.97,142800.0,207500.0,0,0,0,0,0,0,7,2026-02-03 06:35:04.843621
COMP,25.08,25.03,25.08,145400.0,145700.0,0,0,0,0,0,0,7,2026-02-03 06:35:04.843621
RITC,9.96,9.95,9.96,119800.0,208700.0,0,0,0,0,0,0,8,2026-02-03 06:35:05.895894
COMP,25.08,25.03,25.08,143300.0,145700.0,0,0,0,0,0,0,8,2026-02-03 06:35:05.895894
RITC,9.95,9.95,9.96,119800.0,207100.0,0,0,0,0,0,0,9,2026-02-03 06:35:06.930046
COMP,25.11,25.03,25.11,143300.0,145400.0,0,0,0,0,0,0,9,2026-02-03 06:35:06.930046
RITC,9.95,9.94,9.95,108200.0,208300.0,0,0,0,0,0,0,10,2026-02-03 06:35:07.973244
COMP,25.12,25.08,25.12,142300.0,145000.0,0,0,0,0,0,0,10,2026-02-03 06:35:07.973244
RITC,9.94,9.94,9.95,97500.0,208300.0,0,0,0,0,0,0,11,2026-02-03 06:35:09.017633
COMP,25.12,25.12,25.14,144500.0,145200.0,0,0,0,0,0,0,11,2026-02-03 06:35:09.017633
RITC,9.94,9.94,9.95,97500.0,207300.0,0,0,0,0,0,0,12,2026-02-03 06:35:10.045534
COMP,25.14,25.13,25.14,146000.0,145200.0,0,0,0,0,0,0,12,2026-02-03 06:35:10.045534
RITC,9.93,9.93,9.95,95600.0,207300.0,0,0,0,0,0,0,13,2026-02-03 06:35:11.076012
COMP,25.14,25.13,25.14,146000.0,145200.0,0,0,0,0,0,0,13,2026-02-03 06:35:11.076012
RITC,9.91,9.91,9.94,97200.0,205500.0,0,0,0,0,0,0,14,2026-02-03 06:35:12.111265
COMP,25.15,25.13,25.15,145800.0,143000.0,0,0,0,0,0,0,14,2026-02-03 06:35:12.111265
RITC,9.91,9.91,9.94,97200.0,207500.0,0,0,0,0,0,0,15,2026-02-03 06:35:13.135099
COMP,25.15,25.13,25.15,145800.0,142800.0,0,0,0,0,0,0,15,2026-02-03 06:35:13.135099
RITC,9.91,9.91,9.92,97200.0,207200.0,0,0,0,0,0,0,16,2026-02-03 06:35:14.168307
COMP,25.16,25.13,25.16,146700.0,136200.0,0,0,0,0,0,0,16,2026-02-03 06:35:14.168307
RITC,9.91,9.88,9.92,99400.0,207200.0,0,0,0,0,0,0,17,2026-02-03 06:35:15.203949
COMP,25.16,25.14,25.16,146300.0,129000.0,0,0,0,0,0,0,17,2026-02-03 06:35:15.203949
RITC,9.91,9.88,9.9,99400.0,207500.0,0,0,0,0,0,0,18,2026-02-03 06:35:15.740815
COMP,25.16,25.14,25.16,146300.0,129000.0,0,0,0,0,0,0,18,2026-02-03 06:35:15.740815
RITC,9.88,9.88,9.9,99400.0,207500.0,0,0,0,0,0,0,19,2026-02-03 06:35:16.766508
COMP,25.17,25.14,25.17,146500.0,123000.0,0,0,0,0,0,0,19,2026-02-03 06:35:16.766508
RITC,9.88,9.87,9.88,110600.0,208000.0,0,0,0,0,0,0,20,2026-02-03 06:35:17.787012
COMP,25.2,25.14,25.2,146500.0,115100.0,0,0,0,0,0,0,20,2026-02-03 06:35:17.787012
RITC,9.85,9.85,9.86,102800.0,210800.0,0,0,0,0,0,0,21,2026-02-03 06:35:18.812332
COMP,25.2,25.18,25.2,147300.0,115100.0,0,0,0,0,0,0,21,2026-02-03 06:35:18.812332
RITC,9.85,9.85,9.86,121900.0,210800.0,0,0,0,0,0,0,22,2026-02-03 06:35:19.832570
COMP,25.2,25.18,25.2,145700.0,115100.0,0,0,0,0,0,0,22,2026-02-03 06:35:19.832570
RITC,9.9,9.89,9.9,132900.0,207500.0,0,0,0,0,0,0,23,2026-02-03 06:35:20.855015
COMP,25.2,25.18,25.2,148300.0,115100.0,0,0,0,0,0,0,23,2026-02-03 06:35:20.855015
RITC,9.89,9.89,9.92,132900.0,207200.0,0,0,0,0,0,0,24,2026-02-03 06:35:21.885398
COMP,25.2,25.18,25.2,146500.0,115100.0,0,0,0,0,0,0,24,2026-02-03 06:35:21.885398
RITC,9.94,9.89,9.94,132900.0,205600.0,0,0,0,0,0,0,25,2026-02-03 06:35:22.917031
COMP,25.2,25.2,25.21,145300.0,108400.0,0,0,0,0,0,0,25,2026-02-03 06:35:22.917031
RITC,9.94,9.92,9.94,144400.0,205600.0,0,0,0,0,0,0,26,2026-02-03 06:35:23.953584
COMP,25.21,25.2,25.21,145300.0,108400.0,0,0,0,0,0,0,26,2026-02-03 06:35:23.953584
RITC,9.94,9.92,9.94,165500.0,205000.0,0,0,0,0,0,0,27,2026-02-03 06:35:25.036642
COMP,25.21,25.2,25.21,144400.0,108400.0,0,0,0,0,0,0,27,2026-02-03 06:35:25.036642
RITC,9.92,9.92,9.94,154000.0,207000.0,0,0,0,0,0,0,28,2026-02-03 06:35:26.083181
COMP,25.22,25.2,25.22,143100.0,101200.0,0,0,0,0,0,0,28,2026-02-03 06:35:26.083181
RITC,9.92,9.92,9.93,154000.0,208200.0,0,0,0,0,0,0,29,2026-02-03 06:35:27.111388
COMP,25.22,25.2,25.22,142900.0,101200.0,0,0,0,0,0,0,29,2026-02-03 06:35:27.111388
RITC,9.92,9.89,9.9,142800.0,207300.0,0,0,0,0,0,0,30,2026-02-03 06:35:28.142412
COMP,25.22,25.2,25.22,144900.0,92900.0,0,0,0,0,0,0,30,2026-02-03 06:35:28.142412
RITC,9.89,9.89,9.9,142300.0,207300.0,0,0,0,0,0,0,31,2026-02-03 06:35:29.169430
COMP,25.22,25.2,25.22,144900.0,92900.0,0,0,0,0,0,0,31,2026-02-03 06:35:29.169430
RITC,9.89,9.87,9.89,132400.0,203000.0,0,0,0,0,0,0,32,2026-02-03 06:35:30.191084
COMP,25.22,25.2,25.22,144900.0,77400.0,0,0,0,0,0,0,32,2026-02-03 06:35:30.191084
RITC,9.85,9.85,9.89,121900.0,199800.0,0,0,0,0,0,0,33,2026-02-03 06:35:31.218636
COMP,25.22,25.2,25.22,142900.0,77400.0,0,0,0,0,0,0,33,2026-02-03 06:35:31.218636
RITC,9.85,9.84,9.85,111900.0,205100.0,0,0,0,0,0,0,34,2026-02-03 06:35:32.237886
COMP,25.22,25.2,25.22,142500.0,77400.0,0,0,0,0,0,0,34,2026-02-03 06:35:32.237886
RITC,9.84,9.84,9.85,104300.0,205100.0,0,0,0,0,0,0,35,2026-02-03 06:35:33.259752
COMP,25.23,25.2,25.23,142500.0,69000.0,0,0,0,0,0,0,35,2026-02-03 06:35:33.259752
RITC,9.85,9.86,9.89,115400.0,203600.0,0,0,0,0,0,0,36,2026-02-03 06:35:34.281488
COMP,25.26,25.2,25.26,140800.0,70200.0,0,0,0,0,0,0,36,2026-02-03 06:35:34.281488
RITC,9.86,9.84,9.86,104300.0,202500.0,0,0,0,0,0,0,37,2026-02-03 06:35:35.312840
COMP,25.26,25.26,25.27,140100.0,71900.0,0,0,0,0,0,0,37,2026-02-03 06:35:35.312840
RITC,9.86,9.84,9.86,104300.0,202700.0,0,0,0,0,0,0,38,2026-02-03 06:35:35.842925
COMP,25.27,25.26,25.27,140100.0,71900.0,0,0,0,0,0,0,38,2026-02-03 06:35:35.842925
RITC,9.83,9.83,9.86,113900.0,202700.0,0,0,0,0,0,0,39,2026-02-03 06:35:36.871143
COMP,25.27,25.26,25.27,138200.0,71900.0,0,0,0,0,0,0,39,2026-02-03 06:35:36.871143
RITC,9.83,9.83,9.86,105500.0,202700.0,0,0,0,0,0,0,40,2026-02-03 06:35:37.890279
COMP,25.29,25.26,25.29,137300.0,70300.0,0,0,0,0,0,0,40,2026-02-03 06:35:37.890279
RITC,9.83,9.83,9.84,105500.0,202500.0,0,0,0,0,0,0,41,2026-02-03 06:35:38.910100
COMP,25.29,25.26,25.29,136000.0,70300.0,0,0,0,0,0,0,41,2026-02-03 06:35:38.910100
RITC,9.83,9.83,9.84,119400.0,202500.0,0,0,0,0,0,0,42,2026-02-03 06:35:39.932792
COMP,25.29,25.26,25.29,137400.0,68700.0,0,0,0,0,0,0,42,2026-02-03 06:35:39.932792
RITC,9.84,9.83,9.84,119400.0,201200.0,0,0,0,0,0,0,43,2026-02-03 06:35:40.954459
COMP,25.3,25.26,25.3,137400.0,66300.0,0,0,0,0,0,0,43,2026-02-03 06:35:40.954459
RITC,9.83,9.83,9.84,107400.0,198200.0,0,0,0,0,0,0,44,2026-02-03 06:35:41.976518
COMP,25.33,25.26,25.33,136600.0,66000.0,0,0,0,0,0,0,44,2026-02-03 06:35:41.976518
RITC,9.83,9.79,9.81,108000.0,197200.0,0,0,0,0,0,0,45,2026-02-03 06:35:42.996598
COMP,25.33,25.26,25.33,135300.0,66000.0,0,0,0,0,0,0,45,2026-02-03 06:35:42.996598
RITC,9.81,9.82,9.83,126400.0,197000.0,0,0,0,0,0,0,46,2026-02-03 06:35:44.020939
COMP,25.35,25.34,25.35,133000.0,65900.0,0,0,0,0,0,0,46,2026-02-03 06:35:44.020939
RITC,9.81,9.82,9.83,126400.0,200100.0,0,0,0,0,0,0,47,2026-02-03 06:35:45.041767
COMP,25.35,25.37,25.38,133700.0,71900.0,0,0,0,0,0,0,47,2026-02-03 06:35:45.041767
RITC,9.79,9.79,9.8,106400.0,197500.0,0,0,0,0,0,0,48,2026-02-03 06:35:46.063715
COMP,25.35,25.37,25.38,135400.0,71900.0,0,0,0,0,0,0,48,2026-02-03 06:35:46.063715
RITC,9.78,9.78,9.8,108700.0,197900.0,0,0,0,0,0,0,49,2026-02-03 06:35:47.089677
COMP,25.38,25.44,25.47,137500.0,73900.0,0,0,0,0,0,0,49,2026-02-03 06:35:47.089677
RITC,9.78,9.78,9.79,108700.0,202100.0,0,0,0,0,0,0,50,2026-02-03 06:35:48.130455
COMP,25.37,25.37,25.52,134200.0,66000.0,0,0,0,0,0,0,50,2026-02-03 06:35:48.130455
RITC,9.78,9.78,9.79,108700.0,201800.0,0,0,0,0,0,0,51,2026-02-03 06:35:49.168616
COMP,25.37,25.34,25.37,133000.0,73800.0,0,0,0,0,0,0,51,2026-02-03 06:35:49.168616
RITC,9.78,9.78,9.79,108700.0,204700.0,0,0,0,0,0,0,52,2026-02-03 06:35:50.208743
COMP,25.37,25.5,25.52,134100.0,66000.0,0,0,0,0,0,0,52,2026-02-03 06:35:50.208743
RITC,9.78,9.78,9.79,108700.0,204300.0,0,0,0,0,0,0,53,2026-02-03 06:35:51.247777
COMP,25.5,25.5,25.52,134100.0,66000.0,0,0,0,0,0,0,53,2026-02-03 06:35:51.247777
RITC,9.77,9.77,9.78,108200.0,203300.0,0,0,0,0,0,0,54,2026-02-03 06:35:52.275988
COMP,25.5,25.5,25.52,133900.0,66000.0,0,0,0,0,0,0,54,2026-02-03 06:35:52.275988
RITC,9.77,9.77,9.78,108200.0,204500.0,0,0,0,0,0,0,55,2026-02-03 06:35:53.303698
COMP,25.52,25.5,25.52,133900.0,70600.0,0,0,0,0,0,0,55,2026-02-03 06:35:53.303698
RITC,9.77,9.77,9.78,108200.0,207400.0,0,0,0,0,0,0,56,2026-02-03 06:35:54.329287
COMP,25.61,25.5,25.61,133900.0,62700.0,0,0,0,0,0,0,56,2026-02-03 06:35:54.329287
RITC,9.77,9.76,9.77,106600.0,209900.0,0,0,0,0,0,0,57,2026-02-03 06:35:55.362436
COMP,25.49,25.46,25.48,132500.0,75900.0,0,0,0,0,0,0,57,2026-02-03 06:35:55.362436
RITC,9.75,9.75,9.77,107500.0,209900.0,0,0,0,0,0,0,58,2026-02-03 06:35:56.392709
COMP,25.26,25.26,25.48,135300.0,75900.0,0,0,0,0,0,0,58,2026-02-03 06:35:56.392709
RITC,9.75,9.75,9.77,105100.0,209900.0,0,0,0,0,0,0,59,2026-02-03 06:35:57.418537
COMP,25.26,25.26,25.32,135300.0,89000.0,0,0,0,0,0,0,59,2026-02-03 06:35:57.418537
RITC,9.77,9.77,9.78,115800.0,210600.0,0,0,0,0,0,0,60,2026-02-03 06:35:58.446870
COMP,25.37,25.26,25.37,134800.0,82300.0,0,0,0,0,0,0,60,2026-02-03 06:35:58.446870
RITC,9.77,9.77,9.78,115800.0,210600.0,0,0,0,0,0,0,61,2026-02-03 06:35:58.976759
COMP,25.37,25.31,25.37,134800.0,82300.0,0,0,0,0,0,0,61,2026-02-03 06:35:58.976759
RITC,9.77,9.77,9.78,126500.0,209400.0,0,0,0,0,0,0,62,2026-02-03 06:36:00.003669
COMP,25.31,25.31,25.37,134800.0,89200.0,0,0,0,0,0,0,62,2026-02-03 06:36:00.003669
RITC,9.77,9.77,9.78,125300.0,209400.0,0,0,0,0,0,0,63,2026-02-03 06:36:01.033608
COMP,25.31,25.26,25.29,135300.0,95000.0,0,0,0,0,0,0,63,2026-02-03 06:36:01.033608
RITC,9.78,9.77,9.78,125300.0,211100.0,0,0,0,0,0,0,64,2026-02-03 06:36:02.052658
COMP,25.26,25.26,25.29,134300.0,95000.0,0,0,0,0,0,0,64,2026-02-03 06:36:02.052658
RITC,9.76,9.76,9.78,114600.0,211100.0,0,0,0,0,0,0,65,2026-02-03 06:36:03.077664
COMP,25.26,25.26,25.29,134300.0,101500.0,0,0,0,0,0,0,65,2026-02-03 06:36:03.077664
RITC,9.78,9.76,9.78,114600.0,211100.0,0,0,0,0,0,0,66,2026-02-03 06:36:04.099973
COMP,25.25,25.25,25.29,135900.0,101500.0,0,0,0,0,0,0,66,2026-02-03 06:36:04.099973
RITC,9.78,9.76,9.78,114600.0,212700.0,0,0,0,0,0,0,67,2026-02-03 06:36:05.123490
COMP,25.25,25.23,25.24,137500.0,113700.0,0,0,0,0,0,0,67,2026-02-03 06:36:05.123490
RITC,9.76,9.75,9.76,115800.0,213800.0,0,0,0,0,0,0,68,2026-02-03 06:36:06.163858
COMP,25.25,25.23,25.24,137500.0,129500.0,0,0,0,0,0,0,68,2026-02-03 06:36:06.163858
RITC,9.79,9.76,9.79,124600.0,211900.0,0,0,0,0,0,0,69,2026-02-03 06:36:07.193003
COMP,25.25,25.23,25.24,136900.0,129500.0,0,0,0,0,0,0,69,2026-02-03 06:36:07.193003
RITC,9.79,9.76,9.79,136500.0,208100.0,0,0,0,0,0,0,70,2026-02-03 06:36:08.226800
COMP,25.29,25.26,25.29,134700.0,115700.0,0,0,0,0,0,0,70,2026-02-03 06:36:08.226800
RITC,9.79,9.78,9.79,148400.0,208100.0,0,0,0,0,0,0,71,2026-02-03 06:36:09.272410
COMP,25.23,25.23,25.29,136900.0,115700.0,0,0,0,0,0,0,71,2026-02-03 06:36:09.272410
RITC,9.79,9.78,9.79,165700.0,208100.0,0,0,0,0,0,0,72,2026-02-03 06:36:10.306551
COMP,25.29,25.29,25.3,136400.0,109900.0,0,0,0,0,0,0,72,2026-02-03 06:36:10.306551
RITC,9.79,9.78,9.79,165700.0,206700.0,0,0,0,0,0,0,73,2026-02-03 06:36:11.339729
COMP,25.29,25.29,25.3,136400.0,118200.0,0,0,0,0,0,0,73,2026-02-03 06:36:11.339729
RITC,9.79,9.78,9.79,176800.0,203500.0,0,0,0,0,0,0,74,2026-02-03 06:36:12.366449
COMP,25.29,25.29,25.3,136400.0,125400.0,0,0,0,0,0,0,74,2026-02-03 06:36:12.366449
RITC,9.79,9.79,9.8,195100.0,203400.0,0,0,0,0,0,0,75,2026-02-03 06:36:13.400086
COMP,25.29,25.29,25.3,135900.0,125400.0,0,0,0,0,0,0,75,2026-02-03 06:36:13.400086
RITC,9.8,9.79,9.8,195100.0,204000.0,0,0,0,0,0,0,76,2026-02-03 06:36:14.426565
COMP,25.29,25.29,25.3,136900.0,131600.0,0,0,0,0,0,0,76,2026-02-03 06:36:14.426565
RITC,9.8,9.79,9.8,205500.0,204000.0,0,0,0,0,0,0,77,2026-02-03 06:36:15.452188
COMP,25.29,25.29,25.3,136900.0,132600.0,0,0,0,0,0,0,77,2026-02-03 06:36:15.452188
RITC,9.8,9.79,9.8,204500.0,200400.0,0,0,0,0,0,0,78,2026-02-03 06:36:16.479507
COMP,25.25,25.25,25.3,136800.0,132600.0,0,0,0,0,0,0,78,2026-02-03 06:36:16.479507
RITC,9.8,9.79,9.8,205200.0,200400.0,0,0,0,0,0,0,79,2026-02-03 06:36:17.500990
COMP,25.23,25.23,25.3,136900.0,132600.0,0,0,0,0,0,0,79,2026-02-03 06:36:17.500990
RITC,9.81,9.79,9.81,205200.0,199100.0,0,0,0,0,0,0,80,2026-02-03 06:36:18.529528
COMP,25.23,25.23,25.3,137200.0,132200.0,0,0,0,0,0,0,80,2026-02-03 06:36:18.529528
RITC,9.81,9.82,9.83,201000.0,196500.0,0,0,0,0,0,0,81,2026-02-03 06:36:19.555913
COMP,25.23,25.23,25.3,138600.0,132200.0,0,0,0,0,0,0,81,2026-02-03 06:36:19.555913
RITC,9.81,9.82,9.83,202600.0,196500.0,0,0,0,0,0,0,82,2026-02-03 06:36:20.089521
COMP,25.23,25.25,25.3,137800.0,132200.0,0,0,0,0,0,0,82,2026-02-03 06:36:20.089521
RITC,9.83,9.82,9.83,202600.0,198300.0,0,0,0,0,0,0,83,2026-02-03 06:36:21.119667
COMP,25.23,25.25,25.3,137800.0,133400.0,0,0,0,0,0,0,83,2026-02-03 06:36:21.119667
RITC,9.83,9.83,9.84,202500.0,198600.0,0,0,0,0,0,0,84,2026-02-03 06:36:22.146503
COMP,25.23,25.23,25.24,138600.0,135500.0,0,0,0,0,0,0,84,2026-02-03 06:36:22.146503
RITC,9.84,9.83,9.84,201600.0,197300.0,0,0,0,0,0,0,85,2026-02-03 06:36:23.172944
COMP,25.23,25.23,25.24,138600.0,137100.0,0,0,0,0,0,0,85,2026-02-03 06:36:23.172944
RITC,9.82,9.85,9.86,201500.0,198500.0,0,0,0,0,0,0,86,2026-02-03 06:36:24.197222
COMP,25.22,25.22,25.24,137700.0,137100.0,0,0,0,0,0,0,86,2026-02-03 06:36:24.197222
RITC,9.86,9.85,9.86,201500.0,198900.0,0,0,0,0,0,0,87,2026-02-03 06:36:25.218353
COMP,25.2,25.2,25.24,140000.0,137100.0,0,0,0,0,0,0,87,2026-02-03 06:36:25.218353
RITC,9.89,9.85,9.89,201500.0,204700.0,0,0,0,0,0,0,88,2026-02-03 06:36:26.259341
COMP,25.2,25.2,25.23,140000.0,138200.0,0,0,0,0,0,0,88,2026-02-03 06:36:26.259341
RITC,9.89,9.87,9.89,199300.0,204700.0,0,0,0,0,0,0,89,2026-02-03 06:36:27.288751
COMP,25.2,25.2,25.23,142500.0,138800.0,0,0,0,0,0,0,89,2026-02-03 06:36:27.288751
RITC,9.87,9.87,9.9,199300.0,203900.0,0,0,0,0,0,0,90,2026-02-03 06:36:28.320458
COMP,25.2,25.2,25.23,142500.0,141000.0,0,0,0,0,0,0,90,2026-02-03 06:36:28.320458
RITC,9.9,9.9,9.91,199000.0,203500.0,0,0,0,0,0,0,91,2026-02-03 06:36:29.354552
COMP,25.19,25.19,25.23,144200.0,142300.0,0,0,0,0,0,0,91,2026-02-03 06:36:29.354552
RITC,9.9,9.9,9.91,197200.0,207000.0,0,0,0,0,0,0,92,2026-02-03 06:36:30.384859
COMP,25.18,25.18,25.23,143200.0,142300.0,0,0,0,0,0,0,92,2026-02-03 06:36:30.384859
RITC,9.9,9.9,9.91,198900.0,207000.0,0,0,0,0,0,0,93,2026-02-03 06:36:31.416098
COMP,25.19,25.18,25.19,143200.0,142400.0,0,0,0,0,0,0,93,2026-02-03 06:36:31.416098
RITC,9.89,9.89,9.91,200700.0,208200.0,0,0,0,0,0,0,94,2026-02-03 06:36:32.442185
COMP,25.19,25.18,25.19,143200.0,142400.0,0,0,0,0,0,0,94,2026-02-03 06:36:32.442185
RITC,9.87,9.88,9.91,199100.0,208200.0,0,0,0,0,0,0,95,2026-02-03 06:36:33.470248
COMP,25.17,25.17,25.19,143500.0,142400.0,0,0,0,0,0,0,95,2026-02-03 06:36:33.470248
RITC,9.88,9.85,9.88,201500.0,206600.0,0,0,0,0,0,0,96,2026-02-03 06:36:34.510138
COMP,25.17,25.17,25.19,145000.0,141300.0,0,0,0,0,0,0,96,2026-02-03 06:36:34.510138
RITC,9.89,9.85,9.89,199300.0,207100.0,0,0,0,0,0,0,97,2026-02-03 06:36:35.543634
COMP,25.16,25.16,25.19,145800.0,141300.0,0,0,0,0,0,0,97,2026-02-03 06:36:35.543634
RITC,9.89,9.85,9.89,199300.0,210000.0,0,0,0,0,0,0,98,2026-02-03 06:36:36.572149
COMP,25.15,25.15,25.19,146400.0,141300.0,0,0,0,0,0,0,98,2026-02-03 06:36:36.572149
RITC,9.89,9.85,9.87,199300.0,208500.0,0,0,0,0,0,0,99,2026-02-03 06:36:37.600177
COMP,25.14,25.14,25.17,147600.0,140700.0,0,0,0,0,0,0,99,2026-02-03 06:36:37.600177
RITC,9.89,9.85,9.87,200100.0,208400.0,0,0,0,0,0,0,100,2026-02-03 06:36:38.627599
COMP,25.14,25.14,25.17,147600.0,141800.0,0,0,0,0,0,0,100,2026-02-03 06:36:38.627599
RITC,9.89,9.85,9.87,200100.0,208400.0,0,0,0,0,0,0,101,2026-02-03 06:36:39.155685
COMP,25.14,25.14,25.17,147600.0,141900.0,0,0,0,0,0,0,101,2026-02-03 06:36:39.155685
RITC,9.85,9.86,9.87,199800.0,208400.0,0,0,0,0,0,0,102,2026-02-03 06:36:40.178953
COMP,25.14,25.14,25.17,149500.0,141900.0,0,0,0,0,0,0,102,2026-02-03 06:36:40.178953
RITC,9.83,9.83,9.86,201300.0,208000.0,0,0,0,0,0,0,103,2026-02-03 06:36:41.202094
COMP,25.14,25.14,25.17,149800.0,141600.0,0,0,0,0,0,0,103,2026-02-03 06:36:41.202094
RITC,9.84,9.83,9.86,201300.0,208000.0,0,0,0,0,0,0,104,2026-02-03 06:36:42.224307
COMP,25.13,25.13,25.17,150000.0,141600.0,0,0,0,0,0,0,104,2026-02-03 06:36:42.224307
RITC,9.86,9.86,9.87,202600.0,204600.0,0,0,0,0,0,0,105,2026-02-03 06:36:43.256869
COMP,25.13,25.13,25.17,149700.0,141100.0,0,0,0,0,0,0,105,2026-02-03 06:36:43.256869
RITC,9.86,9.86,9.87,202300.0,204600.0,0,0,0,0,0,0,106,2026-02-03 06:36:44.283350
COMP,25.13,25.13,25.17,149700.0,142600.0,0,0,0,0,0,0,106,2026-02-03 06:36:44.283350
RITC,9.87,9.86,9.87,202300.0,204600.0,0,0,0,0,0,0,107,2026-02-03 06:36:45.315873
COMP,25.13,25.13,25.17,149700.0,142600.0,0,0,0,0,0,0,107,2026-02-03 06:36:45.315873
RITC,9.87,9.86,9.87,202000.0,204600.0,0,0,0,0,0,0,108,2026-02-03 06:36:46.342225
COMP,25.12,25.12,25.13,148000.0,141000.0,0,0,0,0,0,0,108,2026-02-03 06:36:46.342225
RITC,9.87,9.86,9.87,202000.0,205400.0,0,0,0,0,0,0,109,2026-02-03 06:36:47.378723
COMP,25.12,25.12,25.13,148000.0,142100.0,0,0,0,0,0,0,109,2026-02-03 06:36:47.378723
RITC,9.87,9.86,9.87,201900.0,204300.0,0,0,0,0,0,0,110,2026-02-03 06:36:48.413606
COMP,25.11,25.11,25.13,149300.0,142100.0,0,0,0,0,0,0,110,2026-02-03 06:36:48.413606
RITC,9.89,9.86,9.89,201900.0,208400.0,0,0,0,0,0,0,111,2026-02-03 06:36:49.449692
COMP,25.11,25.11,25.13,149300.0,142400.0,0,0,0,0,0,0,111,2026-02-03 06:36:49.449692
RITC,9.91,9.86,9.91,199400.0,208200.0,0,0,0,0,0,0,112,2026-02-03 06:36:50.492808
COMP,25.11,25.11,25.13,147700.0,142400.0,0,0,0,0,0,0,112,2026-02-03 06:36:50.492808
RITC,9.91,9.86,9.91,200100.0,208700.0,0,0,0,0,0,0,113,2026-02-03 06:36:51.533805
COMP,25.11,25.11,25.13,147700.0,142300.0,0,0,0,0,0,0,113,2026-02-03 06:36:51.533805
RITC,9.91,9.88,9.91,198800.0,205200.0,0,0,0,0,0,0,114,2026-02-03 06:36:52.559448
COMP,25.11,25.11,25.13,147700.0,141400.0,0,0,0,0,0,0,114,2026-02-03 06:36:52.559448
RITC,9.91,9.89,9.91,197900.0,205200.0,0,0,0,0,0,0,115,2026-02-03 06:36:53.585487
COMP,25.1,25.1,25.13,146100.0,143200.0,0,0,0,0,0,0,115,2026-02-03 06:36:53.585487
RITC,9.93,9.9,9.93,200500.0,205000.0,0,0,0,0,0,0,116,2026-02-03 06:36:54.611305
COMP,25.1,25.1,25.13,146100.0,142700.0,0,0,0,0,0,0,116,2026-02-03 06:36:54.611305
RITC,9.93,9.9,9.91,202800.0,205000.0,0,0,0,0,0,0,117,2026-02-03 06:36:55.651051
COMP,25.09,25.09,25.1,146000.0,141800.0,0,0,0,0,0,0,117,2026-02-03 06:36:55.651051
RITC,9.91,9.91,9.92,203500.0,203500.0,0,0,0,0,0,0,118,2026-02-03 06:36:56.679489
COMP,25.13,25.09,25.13,146000.0,143600.0,0,0,0,0,0,0,118,2026-02-03 06:36:56.679489
RITC,9.93,9.91,9.93,203500.0,205000.0,0,0,0,0,0,0,119,2026-02-03 06:36:57.705136
COMP,25.09,25.09,25.13,145800.0,143600.0,0,0,0,0,0,0,119,2026-02-03 06:36:57.705136
RITC,9.93,9.91,9.93,203100.0,205000.0,0,0,0,0,0,0,120,2026-02-03 06:36:58.732514
COMP,25.09,25.09,25.13,145800.0,142800.0,0,0,0,0,0,0,120,2026-02-03 06:36:58.732514
RITC,9.91,9.91,9.93,203100.0,205000.0,0,0,0,0,0,0,121,2026-02-03 06:36:59.754222
COMP,25.08,25.08,25.13,142300.0,142800.0,0,0,0,0,0,0,121,2026-02-03 06:36:59.754222
RITC,9.91,9.92,9.93,204600.0,202600.0,0,0,0,0,0,0,122,2026-02-03 06:37:00.276860
COMP,25.08,25.08,25.13,142300.0,142800.0,0,0,0,0,0,0,122,2026-02-03 06:37:00.276860
RITC,9.91,9.92,9.93,204600.0,203300.0,0,0,0,0,0,0,123,2026-02-03 06:37:01.303366
COMP,25.08,25.03,25.05,143300.0,141400.0,0,0,0,0,0,0,123,2026-02-03 06:37:01.303366
RITC,9.93,9.92,9.93,204600.0,201200.0,0,0,0,0,0,0,124,2026-02-03 06:37:02.332805
COMP,25.03,25.03,25.05,143300.0,141400.0,0,0,0,0,0,0,124,2026-02-03 06:37:02.332805
RITC,9.94,9.93,9.94,207200.0,206800.0,0,0,0,0,0,0,125,2026-02-03 06:37:03.356616
COMP,25.03,25.03,25.05,143300.0,139800.0,0,0,0,0,0,0,125,2026-02-03 06:37:03.356616
RITC,9.94,9.94,9.95,208400.0,209800.0,0,0,0,0,0,0,126,2026-02-03 06:37:04.384214
COMP,25.02,25.02,25.05,144100.0,139800.0,0,0,0,0,0,0,126,2026-02-03 06:37:04.384214
RITC,9.95,9.94,9.95,209700.0,211300.0,0,0,0,0,0,0,127,2026-02-03 06:37:05.407882
COMP,25.02,25.02,25.03,144100.0,140100.0,0,0,0,0,0,0,127,2026-02-03 06:37:05.407882
RITC,9.96,9.95,9.96,208900.0,211300.0,0,0,0,0,0,0,128,2026-02-03 06:37:06.439663
COMP,25.02,25.02,25.03,144100.0,139600.0,0,0,0,0,0,0,128,2026-02-03 06:37:06.439663
RITC,9.96,9.95,9.96,209300.0,208600.0,0,0,0,0,0,0,129,2026-02-03 06:37:07.459448
COMP,24.99,24.99,25.03,142300.0,139600.0,0,0,0,0,0,0,129,2026-02-03 06:37:07.459448
RITC,9.96,9.95,9.96,209300.0,209400.0,0,0,0,0,0,0,130,2026-02-03 06:37:08.492850
COMP,24.99,24.99,25.03,142300.0,138600.0,0,0,0,0,0,0,130,2026-02-03 06:37:08.492850
RITC,9.97,9.95,9.97,209300.0,206900.0,0,0,0,0,0,0,131,2026-02-03 06:37:09.532830
COMP,24.99,24.99,25.03,142300.0,139900.0,0,0,0,0,0,0,131,2026-02-03 06:37:09.532830
RITC,9.97,9.95,9.97,209300.0,204500.0,0,0,0,0,0,0,132,2026-02-03 06:37:10.565472
COMP,24.99,24.99,25.03,142300.0,140000.0,0,0,0,0,0,0,132,2026-02-03 06:37:10.565472
RITC,9.98,9.96,9.98,206000.0,205500.0,0,0,0,0,0,0,133,2026-02-03 06:37:11.617354
COMP,24.99,24.99,25.03,141200.0,138400.0,0,0,0,0,0,0,133,2026-02-03 06:37:11.617354
RITC,9.98,9.97,9.98,206700.0,204300.0,0,0,0,0,0,0,134,2026-02-03 06:37:12.654804
COMP,24.99,24.99,25.03,141200.0,138700.0,0,0,0,0,0,0,134,2026-02-03 06:37:12.654804
RITC,9.98,9.97,9.98,207100.0,201800.0,0,0,0,0,0,0,135,2026-02-03 06:37:13.692450
COMP,24.97,24.97,25.03,140200.0,138700.0,0,0,0,0,0,0,135,2026-02-03 06:37:13.692450
RITC,9.97,9.97,9.99,207700.0,202800.0,0,0,0,0,0,0,136,2026-02-03 06:37:14.726271
COMP,24.97,24.97,25.03,140200.0,138500.0,0,0,0,0,0,0,136,2026-02-03 06:37:14.726271
RITC,9.97,9.97,9.98,206200.0,203400.0,0,0,0,0,0,0,137,2026-02-03 06:37:15.761269
COMP,24.97,24.97,25.01,140200.0,140100.0,0,0,0,0,0,0,137,2026-02-03 06:37:15.761269
RITC,9.99,9.97,9.99,206200.0,204100.0,0,0,0,0,0,0,138,2026-02-03 06:37:16.794324
COMP,24.96,24.96,25.01,140000.0,140100.0,0,0,0,0,0,0,138,2026-02-03 06:37:16.794324
RITC,9.99,9.97,9.99,206900.0,201800.0,0,0,0,0,0,0,139,2026-02-03 06:37:17.821967
COMP,24.96,24.96,25.01,140000.0,140100.0,0,0,0,0,0,0,139,2026-02-03 06:37:17.821967
RITC,9.99,9.97,9.99,206900.0,204000.0,0,0,0,0,0,0,140,2026-02-03 06:37:18.848584
COMP,24.96,24.96,25.01,140000.0,139800.0,0,0,0,0,0,0,140,2026-02-03 06:37:18.848584
RITC,9.99,9.98,9.99,207700.0,204000.0,0,0,0,0,0,0,141,2026-02-03 06:37:19.378231
COMP,24.96,24.96,25.01,140000.0,139800.0,0,0,0,0,0,0,141,2026-02-03 06:37:19.378231
RITC,9.98,9.98,9.99,207700.0,203800.0,0,0,0,0,0,0,142,2026-02-03 06:37:20.403015
COMP,24.96,24.96,24.97,140000.0,139600.0,0,0,0,0,0,0,142,2026-02-03 06:37:20.403015
RITC,9.97,9.97,9.98,205700.0,206300.0,0,0,0,0,0,0,143,2026-02-03 06:37:21.429052
COMP,24.96,24.96,24.97,139400.0,139600.0,0,0,0,0,0,0,143,2026-02-03 06:37:21.429052
RITC,9.96,9.96,9.98,208000.0,204200.0,0,0,0,0,0,0,144,2026-02-03 06:37:22.456554
COMP,24.93,24.93,24.97,138200.0,139600.0,0,0,0,0,0,0,144,2026-02-03 06:37:22.456554
RITC,9.94,9.94,9.96,209700.0,205000.0,0,0,0,0,0,0,145,2026-02-03 06:37:23.483686
COMP,24.93,24.93,24.97,138200.0,139600.0,0,0,0,0,0,0,145,2026-02-03 06:37:23.483686
RITC,9.98,9.94,9.95,209700.0,202800.0,0,0,0,0,0,0,146,2026-02-03 06:37:24.504854
COMP,24.93,24.89,24.9,138500.0,141500.0,0,0,0,0,0,0,146,2026-02-03 06:37:24.504854
RITC,9.98,9.94,9.95,207500.0,203300.0,0,0,0,0,0,0,147,2026-02-03 06:37:25.529140
COMP,24.93,24.89,24.9,138500.0,142500.0,0,0,0,0,0,0,147,2026-02-03 06:37:25.529140
RITC,9.97,9.95,9.97,209000.0,204600.0,0,0,0,0,0,0,148,2026-02-03 06:37:26.552359
COMP,24.86,24.86,24.89,130800.0,143100.0,0,0,0,0,0,0,148,2026-02-03 06:37:26.552359
RITC,9.98,9.98,9.99,207800.0,203800.0,0,0,0,0,0,0,149,2026-02-03 06:37:27.583086
COMP,24.86,24.86,24.87,130800.0,143800.0,0,0,0,0,0,0,149,2026-02-03 06:37:27.583086
RITC,9.99,9.99,10.0,205600.0,201200.0,0,0,0,0,0,0,150,2026-02-03 06:37:28.618596
COMP,24.86,24.86,24.87,130800.0,145600.0,0,0,0,0,0,0,150,2026-02-03 06:37:28.618596
RITC,9.95,9.95,9.99,209000.0,204300.0,0,0,0,0,0,0,151,2026-02-03 06:37:29.655260
COMP,24.86,24.86,24.87,130800.0,145900.0,0,0,0,0,0,0,151,2026-02-03 06:37:29.655260
RITC,9.98,9.95,9.98,209000.0,206000.0,0,0,0,0,0,0,152,2026-02-03 06:37:30.708276
COMP,24.86,24.86,24.87,122700.0,145900.0,0,0,0,0,0,0,152,2026-02-03 06:37:30.708276
RITC,9.99,9.95,9.99,209400.0,204300.0,0,0,0,0,0,0,153,2026-02-03 06:37:31.755735
COMP,24.82,24.82,24.86,110500.0,147400.0,0,0,0,0,0,0,153,2026-02-03 06:37:31.755735
RITC,9.95,9.94,9.95,209200.0,203600.0,0,0,0,0,0,0,154,2026-02-03 06:37:32.783865
COMP,24.81,24.81,24.86,102300.0,146300.0,0,0,0,0,0,0,154,2026-02-03 06:37:32.783865
RITC,9.95,9.96,9.99,206300.0,202800.0,0,0,0,0,0,0,155,2026-02-03 06:37:33.821963
COMP,24.81,24.81,24.86,102300.0,147600.0,0,0,0,0,0,0,155,2026-02-03 06:37:33.821963
RITC,9.95,9.97,9.99,205800.0,202800.0,0,0,0,0,0,0,156,2026-02-03 06:37:34.859234
COMP,24.8,24.8,24.85,95700.0,145800.0,0,0,0,0,0,0,156,2026-02-03 06:37:34.859234
RITC,10.0,9.97,10.0,205800.0,198700.0,0,0,0,0,0,0,157,2026-02-03 06:37:35.897522
COMP,24.8,24.8,24.85,95700.0,145200.0,0,0,0,0,0,0,157,2026-02-03 06:37:35.897522
RITC,10.0,9.97,10.0,205800.0,198700.0,0,0,0,0,0,0,158,2026-02-03 06:37:36.430308
COMP,24.8,24.8,24.85,95700.0,146500.0,0,0,0,0,0,0,158,2026-02-03 06:37:36.430308
RITC,10.0,9.98,10.0,203800.0,198700.0,0,0,0,0,0,0,159,2026-02-03 06:37:37.501408
COMP,24.78,24.78,24.85,89600.0,146900.0,0,0,0,0,0,0,159,2026-02-03 06:37:37.501408
RITC,10.0,9.98,10.0,201300.0,195400.0,0,0,0,0,0,0,160,2026-02-03 06:37:38.528350
COMP,24.78,24.78,24.85,82100.0,146900.0,0,0,0,0,0,0,160,2026-02-03 06:37:38.528350
RITC,9.98,9.97,9.98,202200.0,196900.0,0,0,0,0,0,0,161,2026-02-03 06:37:39.548200
COMP,24.78,24.78,24.81,82100.0,146500.0,0,0,0,0,0,0,161,2026-02-03 06:37:39.548200
RITC,10.0,9.97,10.0,202200.0,194700.0,0,0,0,0,0,0,162,2026-02-03 06:37:40.568797
COMP,24.78,24.78,24.81,82100.0,146500.0,0,0,0,0,0,0,162,2026-02-03 06:37:40.568797
RITC,9.97,9.97,10.0,204100.0,194700.0,0,0,0,0,0,0,163,2026-02-03 06:37:41.595834
COMP,24.77,24.77,24.81,75500.0,146300.0,0,0,0,0,0,0,163,2026-02-03 06:37:41.595834
RITC,10.01,9.97,10.01,204100.0,191200.0,0,0,0,0,0,0,164,2026-02-03 06:37:42.629558
COMP,24.77,24.75,24.76,67400.0,146300.0,0,0,0,0,0,0,164,2026-02-03 06:37:42.629558
RITC,9.96,9.96,10.0,207800.0,195100.0,0,0,0,0,0,0,165,2026-02-03 06:37:43.653862
COMP,24.77,24.75,24.76,67400.0,147200.0,0,0,0,0,0,0,165,2026-02-03 06:37:43.653862
RITC,9.96,9.96,9.97,204200.0,194000.0,0,0,0,0,0,0,166,2026-02-03 06:37:44.680754
COMP,24.77,24.75,24.76,67400.0,146500.0,0,0,0,0,0,0,166,2026-02-03 06:37:44.680754
RITC,9.97,9.97,10.0,201900.0,195100.0,0,0,0,0,0,0,167,2026-02-03 06:37:45.707222
COMP,24.75,24.72,24.76,66700.0,146500.0,0,0,0,0,0,0,167,2026-02-03 06:37:45.707222
RITC,9.97,9.98,10.0,203200.0,195100.0,0,0,0,0,0,0,168,2026-02-03 06:37:46.750368
COMP,24.75,24.72,24.76,66700.0,145700.0,0,0,0,0,0,0,168,2026-02-03 06:37:46.750368
RITC,10.0,9.99,10.0,202100.0,195100.0,0,0,0,0,0,0,169,2026-02-03 06:37:47.789958
COMP,24.75,24.72,24.75,66700.0,146700.0,0,0,0,0,0,0,169,2026-02-03 06:37:47.789958
RITC,10.0,10.0,10.01,202700.0,194500.0,0,0,0,0,0,0,170,2026-02-03 06:37:48.823979
COMP,24.72,24.72,24.75,66700.0,146700.0,0,0,0,0,0,0,170,2026-02-03 06:37:48.823979
RITC,10.0,10.0,10.01,203700.0,194500.0,0,0,0,0,0,0,171,2026-02-03 06:37:49.854775
COMP,24.69,24.69,24.72,67800.0,146700.0,0,0,0,0,0,0,171,2026-02-03 06:37:49.854775
RITC,10.0,10.0,10.01,202200.0,195600.0,0,0,0,0,0,0,172,2026-02-03 06:37:50.902070
COMP,24.69,24.69,24.72,67800.0,146700.0,0,0,0,0,0,0,172,2026-02-03 06:37:50.902070
RITC,10.01,10.0,10.01,202200.0,196600.0,0,0,0,0,0,0,173,2026-02-03 06:37:51.958016
COMP,24.68,24.68,24.72,69900.0,146700.0,0,0,0,0,0,0,173,2026-02-03 06:37:51.958016
RITC,10.01,10.0,10.01,201100.0,195800.0,0,0,0,0,0,0,174,2026-02-03 06:37:52.995845
COMP,24.66,24.66,24.72,69900.0,146700.0,0,0,0,0,0,0,174,2026-02-03 06:37:52.995845
RITC,10.01,10.0,10.01,201100.0,195800.0,0,0,0,0,0,0,175,2026-02-03 06:37:53.519009
COMP,24.66,24.66,24.69,69900.0,146200.0,0,0,0,0,0,0,175,2026-02-03 06:37:53.519009
RITC,10.0,10.0,10.01,199400.0,197600.0,0,0,0,0,0,0,176,2026-02-03 06:37:54.545016
COMP,24.66,24.58,24.63,70200.0,147700.0,0,0,0,0,0,0,176,2026-02-03 06:37:54.545016
RITC,10.02,10.0,10.02,199400.0,195900.0,0,0,0,0,0,0,177,2026-02-03 06:37:55.567806
COMP,24.66,24.58,24.63,70200.0,148400.0,0,0,0,0,0,0,177,2026-02-03 06:37:55.567806
RITC,10.02,10.0,10.02,198500.0,194600.0,0,0,0,0,0,0,178,2026-02-03 06:37:56.592162
COMP,24.66,24.58,24.63,70200.0,147500.0,0,0,0,0,0,0,178,2026-02-03 06:37:56.592162
RITC,10.02,10.0,10.02,198500.0,195700.0,0,0,0,0,0,0,179,2026-02-03 06:37:57.610336
COMP,24.66,24.58,24.63,70200.0,148800.0,0,0,0,0,0,0,179,2026-02-03 06:37:57.610336
RITC,10.02,10.01,10.02,199000.0,195700.0,0,0,0,0,0,0,180,2026-02-03 06:37:58.634580
COMP,24.58,24.56,24.57,72300.0,147200.0,0,0,0,0,0,0,180,2026-02-03 06:37:58.634580
RITC,10.02,10.01,10.02,199000.0,199500.0,0,0,0,0,0,0,181,2026-02-03 06:37:59.653967
COMP,24.58,24.56,24.57,72300.0,147100.0,0,0,0,0,0,0,181,2026-02-03 06:37:59.653967
RITC,10.02,10.01,10.02,199000.0,196500.0,0,0,0,0,0,0,182,2026-02-03 06:38:00.679169
COMP,24.56,24.56,24.57,72300.0,147100.0,0,0,0,0,0,0,182,2026-02-03 06:38:00.679169
RITC,10.02,10.01,10.02,196300.0,196500.0,0,0,0,0,0,0,183,2026-02-03 06:38:01.701231
COMP,24.5,24.5,24.57,73100.0,148800.0,0,0,0,0,0,0,183,2026-02-03 06:38:01.701231
RITC,10.02,10.01,10.02,194100.0,196500.0,0,0,0,0,0,0,184,2026-02-03 06:38:02.724643
COMP,24.5,24.53,24.57,81500.0,148800.0,0,0,0,0,0,0,184,2026-02-03 06:38:02.724643
RITC,10.02,10.01,10.02,196200.0,196500.0,0,0,0,0,0,0,185,2026-02-03 06:38:03.749292
COMP,24.5,24.53,24.56,81500.0,149500.0,0,0,0,0,0,0,185,2026-02-03 06:38:03.749292
RITC,10.03,10.01,10.03,196200.0,197200.0,0,0,0,0,0,0,186,2026-02-03 06:38:04.777515
COMP,24.5,24.55,24.56,87500.0,149000.0,0,0,0,0,0,0,186,2026-02-03 06:38:04.777515
RITC,10.04,10.01,10.04,198000.0,198300.0,0,0,0,0,0,0,187,2026-02-03 06:38:05.799969
COMP,24.5,24.55,24.56,87500.0,147200.0,0,0,0,0,0,0,187,2026-02-03 06:38:05.799969
RITC,10.04,10.03,10.04,199700.0,198300.0,0,0,0,0,0,0,188,2026-02-03 06:38:06.829799
COMP,24.53,24.53,24.56,81500.0,147200.0,0,0,0,0,0,0,188,2026-02-03 06:38:06.829799
RITC,10.04,10.03,10.04,198300.0,197100.0,0,0,0,0,0,0,189,2026-02-03 06:38:07.857051
COMP,24.57,24.53,24.58,81500.0,148900.0,0,0,0,0,0,0,189,2026-02-03 06:38:07.857051
RITC,10.05,10.04,10.05,197800.0,194700.0,0,0,0,0,0,0,190,2026-02-03 06:38:08.879915
COMP,24.53,24.5,24.52,73100.0,149000.0,0,0,0,0,0,0,190,2026-02-03 06:38:08.879915
RITC,10.06,10.04,10.06,197800.0,196000.0,0,0,0,0,0,0,191,2026-02-03 06:38:09.909478
COMP,24.52,24.53,24.58,78900.0,148300.0,0,0,0,0,0,0,191,2026-02-03 06:38:09.909478
RITC,10.06,10.05,10.06,199000.0,193400.0,0,0,0,0,0,0,192,2026-02-03 06:38:10.936504
COMP,24.52,24.53,24.58,87500.0,148300.0,0,0,0,0,0,0,192,2026-02-03 06:38:10.936504
RITC,10.06,10.05,10.06,202500.0,193400.0,0,0,0,0,0,0,193,2026-02-03 06:38:11.975379
COMP,24.52,24.53,24.58,95800.0,146300.0,0,0,0,0,0,0,193,2026-02-03 06:38:11.975379
RITC,10.07,10.05,10.07,202000.0,196400.0,0,0,0,0,0,0,194,2026-02-03 06:38:13.016642
COMP,24.52,24.53,24.58,102000.0,146300.0,0,0,0,0,0,0,194,2026-02-03 06:38:13.016642
RITC,10.07,10.06,10.07,203400.0,196400.0,0,0,0,0,0,0,195,2026-02-03 06:38:14.071365
COMP,24.58,24.53,24.58,102000.0,148200.0,0,0,0,0,0,0,195,2026-02-03 06:38:14.071365
RITC,10.08,10.07,10.08,204400.0,199200.0,0,0,0,0,0,0,196,2026-02-03 06:38:15.119566
COMP,24.58,24.54,24.58,108200.0,148200.0,0,0,0,0,0,0,196,2026-02-03 06:38:15.119566
RITC,10.08,10.07,10.08,204700.0,199200.0,0,0,0,0,0,0,197,2026-02-03 06:38:15.656707
COMP,24.58,24.54,24.55,108200.0,146600.0,0,0,0,0,0,0,197,2026-02-03 06:38:15.656707
RITC,10.09,10.08,10.09,202800.0,201700.0,0,0,0,0,0,0,198,2026-02-03 06:38:16.678328
COMP,24.53,24.53,24.55,102000.0,146600.0,0,0,0,0,0,0,198,2026-02-03 06:38:16.678328
RITC,10.09,10.08,10.09,201500.0,201700.0,0,0,0,0,0,0,199,2026-02-03 06:38:17.699938
COMP,24.52,24.52,24.54,96200.0,145000.0,0,0,0,0,0,0,199,2026-02-03 06:38:17.699938
RITC,10.09,10.08,10.09,199500.0,199700.0,0,0,0,0,0,0,200,2026-02-03 06:38:18.725749
COMP,24.5,24.5,24.54,83700.0,144900.0,0,0,0,0,0,0,200,2026-02-03 06:38:18.725749
RITC,10.09,10.08,10.09,198200.0,202700.0,0,0,0,0,0,0,201,2026-02-03 06:38:19.750049
COMP,24.48,24.48,24.54,75400.0,144900.0,0,0,0,0,0,0,201,2026-02-03 06:38:19.750049
RITC,10.09,10.08,10.09,200300.0,201200.0,0,0,0,0,0,0,202,2026-02-03 06:38:20.773290
COMP,24.54,24.52,24.54,81400.0,144900.0,0,0,0,0,0,0,202,2026-02-03 06:38:20.773290
RITC,10.09,10.08,10.09,200300.0,192500.0,0,0,0,0,0,0,203,2026-02-03 06:38:21.804395
COMP,24.55,24.52,24.55,81400.0,146300.0,0,0,0,0,0,0,203,2026-02-03 06:38:21.804395
RITC,10.09,10.08,10.09,198400.0,192500.0,0,0,0,0,0,0,204,2026-02-03 06:38:22.836404
COMP,24.55,24.57,24.58,87100.0,148200.0,0,0,0,0,0,0,204,2026-02-03 06:38:22.836404
RITC,10.09,10.08,10.09,198100.0,192500.0,0,0,0,0,0,0,205,2026-02-03 06:38:23.859652
COMP,24.59,24.57,24.59,87100.0,148700.0,0,0,0,0,0,0,205,2026-02-03 06:38:23.859652
RITC,10.1,10.08,10.1,199100.0,180900.0,0,0,0,0,0,0,206,2026-02-03 06:38:24.884710
COMP,24.59,24.57,24.59,99800.0,148700.0,0,0,0,0,0,0,206,2026-02-03 06:38:24.884710
RITC,10.08,10.08,10.1,199500.0,180900.0,0,0,0,0,0,0,207,2026-02-03 06:38:25.908618
COMP,24.59,24.57,24.59,105800.0,148700.0,0,0,0,0,0,0,207,2026-02-03 06:38:25.908618
RITC,10.08,10.08,10.1,202300.0,180900.0,0,0,0,0,0,0,208,2026-02-03 06:38:26.926593
COMP,24.59,24.58,24.59,120600.0,148700.0,0,0,0,0,0,0,208,2026-02-03 06:38:26.926593
RITC,10.11,10.09,10.11,204600.0,171300.0,0,0,0,0,0,0,209,2026-02-03 06:38:27.950308
COMP,24.59,24.58,24.59,120600.0,148700.0,0,0,0,0,0,0,209,2026-02-03 06:38:27.950308
RITC,10.11,10.09,10.11,203800.0,159900.0,0,0,0,0,0,0,210,2026-02-03 06:38:28.973562
COMP,24.6,24.58,24.59,120600.0,147500.0,0,0,0,0,0,0,210,2026-02-03 06:38:28.973562
RITC,10.12,10.09,10.12,203800.0,140800.0,0,0,0,0,0,0,211,2026-02-03 06:38:29.996614
COMP,24.6,24.62,24.63,129000.0,147500.0,0,0,0,0,0,0,211,2026-02-03 06:38:29.996614
RITC,10.11,10.11,10.12,202600.0,140800.0,0,0,0,0,0,0,212,2026-02-03 06:38:31.020506
COMP,24.63,24.63,24.64,136200.0,147200.0,0,0,0,0,0,0,212,2026-02-03 06:38:31.020506
RITC,10.12,10.11,10.12,202600.0,150400.0,0,0,0,0,0,0,213,2026-02-03 06:38:32.045031
COMP,24.63,24.63,24.64,144400.0,147200.0,0,0,0,0,0,0,213,2026-02-03 06:38:32.045031
RITC,10.13,10.11,10.13,202600.0,140600.0,0,0,0,0,0,0,214,2026-02-03 06:38:33.082314
COMP,24.6,24.6,24.61,128800.0,148000.0,0,0,0,0,0,0,214,2026-02-03 06:38:33.082314
RITC,10.13,10.12,10.13,203700.0,137800.0,0,0,0,0,0,0,215,2026-02-03 06:38:34.124593
COMP,24.6,24.6,24.61,135900.0,148000.0,0,0,0,0,0,0,215,2026-02-03 06:38:34.124593
RITC,10.14,10.12,10.14,203700.0,138800.0,0,0,0,0,0,0,216,2026-02-03 06:38:35.162280
COMP,24.61,24.63,24.64,143600.0,147200.0,0,0,0,0,0,0,216,2026-02-03 06:38:35.162280
RITC,10.14,10.13,10.14,202100.0,121100.0,0,0,0,0,0,0,217,2026-02-03 06:38:36.198766
COMP,24.64,24.63,24.64,143900.0,147200.0,0,0,0,0,0,0,217,2026-02-03 06:38:36.198766
RITC,10.12,10.12,10.14,203700.0,121100.0,0,0,0,0,0,0,218,2026-02-03 06:38:36.728390
COMP,24.64,24.63,24.64,143900.0,146000.0,0,0,0,0,0,0,218,2026-02-03 06:38:36.728390
RITC,10.14,10.13,10.16,204200.0,110500.0,0,0,0,0,0,0,219,2026-02-03 06:38:37.752370
COMP,24.64,24.64,24.66,144400.0,147400.0,0,0,0,0,0,0,219,2026-02-03 06:38:37.752370
RITC,10.13,10.12,10.15,203700.0,122300.0,0,0,0,0,0,0,220,2026-02-03 06:38:38.775048
COMP,24.66,24.64,24.66,144400.0,147400.0,0,0,0,0,0,0,220,2026-02-03 06:38:38.775048
RITC,10.11,10.11,10.15,202200.0,122300.0,0,0,0,0,0,0,221,2026-02-03 06:38:39.799219
COMP,24.66,24.65,24.66,144100.0,147400.0,0,0,0,0,0,0,221,2026-02-03 06:38:39.799219
RITC,10.13,10.13,10.15,204200.0,122300.0,0,0,0,0,0,0,222,2026-02-03 06:38:40.818888
COMP,24.67,24.65,24.67,146400.0,145800.0,0,0,0,0,0,0,222,2026-02-03 06:38:40.818888
RITC,10.15,10.13,10.15,204200.0,122300.0,0,0,0,0,0,0,223,2026-02-03 06:38:41.842587
COMP,24.67,24.65,24.67,146400.0,146600.0,0,0,0,0,0,0,223,2026-02-03 06:38:41.842587
RITC,10.11,10.12,10.15,202900.0,122300.0,0,0,0,0,0,0,224,2026-02-03 06:38:42.867260
COMP,24.67,24.67,24.69,146700.0,146400.0,0,0,0,0,0,0,224,2026-02-03 06:38:42.867260
RITC,10.16,10.15,10.16,201600.0,102200.0,0,0,0,0,0,0,225,2026-02-03 06:38:43.892011
COMP,24.67,24.68,24.69,146100.0,146400.0,0,0,0,0,0,0,225,2026-02-03 06:38:43.892011
RITC,10.18,10.15,10.18,202500.0,101900.0,0,0,0,0,0,0,226,2026-02-03 06:38:44.925213
COMP,24.71,24.68,24.71,146100.0,145500.0,0,0,0,0,0,0,226,2026-02-03 06:38:44.925213
RITC,10.2,10.18,10.2,204100.0,102200.0,0,0,0,0,0,0,227,2026-02-03 06:38:45.945916
COMP,24.71,24.68,24.71,146800.0,145500.0,0,0,0,0,0,0,227,2026-02-03 06:38:45.945916
RITC,10.22,10.18,10.22,204100.0,100200.0,0,0,0,0,0,0,228,2026-02-03 06:38:46.967118
COMP,24.72,24.68,24.72,145200.0,146700.0,0,0,0,0,0,0,228,2026-02-03 06:38:46.967118
RITC,10.22,10.21,10.22,201400.0,100200.0,0,0,0,0,0,0,229,2026-02-03 06:38:47.996089
COMP,24.72,24.68,24.72,145200.0,146700.0,0,0,0,0,0,0,229,2026-02-03 06:38:47.996089
RITC,10.22,10.21,10.22,198500.0,100200.0,0,0,0,0,0,0,230,2026-02-03 06:38:49.018793
COMP,24.75,24.74,24.75,144800.0,146700.0,0,0,0,0,0,0,230,2026-02-03 06:38:49.018793
RITC,10.22,10.2,10.22,199700.0,99100.0,0,0,0,0,0,0,231,2026-02-03 06:38:50.046873
COMP,24.76,24.78,24.79,143000.0,145000.0,0,0,0,0,0,0,231,2026-02-03 06:38:50.046873
RITC,10.23,10.21,10.23,196100.0,98800.0,0,0,0,0,0,0,232,2026-02-03 06:38:51.070910
COMP,24.81,24.78,24.81,143000.0,144900.0,0,0,0,0,0,0,232,2026-02-03 06:38:51.070910
RITC,10.21,10.22,10.23,199600.0,98800.0,0,0,0,0,0,0,233,2026-02-03 06:38:52.093489
COMP,24.81,24.78,24.81,140800.0,144900.0,0,0,0,0,0,0,233,2026-02-03 06:38:52.093489
RITC,10.21,10.22,10.23,197800.0,98800.0,0,0,0,0,0,0,234,2026-02-03 06:38:53.123421
COMP,24.81,24.79,24.81,139600.0,144900.0,0,0,0,0,0,0,234,2026-02-03 06:38:53.123421
RITC,10.24,10.22,10.24,197800.0,96500.0,0,0,0,0,0,0,235,2026-02-03 06:38:54.149561
COMP,24.79,24.79,24.81,139600.0,144900.0,0,0,0,0,0,0,235,2026-02-03 06:38:54.149561
RITC,10.24,10.22,10.24,199300.0,96500.0,0,0,0,0,0,0,236,2026-02-03 06:38:55.176931
COMP,24.79,24.79,24.81,139700.0,144900.0,0,0,0,0,0,0,236,2026-02-03 06:38:55.176931
RITC,10.24,10.23,10.24,195200.0,96500.0,0,0,0,0,0,0,237,2026-02-03 06:38:56.202086
COMP,24.79,24.79,24.81,140100.0,144900.0,0,0,0,0,0,0,237,2026-02-03 06:38:56.202086
RITC,10.24,10.23,10.24,194600.0,96600.0,0,0,0,0,0,0,238,2026-02-03 06:38:57.234754
COMP,24.81,24.79,24.81,140100.0,145100.0,0,0,0,0,0,0,238,2026-02-03 06:38:57.234754
RITC,10.26,10.23,10.26,194600.0,96500.0,0,0,0,0,0,0,239,2026-02-03 06:38:58.268383
COMP,24.81,24.79,24.81,140100.0,143500.0,0,0,0,0,0,0,239,2026-02-03 06:38:58.268383
RITC,10.26,10.23,10.26,196400.0,96500.0,0,0,0,0,0,0,240,2026-02-03 06:38:59.297290
COMP,24.82,24.79,24.82,140100.0,142400.0,0,0,0,0,0,0,240,2026-02-03 06:38:59.297290
RITC,10.27,10.25,10.27,196300.0,97600.0,0,0,0,0,0,0,241,2026-02-03 06:39:00.325233
COMP,24.82,24.79,24.82,139800.0,143100.0,0,0,0,0,0,0,241,2026-02-03 06:39:00.325233
RITC,10.27,10.26,10.27,197100.0,97600.0,0,0,0,0,0,0,242,2026-02-03 06:39:01.356573
COMP,24.84,24.79,24.84,139800.0,143600.0,0,0,0,0,0,0,242,2026-02-03 06:39:01.356573
RITC,10.27,10.26,10.27,198300.0,97600.0,0,0,0,0,0,0,243,2026-02-03 06:39:02.383350
COMP,24.84,24.81,24.84,140800.0,143600.0,0,0,0,0,0,0,243,2026-02-03 06:39:02.383350
RITC,10.3,10.28,10.3,197100.0,97300.0,0,0,0,0,0,0,244,2026-02-03 06:39:02.906105
COMP,24.84,24.81,24.84,140800.0,143600.0,0,0,0,0,0,0,244,2026-02-03 06:39:02.906105
RITC,10.3,10.28,10.3,198300.0,97300.0,0,0,0,0,0,0,245,2026-02-03 06:39:03.933007
COMP,24.84,24.84,24.85,138900.0,142600.0,0,0,0,0,0,0,245,2026-02-03 06:39:03.933007
RITC,10.3,10.28,10.3,198300.0,95100.0,0,0,0,0,0,0,246,2026-02-03 06:39:04.958445
COMP,24.84,24.84,24.85,138900.0,142600.0,0,0,0,0,0,0,246,2026-02-03 06:39:04.958445
RITC,10.3,10.28,10.3,197700.0,95100.0,0,0,0,0,0,0,247,2026-02-03 06:39:05.978595
COMP,24.84,24.84,24.85,139200.0,142600.0,0,0,0,0,0,0,247,2026-02-03 06:39:05.978595
RITC,10.3,10.3,10.31,195400.0,96900.0,0,0,0,0,0,0,248,2026-02-03 06:39:07.003490
COMP,24.84,24.84,24.85,139200.0,141100.0,0,0,0,0,0,0,248,2026-02-03 06:39:07.003490
RITC,10.3,10.3,10.31,193600.0,96900.0,0,0,0,0,0,0,249,2026-02-03 06:39:08.027115
COMP,24.84,24.84,24.85,137700.0,141100.0,0,0,0,0,0,0,249,2026-02-03 06:39:08.027115
RITC,10.3,10.3,10.31,194300.0,96900.0,0,0,0,0,0,0,250,2026-02-03 06:39:09.056222
COMP,24.84,24.84,24.85,138200.0,141100.0,0,0,0,0,0,0,250,2026-02-03 06:39:09.056222
RITC,10.32,10.31,10.32,192700.0,97200.0,0,0,0,0,0,0,251,2026-02-03 06:39:10.081811
COMP,24.84,24.84,24.85,137700.0,141100.0,0,0,0,0,0,0,251,2026-02-03 06:39:10.081811
RITC,10.33,10.31,10.33,192700.0,94700.0,0,0,0,0,0,0,252,2026-02-03 06:39:11.110141
COMP,24.85,24.84,24.85,138200.0,141100.0,0,0,0,0,0,0,252,2026-02-03 06:39:11.110141
RITC,10.33,10.31,10.33,197300.0,94700.0,0,0,0,0,0,0,253,2026-02-03 06:39:12.176414
COMP,24.85,24.84,24.85,137900.0,141100.0,0,0,0,0,0,0,253,2026-02-03 06:39:12.176414
RITC,10.34,10.31,10.34,195200.0,96200.0,0,0,0,0,0,0,254,2026-02-03 06:39:13.195740
COMP,24.85,24.84,24.85,138900.0,141100.0,0,0,0,0,0,0,254,2026-02-03 06:39:13.195740
RITC,10.35,10.34,10.35,192700.0,97400.0,0,0,0,0,0,0,255,2026-02-03 06:39:14.215617
COMP,24.85,24.84,24.85,138900.0,142100.0,0,0,0,0,0,0,255,2026-02-03 06:39:14.215617
RITC,10.35,10.34,10.35,190200.0,97400.0,0,0,0,0,0,0,256,2026-02-03 06:39:15.241369
COMP,24.85,24.84,24.85,139200.0,142100.0,0,0,0,0,0,0,256,2026-02-03 06:39:15.241369
RITC,10.35,10.34,10.35,188600.0,97400.0,0,0,0,0,0,0,257,2026-02-03 06:39:16.267821
COMP,24.85,24.84,24.85,139900.0,142100.0,0,0,0,0,0,0,257,2026-02-03 06:39:16.267821
RITC,10.35,10.34,10.35,186000.0,97400.0,0,0,0,0,0,0,258,2026-02-03 06:39:17.288406
COMP,24.85,24.84,24.85,139900.0,142100.0,0,0,0,0,0,0,258,2026-02-03 06:39:17.288406
RITC,10.37,10.34,10.37,183800.0,96100.0,0,0,0,0,0,0,259,2026-02-03 06:39:18.325679
COMP,24.86,24.84,24.86,137900.0,143400.0,0,0,0,0,0,0,259,2026-02-03 06:39:18.325679
RITC,10.37,10.36,10.37,183000.0,96100.0,0,0,0,0,0,0,260,2026-02-03 06:39:19.365452
COMP,24.86,24.84,24.86,137200.0,143400.0,0,0,0,0,0,0,260,2026-02-03 06:39:19.365452
RITC,10.37,10.36,10.37,182700.0,96100.0,0,0,0,0,0,0,261,2026-02-03 06:39:20.404488
COMP,24.86,24.84,24.86,137200.0,144100.0,0,0,0,0,0,0,261,2026-02-03 06:39:20.404488
RITC,10.37,10.37,10.4,182300.0,93500.0,0,0,0,0,0,0,262,2026-02-03 06:39:21.439989
COMP,24.86,24.84,24.86,137500.0,143200.0,0,0,0,0,0,0,262,2026-02-03 06:39:21.439989
RITC,10.4,10.39,10.4,182400.0,91900.0,0,0,0,0,0,0,263,2026-02-03 06:39:22.468904
COMP,24.86,24.84,24.86,137800.0,143800.0,0,0,0,0,0,0,263,2026-02-03 06:39:22.468904
RITC,10.43,10.43,10.5,183900.0,89800.0,0,0,0,0,0,0,264,2026-02-03 06:39:23.508577
COMP,24.86,24.84,24.86,137800.0,144900.0,0,0,0,0,0,0,264,2026-02-03 06:39:23.508577
RITC,10.51,10.47,10.51,182700.0,92700.0,0,0,0,0,0,0,265,2026-02-03 06:39:24.552072
COMP,24.86,24.84,24.86,137200.0,145500.0,0,0,0,0,0,0,265,2026-02-03 06:39:24.552072
RITC,10.51,10.47,10.5,182700.0,102900.0,0,0,0,0,0,0,266,2026-02-03 06:39:25.081148
COMP,24.86,24.84,24.86,137400.0,145500.0,0,0,0,0,0,0,266,2026-02-03 06:39:25.081148
RITC,10.43,10.43,10.47,183900.0,112800.0,0,0,0,0,0,0,267,2026-02-03 06:39:26.108671
COMP,24.86,24.86,24.87,136900.0,144600.0,0,0,0,0,0,0,267,2026-02-03 06:39:26.108671
RITC,10.43,10.43,10.45,183500.0,120900.0,0,0,0,0,0,0,268,2026-02-03 06:39:27.134722
COMP,24.87,24.86,24.87,136900.0,144600.0,0,0,0,0,0,0,268,2026-02-03 06:39:27.134722
RITC,10.43,10.44,10.45,183800.0,129100.0,0,0,0,0,0,0,269,2026-02-03 06:39:28.174081
COMP,24.87,24.86,24.87,138900.0,144600.0,0,0,0,0,0,0,269,2026-02-03 06:39:28.174081
RITC,10.45,10.45,10.46,184000.0,121000.0,0,0,0,0,0,0,270,2026-02-03 06:39:29.196471
COMP,24.87,24.86,24.87,138900.0,144600.0,0,0,0,0,0,0,270,2026-02-03 06:39:29.196471
RITC,10.47,10.47,10.49,182100.0,112100.0,0,0,0,0,0,0,271,2026-02-03 06:39:30.223597
COMP,24.87,24.86,24.87,138900.0,145500.0,0,0,0,0,0,0,271,2026-02-03 06:39:30.223597
RITC,10.49,10.49,10.5,184300.0,102900.0,0,0,0,0,0,0,272,2026-02-03 06:39:31.248339
COMP,24.88,24.86,24.88,138900.0,146800.0,0,0,0,0,0,0,272,2026-02-03 06:39:31.248339
RITC,10.5,10.49,10.5,184300.0,102900.0,0,0,0,0,0,0,273,2026-02-03 06:39:32.270970
COMP,24.88,24.86,24.88,138900.0,149100.0,0,0,0,0,0,0,273,2026-02-03 06:39:32.270970
RITC,10.48,10.48,10.5,184500.0,102900.0,0,0,0,0,0,0,274,2026-02-03 06:39:33.297401
COMP,24.88,24.86,24.88,140400.0,149100.0,0,0,0,0,0,0,274,2026-02-03 06:39:33.297401
RITC,10.48,10.49,10.5,185900.0,113800.0,0,0,0,0,0,0,275,2026-02-03 06:39:34.316129
COMP,24.88,24.88,24.89,139100.0,148700.0,0,0,0,0,0,0,275,2026-02-03 06:39:34.316129
RITC,10.5,10.49,10.5,188200.0,103600.0,0,0,0,0,0,0,276,2026-02-03 06:39:35.338656
COMP,24.88,24.88,24.89,139100.0,148700.0,0,0,0,0,0,0,276,2026-02-03 06:39:35.338656
RITC,10.51,10.49,10.51,187800.0,92700.0,0,0,0,0,0,0,277,2026-02-03 06:39:36.362158
COMP,24.9,24.88,24.9,139100.0,147100.0,0,0,0,0,0,0,277,2026-02-03 06:39:36.362158
RITC,10.49,10.49,10.5,187800.0,101000.0,0,0,0,0,0,0,278,2026-02-03 06:39:37.385637
COMP,24.9,24.88,24.9,139100.0,147100.0,0,0,0,0,0,0,278,2026-02-03 06:39:37.385637
RITC,10.5,10.49,10.51,185500.0,92700.0,0,0,0,0,0,0,279,2026-02-03 06:39:38.414294
COMP,24.9,24.9,24.91,138400.0,145500.0,0,0,0,0,0,0,279,2026-02-03 06:39:38.414294
RITC,10.49,10.49,10.52,183200.0,92100.0,0,0,0,0,0,0,280,2026-02-03 06:39:39.439843
COMP,24.92,24.9,24.92,138400.0,144000.0,0,0,0,0,0,0,280,2026-02-03 06:39:39.439843
RITC,10.51,10.49,10.51,183200.0,103000.0,0,0,0,0,0,0,281,2026-02-03 06:39:40.491221
COMP,24.92,24.9,24.92,138400.0,143600.0,0,0,0,0,0,0,281,2026-02-03 06:39:40.491221
RITC,10.52,10.49,10.52,184900.0,93400.0,0,0,0,0,0,0,282,2026-02-03 06:39:41.540525
COMP,24.93,24.9,24.93,138400.0,141900.0,0,0,0,0,0,0,282,2026-02-03 06:39:41.540525
RITC,10.49,10.49,10.52,184500.0,93400.0,0,0,0,0,0,0,283,2026-02-03 06:39:42.578705
COMP,24.93,24.91,24.93,139900.0,141900.0,0,0,0,0,0,0,283,2026-02-03 06:39:42.578705
RITC,10.47,10.47,10.52,183700.0,93400.0,0,0,0,0,0,0,284,2026-02-03 06:39:43.111840
COMP,24.93,24.93,24.96,138700.0,141600.0,0,0,0,0,0,0,284,2026-02-03 06:39:43.111840
RITC,10.47,10.48,10.52,188100.0,93400.0,0,0,0,0,0,0,285,2026-02-03 06:39:44.139827
COMP,24.96,24.93,24.96,138700.0,141600.0,0,0,0,0,0,0,285,2026-02-03 06:39:44.139827
RITC,10.48,10.48,10.52,187500.0,93400.0,0,0,0,0,0,0,286,2026-02-03 06:39:45.164196
COMP,24.91,24.91,24.96,137800.0,141600.0,0,0,0,0,0,0,286,2026-02-03 06:39:45.164196
RITC,10.54,10.48,10.54,189000.0,91600.0,0,0,0,0,0,0,287,2026-02-03 06:39:46.195750
COMP,24.91,24.91,24.96,138700.0,141600.0,0,0,0,0,0,0,287,2026-02-03 06:39:46.195750
RITC,10.54,10.52,10.54,187600.0,94000.0,0,0,0,0,0,0,288,2026-02-03 06:39:47.218940
COMP,24.91,24.91,24.96,138700.0,141700.0,0,0,0,0,0,0,288,2026-02-03 06:39:47.218940
RITC,10.54,10.52,10.54,188100.0,101800.0,0,0,0,0,0,0,289,2026-02-03 06:39:48.245594
COMP,24.97,24.91,24.97,138700.0,140600.0,0,0,0,0,0,0,289,2026-02-03 06:39:48.245594
RITC,10.54,10.53,10.54,190400.0,110700.0,0,0,0,0,0,0,290,2026-02-03 06:39:49.270285
COMP,24.97,24.91,24.97,138800.0,140600.0,0,0,0,0,0,0,290,2026-02-03 06:39:49.270285
RITC,10.53,10.53,10.54,190400.0,121200.0,0,0,0,0,0,0,291,2026-02-03 06:39:50.302125
COMP,24.97,24.92,24.97,138500.0,139300.0,0,0,0,0,0,0,291,2026-02-03 06:39:50.302125
RITC,10.53,10.53,10.54,190400.0,140500.0,0,0,0,0,0,0,292,2026-02-03 06:39:51.328118
COMP,25.01,24.97,25.01,139600.0,139500.0,0,0,0,0,0,0,292,2026-02-03 06:39:51.328118
RITC,10.53,10.53,10.54,190900.0,149200.0,0,0,0,0,0,0,293,2026-02-03 06:39:52.351320
COMP,25.01,24.97,25.01,140200.0,139500.0,0,0,0,0,0,0,293,2026-02-03 06:39:52.351320
RITC,10.53,10.52,10.53,188500.0,144900.0,0,0,0,0,0,0,294,2026-02-03 06:39:53.375658
COMP,25.03,24.97,25.03,140200.0,138000.0,0,0,0,0,0,0,294,2026-02-03 06:39:53.375658
RITC,10.53,10.52,10.53,189900.0,144900.0,0,0,0,0,0,0,295,2026-02-03 06:39:54.399659
COMP,25.03,24.97,25.03,139500.0,138000.0,0,0,0,0,0,0,295,2026-02-03 06:39:54.399659
RITC,10.53,10.53,10.54,192600.0,133600.0,0,0,0,0,0,0,296,2026-02-03 06:39:55.432755
COMP,25.03,25.01,25.03,139700.0,138200.0,0,0,0,0,0,0,296,2026-02-03 06:39:55.432755
RITC,10.53,10.52,10.53,192700.0,142200.0,0,0,0,0,0,0,297,2026-02-03 06:39:56.458591
COMP,25.03,25.01,25.03,139700.0,138200.0,0,0,0,0,0,0,297,2026-02-03 06:39:56.458591
RITC,10.53,10.52,10.53,188900.0,142200.0,0,0,0,0,0,0,298,2026-02-03 06:39:57.476254
COMP,25.01,24.97,25.01,139500.0,139700.0,0,0,0,0,0,0,298,2026-02-03 06:39:57.476254
RITC,10.54,10.53,10.54,188000.0,123700.0,0,0,0,0,0,0,299,2026-02-03 06:39:58.501065
COMP,25.01,25.01,25.03,140400.0,138200.0,0,0,0,0,0,0,299,2026-02-03 06:39:58.501065
RITC,10.54,10.53,10.54,188000.0,123700.0,0,0,0,0,0,0,300,2026-02-03 06:39:59.521060
COMP,25.03,25.03,25.04,139800.0,137400.0,0,0,0,0,0,0,300,2026-02-03 06:39:59.521060
RITC,10.54,10.53,10.54,186900.0,123700.0,0,0,0,0,0,0,301,2026-02-03 06:40:00.558470
COMP,25.01,25.01,25.04,140600.0,137400.0,0,0,0,0,0,0,301,2026-02-03 06:40:00.558470
RITC,10.54,10.53,10.54,187600.0,123700.0,0,0,0,0,0,0,302,2026-02-03 06:40:01.595343
COMP,25.01,24.97,25.0,139400.0,137100.0,0,0,0,0,0,0,302,2026-02-03 06:40:01.595343
RITC,10.54,10.54,10.55,183600.0,114300.0,0,0,0,0,0,0,303,2026-02-03 06:40:02.636684
COMP,25.0,25.0,25.04,140800.0,137400.0,0,0,0,0,0,0,303,2026-02-03 06:40:02.636684
RITC,10.55,10.54,10.55,183600.0,103800.0,0,0,0,0,0,0,304,2026-02-03 06:40:03.678374
COMP,25.0,25.0,25.04,142700.0,137400.0,0,0,0,0,0,0,304,2026-02-03 06:40:03.678374
RITC,10.55,10.56,10.57,182700.0,95100.0,0,0,0,0,0,0,305,2026-02-03 06:40:04.211407
COMP,25.0,25.0,25.04,142700.0,137400.0,0,0,0,0,0,0,305,2026-02-03 06:40:04.211407
RITC,10.57,10.56,10.57,182300.0,95100.0,0,0,0,0,0,0,306,2026-02-03 06:40:05.241887
COMP,25.0,25.0,25.04,142700.0,138800.0,0,0,0,0,0,0,306,2026-02-03 06:40:05.241887
RITC,10.57,10.58,10.59,179600.0,97200.0,0,0,0,0,0,0,307,2026-02-03 06:40:06.266671
COMP,25.0,25.01,25.04,143600.0,138800.0,0,0,0,0,0,0,307,2026-02-03 06:40:06.266671
RITC,10.6,10.58,10.6,182600.0,96600.0,0,0,0,0,0,0,308,2026-02-03 06:40:07.290934
COMP,25.01,25.01,25.04,143600.0,138800.0,0,0,0,0,0,0,308,2026-02-03 06:40:07.290934
RITC,10.61,10.58,10.61,182600.0,96600.0,0,0,0,0,0,0,309,2026-02-03 06:40:08.315373
COMP,25.01,25.0,25.01,142700.0,138700.0,0,0,0,0,0,0,309,2026-02-03 06:40:08.315373
RITC,10.61,10.6,10.61,179700.0,96600.0,0,0,0,0,0,0,310,2026-02-03 06:40:09.348771
COMP,25.01,25.0,25.01,141400.0,138700.0,0,0,0,0,0,0,310,2026-02-03 06:40:09.348771
RITC,10.61,10.6,10.61,178200.0,96600.0,0,0,0,0,0,0,311,2026-02-03 06:40:10.372884
COMP,25.01,25.0,25.01,140000.0,138700.0,0,0,0,0,0,0,311,2026-02-03 06:40:10.372884
RITC,10.61,10.6,10.61,178800.0,96600.0,0,0,0,0,0,0,312,2026-02-03 06:40:11.403873
COMP,25.01,25.0,25.01,140700.0,138700.0,0,0,0,0,0,0,312,2026-02-03 06:40:11.403873
RITC,10.61,10.63,10.64,182200.0,96500.0,0,0,0,0,0,0,313,2026-02-03 06:40:12.429607
COMP,25.01,25.0,25.01,141700.0,138700.0,0,0,0,0,0,0,313,2026-02-03 06:40:12.429607
RITC,10.64,10.63,10.64,183300.0,99100.0,0,0,0,0,0,0,314,2026-02-03 06:40:13.462473
COMP,25.0,25.0,25.01,140500.0,138700.0,0,0,0,0,0,0,314,2026-02-03 06:40:13.462473
RITC,10.65,10.63,10.65,183900.0,100200.0,0,0,0,0,0,0,315,2026-02-03 06:40:14.488731
COMP,25.0,25.0,25.01,140500.0,138700.0,0,0,0,0,0,0,315,2026-02-03 06:40:14.488731
RITC,10.65,10.63,10.65,183200.0,96800.0,0,0,0,0,0,0,316,2026-02-03 06:40:15.515266
COMP,25.0,25.0,25.01,138100.0,138700.0,0,0,0,0,0,0,316,2026-02-03 06:40:15.515266
RITC,10.65,10.64,10.65,181800.0,96800.0,0,0,0,0,0,0,317,2026-02-03 06:40:16.542146
COMP,25.04,25.0,25.04,138100.0,139200.0,0,0,0,0,0,0,317,2026-02-03 06:40:16.542146
RITC,10.67,10.66,10.67,183100.0,97800.0,0,0,0,0,0,0,318,2026-02-03 06:40:17.570069
COMP,25.04,25.01,25.04,140200.0,140200.0,0,0,0,0,0,0,318,2026-02-03 06:40:17.570069
RITC,10.67,10.66,10.67,186700.0,97800.0,0,0,0,0,0,0,319,2026-02-03 06:40:18.597370
COMP,25.04,25.01,25.04,140200.0,140600.0,0,0,0,0,0,0,319,2026-02-03 06:40:18.597370
RITC,10.67,10.67,10.68,187900.0,103500.0,0,0,0,0,0,0,320,2026-02-03 06:40:19.624538
COMP,25.04,25.01,25.04,140200.0,140600.0,0,0,0,0,0,0,320,2026-02-03 06:40:19.624538
RITC,10.68,10.67,10.68,187900.0,95300.0,0,0,0,0,0,0,321,2026-02-03 06:40:20.659393
COMP,25.04,25.01,25.04,140200.0,140000.0,0,0,0,0,0,0,321,2026-02-03 06:40:20.659393
RITC,10.68,10.67,10.68,186400.0,92600.0,0,0,0,0,0,0,322,2026-02-03 06:40:21.689478
COMP,25.01,25.01,25.04,140300.0,140000.0,0,0,0,0,0,0,322,2026-02-03 06:40:21.689478
RITC,10.68,10.67,10.68,184200.0,92600.0,0,0,0,0,0,0,323,2026-02-03 06:40:22.742573
COMP,25.05,25.01,25.05,139900.0,141700.0,0,0,0,0,0,0,323,2026-02-03 06:40:22.742573
RITC,10.72,10.7,10.72,186400.0,96000.0,0,0,0,0,0,0,324,2026-02-03 06:40:23.786305
COMP,25.05,25.02,25.05,139800.0,141700.0,0,0,0,0,0,0,324,2026-02-03 06:40:23.786305
RITC,10.72,10.7,10.72,185600.0,96000.0,0,0,0,0,0,0,325,2026-02-03 06:40:24.333380
COMP,25.05,25.02,25.05,139800.0,141700.0,0,0,0,0,0,0,325,2026-02-03 06:40:24.333380
RITC,10.72,10.71,10.72,185300.0,96000.0,0,0,0,0,0,0,326,2026-02-03 06:40:25.364025
COMP,25.05,25.02,25.05,139800.0,141700.0,0,0,0,0,0,0,326,2026-02-03 06:40:25.364025
RITC,10.72,10.71,10.72,185300.0,96000.0,0,0,0,0,0,0,327,2026-02-03 06:40:26.392611
COMP,25.05,25.02,25.05,140100.0,141700.0,0,0,0,0,0,0,327,2026-02-03 06:40:26.392611
RITC,10.72,10.71,10.72,184400.0,96000.0,0,0,0,0,0,0,328,2026-02-03 06:40:27.412028
COMP,25.05,25.02,25.05,140100.0,140900.0,0,0,0,0,0,0,328,2026-02-03 06:40:27.412028
RITC,10.72,10.71,10.72,185200.0,96000.0,0,0,0,0,0,0,329,2026-02-03 06:40:28.429866
COMP,25.01,25.01,25.05,140000.0,140400.0,0,0,0,0,0,0,329,2026-02-03 06:40:28.429866
RITC,10.72,10.71,10.72,185200.0,96000.0,0,0,0,0,0,0,330,2026-02-03 06:40:29.447851
COMP,24.98,24.98,25.05,137100.0,140400.0,0,0,0,0,0,0,330,2026-02-03 06:40:29.447851
RITC,10.78,10.75,10.78,185400.0,94000.0,0,0,0,0,0,0,331,2026-02-03 06:40:30.468657
COMP,24.98,24.98,25.0,137100.0,141900.0,0,0,0,0,0,0,331,2026-02-03 06:40:30.468657
RITC,10.78,10.77,10.78,182400.0,94000.0,0,0,0,0,0,0,332,2026-02-03 06:40:31.488249
COMP,24.97,24.97,25.0,137200.0,141800.0,0,0,0,0,0,0,332,2026-02-03 06:40:31.488249
RITC,10.78,10.77,10.78,182100.0,94000.0,0,0,0,0,0,0,333,2026-02-03 06:40:32.508639
COMP,24.97,24.97,25.0,137200.0,142300.0,0,0,0,0,0,0,333,2026-02-03 06:40:32.508639
RITC,10.78,10.77,10.78,182100.0,92800.0,0,0,0,0,0,0,334,2026-02-03 06:40:33.533666
COMP,25.0,24.97,25.0,137200.0,142300.0,0,0,0,0,0,0,334,2026-02-03 06:40:33.533666
RITC,10.79,10.8,10.82,182000.0,90300.0,0,0,0,0,0,0,335,2026-02-03 06:40:34.556014
COMP,25.0,24.97,24.99,137200.0,142300.0,0,0,0,0,0,0,335,2026-02-03 06:40:34.556014
RITC,10.79,10.8,10.82,182000.0,90300.0,0,0,0,0,0,0,336,2026-02-03 06:40:35.580564
COMP,25.0,25.02,25.03,138100.0,140400.0,0,0,0,0,0,0,336,2026-02-03 06:40:35.580564
RITC,10.8,10.79,10.8,184500.0,108000.0,0,0,0,0,0,0,337,2026-02-03 06:40:36.602616
COMP,25.0,25.02,25.03,138100.0,141800.0,0,0,0,0,0,0,337,2026-02-03 06:40:36.602616
RITC,10.8,10.8,10.82,184000.0,99800.0,0,0,0,0,0,0,338,2026-02-03 06:40:37.630082
COMP,24.97,24.96,24.97,135200.0,140800.0,0,0,0,0,0,0,338,2026-02-03 06:40:37.630082
RITC,10.82,10.81,10.82,183400.0,99800.0,0,0,0,0,0,0,339,2026-02-03 06:40:38.668600
COMP,24.96,24.96,24.97,135200.0,140800.0,0,0,0,0,0,0,339,2026-02-03 06:40:38.668600
RITC,10.82,10.81,10.82,182000.0,99800.0,0,0,0,0,0,0,340,2026-02-03 06:40:39.704852
COMP,24.96,24.96,25.01,137000.0,142400.0,0,0,0,0,0,0,340,2026-02-03 06:40:39.704852
RITC,10.83,10.82,10.83,183200.0,89400.0,0,0,0,0,0,0,341,2026-02-03 06:40:40.734927
COMP,24.96,24.96,25.0,137000.0,142300.0,0,0,0,0,0,0,341,2026-02-03 06:40:40.734927
RITC,10.83,10.83,10.84,180900.0,89200.0,0,0,0,0,0,0,342,2026-02-03 06:40:41.760414
COMP,25.0,24.96,25.0,137000.0,141200.0,0,0,0,0,0,0,342,2026-02-03 06:40:41.760414
RITC,10.83,10.83,10.84,180100.0,89200.0,0,0,0,0,0,0,343,2026-02-03 06:40:42.785288
COMP,25.0,24.99,25.0,135400.0,141200.0,0,0,0,0,0,0,343,2026-02-03 06:40:42.785288
RITC,10.84,10.83,10.84,180100.0,90100.0,0,0,0,0,0,0,344,2026-02-03 06:40:43.812637
COMP,24.94,24.94,25.0,135700.0,141200.0,0,0,0,0,0,0,344,2026-02-03 06:40:43.812637
RITC,10.83,10.82,10.83,181700.0,110800.0,0,0,0,0,0,0,345,2026-02-03 06:40:44.840147
COMP,24.94,24.94,25.0,137100.0,141200.0,0,0,0,0,0,0,345,2026-02-03 06:40:44.840147
RITC,10.83,10.82,10.83,184800.0,110800.0,0,0,0,0,0,0,346,2026-02-03 06:40:45.880432
COMP,25.01,24.94,25.01,137100.0,142400.0,0,0,0,0,0,0,346,2026-02-03 06:40:45.880432
RITC,10.83,10.82,10.83,183200.0,110800.0,0,0,0,0,0,0,347,2026-02-03 06:40:46.914094
COMP,25.01,24.99,25.01,135800.0,142400.0,0,0,0,0,0,0,347,2026-02-03 06:40:46.914094
RITC,10.83,10.82,10.83,184500.0,110800.0,0,0,0,0,0,0,348,2026-02-03 06:40:47.444763
COMP,24.99,24.99,25.01,135800.0,142400.0,0,0,0,0,0,0,348,2026-02-03 06:40:47.444763
RITC,10.83,10.82,10.83,184500.0,131100.0,0,0,0,0,0,0,349,2026-02-03 06:40:48.471190
COMP,24.93,24.93,25.01,136100.0,142400.0,0,0,0,0,0,0,349,2026-02-03 06:40:48.471190
RITC,10.82,10.82,10.83,183900.0,140400.0,0,0,0,0,0,0,350,2026-02-03 06:40:49.503211
COMP,24.93,24.93,25.01,136100.0,142800.0,0,0,0,0,0,0,350,2026-02-03 06:40:49.503211
RITC,10.82,10.82,10.83,183900.0,159100.0,0,0,0,0,0,0,351,2026-02-03 06:40:50.539103
COMP,25.01,24.93,25.01,136100.0,142800.0,0,0,0,0,0,0,351,2026-02-03 06:40:50.539103
RITC,10.82,10.82,10.83,184600.0,167900.0,0,0,0,0,0,0,352,2026-02-03 06:40:51.559533
COMP,24.95,24.93,25.01,136100.0,142800.0,0,0,0,0,0,0,352,2026-02-03 06:40:51.559533
RITC,10.81,10.81,10.83,187700.0,178300.0,0,0,0,0,0,0,353,2026-02-03 06:40:52.585447
COMP,25.01,24.93,25.01,136100.0,143600.0,0,0,0,0,0,0,353,2026-02-03 06:40:52.585447
RITC,10.81,10.81,10.83,187000.0,186700.0,0,0,0,0,0,0,354,2026-02-03 06:40:53.614421
COMP,25.03,24.98,25.03,135500.0,141800.0,0,0,0,0,0,0,354,2026-02-03 06:40:53.614421
RITC,10.81,10.81,10.82,187000.0,187700.0,0,0,0,0,0,0,355,2026-02-03 06:40:54.637477
COMP,25.03,24.98,25.03,135500.0,143600.0,0,0,0,0,0,0,355,2026-02-03 06:40:54.637477
RITC,10.81,10.81,10.82,187000.0,186200.0,0,0,0,0,0,0,356,2026-02-03 06:40:55.660049
COMP,24.98,24.93,24.98,136100.0,143100.0,0,0,0,0,0,0,356,2026-02-03 06:40:55.660049
RITC,10.81,10.81,10.82,187000.0,186200.0,0,0,0,0,0,0,357,2026-02-03 06:40:56.689126
COMP,24.93,24.93,24.98,135400.0,143100.0,0,0,0,0,0,0,357,2026-02-03 06:40:56.689126
RITC,10.8,10.8,10.81,189900.0,185100.0,0,0,0,0,0,0,358,2026-02-03 06:40:57.713855
COMP,24.92,24.92,24.98,134200.0,142700.0,0,0,0,0,0,0,358,2026-02-03 06:40:57.713855
RITC,10.8,10.8,10.81,187600.0,185100.0,0,0,0,0,0,0,359,2026-02-03 06:40:58.735887
COMP,24.92,24.92,24.98,135400.0,142700.0,0,0,0,0,0,0,359,2026-02-03 06:40:58.735887
RITC,10.8,10.8,10.81,187600.0,188700.0,0,0,0,0,0,0,360,2026-02-03 06:40:59.764023
COMP,24.92,24.95,24.98,133900.0,142900.0,0,0,0,0,0,0,360,2026-02-03 06:40:59.764023
RITC,10.8,10.8,10.81,184900.0,189700.0,0,0,0,0,0,0,361,2026-02-03 06:41:00.832539
COMP,24.92,24.96,24.98,135600.0,142900.0,0,0,0,0,0,0,361,2026-02-03 06:41:00.832539
RITC,10.8,10.8,10.81,184400.0,187900.0,0,0,0,0,0,0,362,2026-02-03 06:41:01.879646
COMP,24.98,24.96,24.98,136300.0,142900.0,0,0,0,0,0,0,362,2026-02-03 06:41:01.879646
RITC,10.8,10.8,10.81,184400.0,187900.0,0,0,0,0,0,0,363,2026-02-03 06:41:02.904975
COMP,24.98,24.96,24.98,136300.0,142900.0,0,0,0,0,0,0,363,2026-02-03 06:41:02.904975
RITC,10.8,10.8,10.81,184400.0,191000.0,0,0,0,0,0,0,364,2026-02-03 06:41:03.924493
COMP,24.98,24.96,24.98,136300.0,142500.0,0,0,0,0,0,0,364,2026-02-03 06:41:03.924493
RITC,10.79,10.79,10.81,184500.0,189800.0,0,0,0,0,0,0,365,2026-02-03 06:41:04.946435
COMP,24.98,24.96,24.98,137300.0,142500.0,0,0,0,0,0,0,365,2026-02-03 06:41:04.946435
RITC,10.77,10.77,10.81,182400.0,190200.0,0,0,0,0,0,0,366,2026-02-03 06:41:05.969917
COMP,24.98,24.96,24.98,136800.0,143300.0,0,0,0,0,0,0,366,2026-02-03 06:41:05.969917
RITC,10.77,10.77,10.79,182400.0,190600.0,0,0,0,0,0,0,367,2026-02-03 06:41:06.989634
COMP,24.96,24.96,24.98,136800.0,143300.0,0,0,0,0,0,0,367,2026-02-03 06:41:06.989634
RITC,10.77,10.77,10.79,181900.0,191300.0,0,0,0,0,0,0,368,2026-02-03 06:41:08.020565
COMP,24.96,24.97,24.98,138500.0,143300.0,0,0,0,0,0,0,368,2026-02-03 06:41:08.020565
RITC,10.76,10.76,10.79,182500.0,191300.0,0,0,0,0,0,0,369,2026-02-03 06:41:08.560415
COMP,24.96,24.97,24.98,138500.0,143300.0,0,0,0,0,0,0,369,2026-02-03 06:41:08.560415
RITC,10.76,10.76,10.77,182500.0,190600.0,0,0,0,0,0,0,370,2026-02-03 06:41:09.584657
COMP,24.96,24.96,24.98,137300.0,143300.0,0,0,0,0,0,0,370,2026-02-03 06:41:09.584657
RITC,10.76,10.76,10.77,184800.0,190600.0,0,0,0,0,0,0,371,2026-02-03 06:41:10.612443
COMP,24.96,24.97,24.98,137900.0,143300.0,0,0,0,0,0,0,371,2026-02-03 06:41:10.612443
RITC,10.75,10.75,10.77,188000.0,191500.0,0,0,0,0,0,0,372,2026-02-03 06:41:11.666187
COMP,24.96,24.96,24.98,137300.0,142400.0,0,0,0,0,0,0,372,2026-02-03 06:41:11.666187
RITC,10.73,10.73,10.77,187500.0,192600.0,0,0,0,0,0,0,373,2026-02-03 06:41:12.694011
COMP,24.96,24.96,24.98,137300.0,142700.0,0,0,0,0,0,0,373,2026-02-03 06:41:12.694011
RITC,10.71,10.71,10.75,185600.0,192100.0,0,0,0,0,0,0,374,2026-02-03 06:41:13.720530
COMP,24.94,24.94,24.98,136200.0,141900.0,0,0,0,0,0,0,374,2026-02-03 06:41:13.720530
RITC,10.71,10.71,10.75,185600.0,192300.0,0,0,0,0,0,0,375,2026-02-03 06:41:14.748845
COMP,24.94,24.94,24.98,136200.0,142600.0,0,0,0,0,0,0,375,2026-02-03 06:41:14.748845
RITC,10.71,10.7,10.71,185800.0,189400.0,0,0,0,0,0,0,376,2026-02-03 06:41:15.772321
COMP,24.94,24.94,24.98,136200.0,142600.0,0,0,0,0,0,0,376,2026-02-03 06:41:15.772321
RITC,10.71,10.7,10.71,185800.0,186200.0,0,0,0,0,0,0,377,2026-02-03 06:41:16.797037
COMP,24.94,24.94,24.98,135000.0,142600.0,0,0,0,0,0,0,377,2026-02-03 06:41:16.797037
RITC,10.71,10.7,10.71,185800.0,185900.0,0,0,0,0,0,0,378,2026-02-03 06:41:17.822507
COMP,24.93,24.94,24.98,133500.0,142600.0,0,0,0,0,0,0,378,2026-02-03 06:41:17.822507
RITC,10.7,10.7,10.71,185100.0,185900.0,0,0,0,0,0,0,379,2026-02-03 06:41:18.852274
COMP,24.93,24.96,24.98,134900.0,142600.0,0,0,0,0,0,0,379,2026-02-03 06:41:18.852274
RITC,10.7,10.69,10.7,182500.0,188800.0,0,0,0,0,0,0,380,2026-02-03 06:41:19.872883
COMP,24.93,24.96,24.98,134900.0,142600.0,0,0,0,0,0,0,380,2026-02-03 06:41:19.872883
RITC,10.69,10.69,10.7,183000.0,190100.0,0,0,0,0,0,0,381,2026-02-03 06:41:20.897847
COMP,24.93,24.97,24.98,135000.0,142600.0,0,0,0,0,0,0,381,2026-02-03 06:41:20.897847
RITC,10.69,10.69,10.7,183000.0,187100.0,0,0,0,0,0,0,382,2026-02-03 06:41:21.920122
COMP,24.93,24.93,24.98,132900.0,142600.0,0,0,0,0,0,0,382,2026-02-03 06:41:21.920122
RITC,10.69,10.69,10.7,185300.0,187100.0,0,0,0,0,0,0,383,2026-02-03 06:41:22.947430
COMP,24.93,24.93,24.98,134500.0,142600.0,0,0,0,0,0,0,383,2026-02-03 06:41:22.947430
RITC,10.69,10.69,10.7,185300.0,187700.0,0,0,0,0,0,0,384,2026-02-03 06:41:23.971430
COMP,24.93,24.93,24.98,134500.0,142600.0,0,0,0,0,0,0,384,2026-02-03 06:41:23.971430
RITC,10.69,10.69,10.7,185400.0,189100.0,0,0,0,0,0,0,385,2026-02-03 06:41:24.997578
COMP,24.92,24.96,24.98,135800.0,142600.0,0,0,0,0,0,0,385,2026-02-03 06:41:24.997578
RITC,10.69,10.69,10.7,183600.0,187700.0,0,0,0,0,0,0,386,2026-02-03 06:41:26.023299
COMP,24.98,24.98,25.0,133900.0,141000.0,0,0,0,0,0,0,386,2026-02-03 06:41:26.023299
RITC,10.67,10.66,10.67,184700.0,186400.0,0,0,0,0,0,0,387,2026-02-03 06:41:27.047759
COMP,24.96,24.96,25.0,134500.0,141000.0,0,0,0,0,0,0,387,2026-02-03 06:41:27.047759
RITC,10.66,10.66,10.67,185400.0,186400.0,0,0,0,0,0,0,388,2026-02-03 06:41:28.067389
COMP,24.96,24.99,25.0,135600.0,141000.0,0,0,0,0,0,0,388,2026-02-03 06:41:28.067389
RITC,10.66,10.66,10.67,184300.0,183100.0,0,0,0,0,0,0,389,2026-02-03 06:41:29.089323
COMP,25.0,24.99,25.0,135600.0,141200.0,0,0,0,0,0,0,389,2026-02-03 06:41:29.089323
RITC,10.64,10.63,10.64,187500.0,181500.0,0,0,0,0,0,0,390,2026-02-03 06:41:30.112280
COMP,24.99,24.99,25.0,135600.0,142000.0,0,0,0,0,0,0,390,2026-02-03 06:41:30.112280
RITC,10.64,10.63,10.64,187500.0,183500.0,0,0,0,0,0,0,391,2026-02-03 06:41:31.142337
COMP,24.99,24.99,25.0,135600.0,141500.0,0,0,0,0,0,0,391,2026-02-03 06:41:31.142337
RITC,10.63,10.63,10.64,184600.0,183500.0,0,0,0,0,0,0,392,2026-02-03 06:41:31.677917
COMP,24.99,24.96,24.98,134500.0,142400.0,0,0,0,0,0,0,392,2026-02-03 06:41:31.677917
RITC,10.62,10.62,10.64,182700.0,183500.0,0,0,0,0,0,0,393,2026-02-03 06:41:32.705595
COMP,24.99,24.96,24.98,134800.0,142400.0,0,0,0,0,0,0,393,2026-02-03 06:41:32.705595
RITC,10.62,10.62,10.64,182700.0,185600.0,0,0,0,0,0,0,394,2026-02-03 06:41:33.744546
COMP,24.99,24.96,24.98,134800.0,142100.0,0,0,0,0,0,0,394,2026-02-03 06:41:33.744546
RITC,10.62,10.62,10.64,182700.0,187000.0,0,0,0,0,0,0,395,2026-02-03 06:41:34.767411
COMP,24.93,24.93,24.98,132700.0,142100.0,0,0,0,0,0,0,395,2026-02-03 06:41:34.767411
RITC,10.62,10.62,10.63,182700.0,190200.0,0,0,0,0,0,0,396,2026-02-03 06:41:35.789112
COMP,24.98,24.99,25.0,135200.0,141400.0,0,0,0,0,0,0,396,2026-02-03 06:41:35.789112
RITC,10.62,10.62,10.63,182700.0,187900.0,0,0,0,0,0,0,397,2026-02-03 06:41:36.814263
COMP,24.98,24.99,25.0,135200.0,141400.0,0,0,0,0,0,0,397,2026-02-03 06:41:36.814263
RITC,10.63,10.62,10.63,182700.0,188400.0,0,0,0,0,0,0,398,2026-02-03 06:41:37.836562
COMP,24.92,24.92,25.0,134000.0,142500.0,0,0,0,0,0,0,398,2026-02-03 06:41:37.836562
RITC,10.62,10.62,10.64,182600.0,189300.0,0,0,0,0,0,0,399,2026-02-03 06:41:38.857236
COMP,24.92,24.98,25.0,134700.0,142500.0,0,0,0,0,0,0,399,2026-02-03 06:41:38.857236
RITC,10.61,10.61,10.63,183500.0,191300.0,0,0,0,0,0,0,400,2026-02-03 06:41:39.883061
COMP,24.92,24.99,25.0,135300.0,142500.0,0,0,0,0,0,0,400,2026-02-03 06:41:39.883061
RITC,10.64,10.61,10.64,184500.0,188600.0,0,0,0,0,0,0,401,2026-02-03 06:41:40.902857
COMP,24.99,24.99,25.0,135300.0,141800.0,0,0,0,0,0,0,401,2026-02-03 06:41:40.902857
RITC,10.64,10.61,10.62,184500.0,191300.0,0,0,0,0,0,0,402,2026-02-03 06:41:41.928137
COMP,25.01,24.99,25.01,135300.0,143300.0,0,0,0,0,0,0,402,2026-02-03 06:41:41.928137
RITC,10.6,10.6,10.62,182800.0,191300.0,0,0,0,0,0,0,403,2026-02-03 06:41:42.951545
COMP,25.01,24.99,25.01,135300.0,143300.0,0,0,0,0,0,0,403,2026-02-03 06:41:42.951545
RITC,10.6,10.6,10.62,182400.0,191300.0,0,0,0,0,0,0,404,2026-02-03 06:41:43.976348
COMP,25.01,25.0,25.01,135400.0,143300.0,0,0,0,0,0,0,404,2026-02-03 06:41:43.976348
RITC,10.6,10.6,10.62,184400.0,191300.0,0,0,0,0,0,0,405,2026-02-03 06:41:44.998746
COMP,25.01,25.0,25.01,135400.0,145400.0,0,0,0,0,0,0,405,2026-02-03 06:41:44.998746
RITC,10.6,10.6,10.62,184400.0,191300.0,0,0,0,0,0,0,406,2026-02-03 06:41:46.021785
COMP,25.01,25.0,25.01,135400.0,145400.0,0,0,0,0,0,0,406,2026-02-03 06:41:46.021785
RITC,10.6,10.6,10.61,186100.0,190800.0,0,0,0,0,0,0,407,2026-02-03 06:41:47.042965
COMP,25.01,25.0,25.01,135800.0,146600.0,0,0,0,0,0,0,407,2026-02-03 06:41:47.042965
RITC,10.6,10.6,10.61,186100.0,191900.0,0,0,0,0,0,0,408,2026-02-03 06:41:48.066693
COMP,25.02,25.0,25.02,137700.0,145600.0,0,0,0,0,0,0,408,2026-02-03 06:41:48.066693
RITC,10.6,10.6,10.61,183700.0,192100.0,0,0,0,0,0,0,409,2026-02-03 06:41:49.089915
COMP,25.0,25.0,25.02,137700.0,145600.0,0,0,0,0,0,0,409,2026-02-03 06:41:49.089915
RITC,10.6,10.6,10.61,182800.0,194200.0,0,0,0,0,0,0,410,2026-02-03 06:41:50.116765
COMP,25.0,25.0,25.02,137700.0,145700.0,0,0,0,0,0,0,410,2026-02-03 06:41:50.116765
RITC,10.59,10.59,10.6,182500.0,193400.0,0,0,0,0,0,0,411,2026-02-03 06:41:51.139909
COMP,24.99,24.99,25.02,136000.0,144900.0,0,0,0,0,0,0,411,2026-02-03 06:41:51.139909
RITC,10.59,10.59,10.6,179700.0,193400.0,0,0,0,0,0,0,412,2026-02-03 06:41:52.165123
COMP,24.98,24.98,25.02,135400.0,144900.0,0,0,0,0,0,0,412,2026-02-03 06:41:52.165123
RITC,10.58,10.58,10.6,180000.0,193400.0,0,0,0,0,0,0,413,2026-02-03 06:41:53.185391
COMP,24.95,24.95,25.02,135400.0,144900.0,0,0,0,0,0,0,413,2026-02-03 06:41:53.185391
RITC,10.58,10.57,10.58,181900.0,195200.0,0,0,0,0,0,0,414,2026-02-03 06:41:54.205283
COMP,24.94,24.94,24.95,133200.0,146900.0,0,0,0,0,0,0,414,2026-02-03 06:41:54.205283
RITC,10.57,10.57,10.58,181900.0,194600.0,0,0,0,0,0,0,415,2026-02-03 06:41:55.229412
COMP,24.94,24.92,24.94,134000.0,145600.0,0,0,0,0,0,0,415,2026-02-03 06:41:55.229412
RITC,10.57,10.57,10.58,180400.0,194600.0,0,0,0,0,0,0,416,2026-02-03 06:41:56.254897
COMP,24.94,24.92,24.94,134000.0,148300.0,0,0,0,0,0,0,416,2026-02-03 06:41:56.254897
RITC,10.56,10.56,10.57,179200.0,194000.0,0,0,0,0,0,0,417,2026-02-03 06:41:57.281696
COMP,24.94,24.92,24.94,134000.0,146200.0,0,0,0,0,0,0,417,2026-02-03 06:41:57.281696
RITC,10.55,10.55,10.57,180300.0,194000.0,0,0,0,0,0,0,418,2026-02-03 06:41:57.803546
COMP,24.92,24.92,24.94,132300.0,146200.0,0,0,0,0,0,0,418,2026-02-03 06:41:57.803546
RITC,10.53,10.53,10.55,183600.0,190500.0,0,0,0,0,0,0,419,2026-02-03 06:41:58.827130
COMP,24.91,24.91,24.94,134700.0,145100.0,0,0,0,0,0,0,419,2026-02-03 06:41:58.827130
RITC,10.53,10.53,10.55,185500.0,189800.0,0,0,0,0,0,0,420,2026-02-03 06:41:59.859047
COMP,24.91,24.91,24.94,134700.0,144800.0,0,0,0,0,0,0,420,2026-02-03 06:41:59.859047
RITC,10.53,10.53,10.55,185500.0,190700.0,0,0,0,0,0,0,421,2026-02-03 06:42:00.882584
COMP,24.91,24.91,24.94,135200.0,145700.0,0,0,0,0,0,0,421,2026-02-03 06:42:00.882584
RITC,10.52,10.52,10.53,185600.0,187400.0,0,0,0,0,0,0,422,2026-02-03 06:42:01.903988
COMP,24.91,24.91,24.94,133200.0,145700.0,0,0,0,0,0,0,422,2026-02-03 06:42:01.903988
RITC,10.52,10.52,10.53,186100.0,186900.0,0,0,0,0,0,0,423,2026-02-03 06:42:02.986206
COMP,24.91,24.91,24.92,133200.0,146600.0,0,0,0,0,0,0,423,2026-02-03 06:42:02.986206
RITC,10.52,10.52,10.53,186100.0,184500.0,0,0,0,0,0,0,424,2026-02-03 06:42:04.010652
COMP,24.91,24.91,24.92,133200.0,146200.0,0,0,0,0,0,0,424,2026-02-03 06:42:04.010652
RITC,10.52,10.52,10.53,186100.0,185300.0,0,0,0,0,0,0,425,2026-02-03 06:42:05.031690
COMP,24.9,24.9,24.92,132500.0,144800.0,0,0,0,0,0,0,425,2026-02-03 06:42:05.031690
RITC,10.52,10.52,10.53,186100.0,182400.0,0,0,0,0,0,0,426,2026-02-03 06:42:06.064021
COMP,24.9,24.9,24.92,131100.0,144800.0,0,0,0,0,0,0,426,2026-02-03 06:42:06.064021
RITC,10.52,10.52,10.53,185300.0,182300.0,0,0,0,0,0,0,427,2026-02-03 06:42:07.104769
COMP,24.89,24.89,24.92,133100.0,144800.0,0,0,0,0,0,0,427,2026-02-03 06:42:07.104769
RITC,10.52,10.52,10.53,185300.0,182300.0,0,0,0,0,0,0,428,2026-02-03 06:42:08.152892
COMP,24.89,24.89,24.92,134200.0,144600.0,0,0,0,0,0,0,428,2026-02-03 06:42:08.152892
RITC,10.52,10.52,10.53,186900.0,182300.0,0,0,0,0,0,0,429,2026-02-03 06:42:09.184794
COMP,24.89,24.89,24.92,134200.0,143400.0,0,0,0,0,0,0,429,2026-02-03 06:42:09.184794
RITC,10.51,10.51,10.52,190100.0,181100.0,0,0,0,0,0,0,430,2026-02-03 06:42:10.217650
COMP,24.89,24.89,24.92,134200.0,142000.0,0,0,0,0,0,0,430,2026-02-03 06:42:10.217650
RITC,10.51,10.51,10.52,190100.0,177900.0,0,0,0,0,0,0,431,2026-02-03 06:42:11.244620
COMP,24.89,24.89,24.92,133400.0,142000.0,0,0,0,0,0,0,431,2026-02-03 06:42:11.244620
RITC,10.51,10.51,10.52,192200.0,177300.0,0,0,0,0,0,0,432,2026-02-03 06:42:12.271962
COMP,24.89,24.89,24.92,135200.0,142200.0,0,0,0,0,0,0,432,2026-02-03 06:42:12.271962
RITC,10.49,10.49,10.51,190200.0,179100.0,0,0,0,0,0,0,433,2026-02-03 06:42:13.296363
COMP,24.89,24.89,24.92,135200.0,141800.0,0,0,0,0,0,0,433,2026-02-03 06:42:13.296363
RITC,10.49,10.49,10.51,190200.0,178200.0,0,0,0,0,0,0,434,2026-02-03 06:42:14.320614
COMP,24.89,24.89,24.92,135200.0,141600.0,0,0,0,0,0,0,434,2026-02-03 06:42:14.320614
RITC,10.47,10.47,10.51,187300.0,178200.0,0,0,0,0,0,0,435,2026-02-03 06:42:15.341616
COMP,24.89,24.89,24.92,134700.0,139500.0,0,0,0,0,0,0,435,2026-02-03 06:42:15.341616
RITC,10.47,10.47,10.51,187300.0,179400.0,0,0,0,0,0,0,436,2026-02-03 06:42:16.362056
COMP,24.92,24.89,24.92,134700.0,139500.0,0,0,0,0,0,0,436,2026-02-03 06:42:16.362056
RITC,10.47,10.47,10.48,187300.0,179000.0,0,0,0,0,0,0,437,2026-02-03 06:42:17.384172
COMP,24.88,24.86,24.87,137000.0,138500.0,0,0,0,0,0,0,437,2026-02-03 06:42:17.384172
RITC,10.47,10.47,10.48,187300.0,179100.0,0,0,0,0,0,0,438,2026-02-03 06:42:17.912950
COMP,24.86,24.86,24.87,137800.0,138500.0,0,0,0,0,0,0,438,2026-02-03 06:42:17.912950
RITC,10.47,10.47,10.48,187300.0,181800.0,0,0,0,0,0,0,439,2026-02-03 06:42:18.942354
COMP,24.86,24.86,24.87,138900.0,138500.0,0,0,0,0,0,0,439,2026-02-03 06:42:18.942354
RITC,10.61,10.47,10.48,187300.0,181200.0,0,0,0,0,0,0,440,2026-02-03 06:42:19.964792
COMP,24.92,24.86,24.92,138900.0,139900.0,0,0,0,0,0,0,440,2026-02-03 06:42:19.964792
RITC,10.52,10.45,10.52,187600.0,178100.0,0,0,0,0,0,0,441,2026-02-03 06:42:20.990424
COMP,24.92,24.86,24.92,139900.0,139900.0,0,0,0,0,0,0,441,2026-02-03 06:42:20.990424
RITC,10.52,10.49,10.52,185500.0,178400.0,0,0,0,0,0,0,442,2026-02-03 06:42:22.022006
COMP,24.92,24.86,24.92,139900.0,141000.0,0,0,0,0,0,0,442,2026-02-03 06:42:22.022006
RITC,10.52,10.49,10.52,186300.0,178400.0,0,0,0,0,0,0,443,2026-02-03 06:42:23.056964
COMP,24.92,24.86,24.92,139900.0,141000.0,0,0,0,0,0,0,443,2026-02-03 06:42:23.056964
RITC,10.52,10.49,10.52,186300.0,176800.0,0,0,0,0,0,0,444,2026-02-03 06:42:24.086930
COMP,24.86,24.86,24.92,139900.0,139100.0,0,0,0,0,0,0,444,2026-02-03 06:42:24.086930
RITC,10.5,10.49,10.5,186300.0,177900.0,0,0,0,0,0,0,445,2026-02-03 06:42:25.117754
COMP,24.86,24.86,24.92,139400.0,139100.0,0,0,0,0,0,0,445,2026-02-03 06:42:25.117754
RITC,10.49,10.49,10.5,187300.0,177900.0,0,0,0,0,0,0,446,2026-02-03 06:42:26.144188
COMP,24.86,24.86,24.92,139800.0,139100.0,0,0,0,0,0,0,446,2026-02-03 06:42:26.144188
RITC,10.49,10.49,10.5,188400.0,177900.0,0,0,0,0,0,0,447,2026-02-03 06:42:27.169496
COMP,24.85,24.91,24.92,137400.0,139100.0,0,0,0,0,0,0,447,2026-02-03 06:42:27.169496
RITC,10.49,10.49,10.5,191200.0,179500.0,0,0,0,0,0,0,448,2026-02-03 06:42:28.201228
COMP,24.85,24.91,24.92,137500.0,139100.0,0,0,0,0,0,0,448,2026-02-03 06:42:28.201228
RITC,10.49,10.49,10.5,188800.0,179500.0,0,0,0,0,0,0,449,2026-02-03 06:42:29.231612
COMP,24.91,24.85,24.89,138900.0,139000.0,0,0,0,0,0,0,449,2026-02-03 06:42:29.231612
RITC,10.51,10.49,10.51,188800.0,178900.0,0,0,0,0,0,0,450,2026-02-03 06:42:30.257862
COMP,24.91,24.85,24.86,138900.0,139900.0,0,0,0,0,0,0,450,2026-02-03 06:42:30.257862
RITC,10.51,10.49,10.51,190300.0,178800.0,0,0,0,0,0,0,451,2026-02-03 06:42:31.280084
COMP,24.91,24.85,24.86,138900.0,140200.0,0,0,0,0,0,0,451,2026-02-03 06:42:31.280084
RITC,10.53,10.49,10.53,190300.0,178100.0,0,0,0,0,0,0,452,2026-02-03 06:42:32.302191
COMP,24.85,24.85,24.86,140400.0,140200.0,0,0,0,0,0,0,452,2026-02-03 06:42:32.302191
RITC,10.53,10.49,10.5,193100.0,178400.0,0,0,0,0,0,0,453,2026-02-03 06:42:33.336290
COMP,24.85,24.85,24.86,140400.0,140200.0,0,0,0,0,0,0,453,2026-02-03 06:42:33.336290
RITC,10.53,10.49,10.5,193100.0,178200.0,0,0,0,0,0,0,454,2026-02-03 06:42:34.357521
COMP,24.85,24.85,24.86,140400.0,140500.0,0,0,0,0,0,0,454,2026-02-03 06:42:34.357521
RITC,10.49,10.49,10.5,192300.0,177600.0,0,0,0,0,0,0,455,2026-02-03 06:42:35.384415
COMP,24.85,24.85,24.86,140400.0,141600.0,0,0,0,0,0,0,455,2026-02-03 06:42:35.384415
RITC,10.49,10.49,10.5,194300.0,177000.0,0,0,0,0,0,0,456,2026-02-03 06:42:36.410084
COMP,24.86,24.85,24.86,140400.0,141600.0,0,0,0,0,0,0,456,2026-02-03 06:42:36.410084
RITC,10.51,10.49,10.51,194300.0,177700.0,0,0,0,0,0,0,457,2026-02-03 06:42:37.436244
COMP,24.86,24.85,24.86,140400.0,142300.0,0,0,0,0,0,0,457,2026-02-03 06:42:37.436244
RITC,10.48,10.48,10.51,191800.0,177400.0,0,0,0,0,0,0,458,2026-02-03 06:42:38.457763
COMP,24.86,24.85,24.87,139400.0,141000.0,0,0,0,0,0,0,458,2026-02-03 06:42:38.457763
RITC,10.48,10.48,10.51,190500.0,177400.0,0,0,0,0,0,0,459,2026-02-03 06:42:38.985275
COMP,24.86,24.85,24.87,139200.0,141000.0,0,0,0,0,0,0,459,2026-02-03 06:42:38.985275
RITC,10.48,10.48,10.5,190500.0,180600.0,0,0,0,0,0,0,460,2026-02-03 06:42:40.010386
COMP,24.86,24.85,24.87,138700.0,141000.0,0,0,0,0,0,0,460,2026-02-03 06:42:40.010386
RITC,10.48,10.48,10.5,190500.0,180600.0,0,0,0,0,0,0,461,2026-02-03 06:42:41.045132
COMP,24.85,24.85,24.87,137500.0,143500.0,0,0,0,0,0,0,461,2026-02-03 06:42:41.045132
RITC,10.48,10.48,10.5,190500.0,180800.0,0,0,0,0,0,0,462,2026-02-03 06:42:42.069640
COMP,24.85,24.85,24.87,137500.0,143700.0,0,0,0,0,0,0,462,2026-02-03 06:42:42.069640
RITC,10.48,10.47,10.48,188600.0,180900.0,0,0,0,0,0,0,463,2026-02-03 06:42:43.098212
COMP,24.85,24.85,24.87,139000.0,143700.0,0,0,0,0,0,0,463,2026-02-03 06:42:43.098212
RITC,10.47,10.47,10.48,188600.0,180200.0,0,0,0,0,0,0,464,2026-02-03 06:42:44.122215
COMP,24.85,24.85,24.87,138000.0,143700.0,0,0,0,0,0,0,464,2026-02-03 06:42:44.122215
RITC,10.48,10.47,10.48,188600.0,182900.0,0,0,0,0,0,0,465,2026-02-03 06:42:45.146626
COMP,24.85,24.85,24.87,138000.0,142400.0,0,0,0,0,0,0,465,2026-02-03 06:42:45.146626
RITC,10.45,10.44,10.45,188600.0,186400.0,0,0,0,0,0,0,466,2026-02-03 06:42:46.176792
COMP,24.87,24.85,24.87,138000.0,142000.0,0,0,0,0,0,0,466,2026-02-03 06:42:46.176792
RITC,10.44,10.44,10.45,188600.0,186900.0,0,0,0,0,0,0,467,2026-02-03 06:42:47.201782
COMP,24.87,24.85,24.87,138000.0,142900.0,0,0,0,0,0,0,467,2026-02-03 06:42:47.201782
RITC,10.41,10.41,10.45,184700.0,187200.0,0,0,0,0,0,0,468,2026-02-03 06:42:48.226244
COMP,24.88,24.85,24.88,138000.0,141700.0,0,0,0,0,0,0,468,2026-02-03 06:42:48.226244
RITC,10.41,10.42,10.45,185500.0,187200.0,0,0,0,0,0,0,469,2026-02-03 06:42:49.246597
COMP,24.89,24.85,24.89,138000.0,140900.0,0,0,0,0,0,0,469,2026-02-03 06:42:49.246597
RITC,10.41,10.41,10.42,185400.0,187600.0,0,0,0,0,0,0,470,2026-02-03 06:42:50.296584
COMP,24.85,24.85,24.87,138100.0,141900.0,0,0,0,0,0,0,470,2026-02-03 06:42:50.296584
RITC,10.41,10.41,10.42,185400.0,190400.0,0,0,0,0,0,0,471,2026-02-03 06:42:51.320078
COMP,24.87,24.85,24.87,138100.0,141900.0,0,0,0,0,0,0,471,2026-02-03 06:42:51.320078
RITC,10.41,10.41,10.42,185400.0,194400.0,0,0,0,0,0,0,472,2026-02-03 06:42:52.341159
COMP,24.87,24.85,24.87,138800.0,141800.0,0,0,0,0,0,0,472,2026-02-03 06:42:52.341159
RITC,10.42,10.41,10.42,185400.0,193900.0,0,0,0,0,0,0,473,2026-02-03 06:42:53.363593
COMP,24.87,24.88,24.89,138200.0,141300.0,0,0,0,0,0,0,473,2026-02-03 06:42:53.363593
RITC,10.39,10.39,10.42,186400.0,193900.0,0,0,0,0,0,0,474,2026-02-03 06:42:54.391658
COMP,24.89,24.88,24.89,138200.0,141300.0,0,0,0,0,0,0,474,2026-02-03 06:42:54.391658
RITC,10.39,10.39,10.4,186400.0,193600.0,0,0,0,0,0,0,475,2026-02-03 06:42:55.418820
COMP,24.88,24.85,24.86,138800.0,140800.0,0,0,0,0,0,0,475,2026-02-03 06:42:55.418820
RITC,10.38,10.38,10.4,185500.0,193600.0,0,0,0,0,0,0,476,2026-02-03 06:42:56.445368
COMP,24.86,24.86,24.89,137500.0,141700.0,0,0,0,0,0,0,476,2026-02-03 06:42:56.445368
RITC,10.38,10.38,10.4,185500.0,197200.0,0,0,0,0,0,0,477,2026-02-03 06:42:57.468717
COMP,24.86,24.86,24.89,137500.0,139800.0,0,0,0,0,0,0,477,2026-02-03 06:42:57.468717
RITC,10.38,10.38,10.4,185500.0,197800.0,0,0,0,0,0,0,478,2026-02-03 06:42:58.497941
COMP,24.84,24.84,24.89,140900.0,139800.0,0,0,0,0,0,0,478,2026-02-03 06:42:58.497941
RITC,10.37,10.36,10.4,186900.0,199400.0,0,0,0,0,0,0,479,2026-02-03 06:42:59.520211
COMP,24.9,24.84,24.9,140900.0,139300.0,0,0,0,0,0,0,479,2026-02-03 06:42:59.520211
RITC,10.37,10.37,10.4,186400.0,198300.0,0,0,0,0,0,0,480,2026-02-03 06:43:00.542244
COMP,24.9,24.84,24.87,139400.0,137700.0,0,0,0,0,0,0,480,2026-02-03 06:43:00.542244
RITC,10.36,10.36,10.4,186900.0,198300.0,0,0,0,0,0,0,481,2026-02-03 06:43:01.562441
COMP,24.9,24.84,24.9,139400.0,139300.0,0,0,0,0,0,0,481,2026-02-03 06:43:01.562441
RITC,10.36,10.36,10.38,186900.0,199200.0,0,0,0,0,0,0,482,2026-02-03 06:43:02.584424
COMP,24.9,24.89,24.9,139800.0,139300.0,0,0,0,0,0,0,482,2026-02-03 06:43:02.584424
RITC,10.36,10.36,10.38,189300.0,199200.0,0,0,0,0,0,0,483,2026-02-03 06:43:03.104686
COMP,24.9,24.89,24.9,139800.0,138700.0,0,0,0,0,0,0,483,2026-02-03 06:43:03.104686
RITC,10.36,10.36,10.38,189500.0,199200.0,0,0,0,0,0,0,484,2026-02-03 06:43:04.124121
COMP,24.9,24.89,24.9,139800.0,138200.0,0,0,0,0,0,0,484,2026-02-03 06:43:04.124121
RITC,10.34,10.34,10.38,189000.0,199200.0,0,0,0,0,0,0,485,2026-02-03 06:43:05.150885
COMP,24.9,24.89,24.9,139400.0,138200.0,0,0,0,0,0,0,485,2026-02-03 06:43:05.150885
RITC,10.36,10.34,10.36,189000.0,200400.0,0,0,0,0,0,0,486,2026-02-03 06:43:06.178583
COMP,24.89,24.89,24.9,139400.0,138200.0,0,0,0,0,0,0,486,2026-02-03 06:43:06.178583
RITC,10.35,10.34,10.35,189000.0,198400.0,0,0,0,0,0,0,487,2026-02-03 06:43:07.204709
COMP,24.89,24.89,24.9,140900.0,137700.0,0,0,0,0,0,0,487,2026-02-03 06:43:07.204709
RITC,10.34,10.34,10.35,189200.0,199600.0,0,0,0,0,0,0,488,2026-02-03 06:43:08.229802
COMP,24.9,24.89,24.9,140900.0,137600.0,0,0,0,0,0,0,488,2026-02-03 06:43:08.229802
RITC,10.34,10.34,10.35,189200.0,201000.0,0,0,0,0,0,0,489,2026-02-03 06:43:09.271484
COMP,24.9,24.89,24.9,140100.0,137600.0,0,0,0,0,0,0,489,2026-02-03 06:43:09.271484
RITC,10.33,10.33,10.35,194100.0,201000.0,0,0,0,0,0,0,490,2026-02-03 06:43:10.344567
COMP,24.9,24.89,24.9,138400.0,138300.0,0,0,0,0,0,0,490,2026-02-03 06:43:10.344567
RITC,10.33,10.33,10.34,196300.0,199000.0,0,0,0,0,0,0,491,2026-02-03 06:43:11.376730
COMP,24.9,24.89,24.9,138400.0,138300.0,0,0,0,0,0,0,491,2026-02-03 06:43:11.376730
RITC,10.33,10.33,10.34,194700.0,197900.0,0,0,0,0,0,0,492,2026-02-03 06:43:12.406931
COMP,24.89,24.89,24.9,138700.0,138300.0,0,0,0,0,0,0,492,2026-02-03 06:43:12.406931
RITC,10.33,10.33,10.34,194700.0,197900.0,0,0,0,0,0,0,493,2026-02-03 06:43:13.430423
COMP,24.9,24.88,24.9,137800.0,137700.0,0,0,0,0,0,0,493,2026-02-03 06:43:13.430423
RITC,10.32,10.32,10.34,193100.0,201300.0,0,0,0,0,0,0,494,2026-02-03 06:43:14.456078
COMP,24.88,24.88,24.89,137300.0,139100.0,0,0,0,0,0,0,494,2026-02-03 06:43:14.456078
RITC,10.31,10.31,10.34,193300.0,201300.0,0,0,0,0,0,0,495,2026-02-03 06:43:15.478781
COMP,24.89,24.88,24.89,137300.0,139100.0,0,0,0,0,0,0,495,2026-02-03 06:43:15.478781
RITC,10.31,10.31,10.34,195900.0,201300.0,0,0,0,0,0,0,496,2026-02-03 06:43:16.503929
COMP,24.87,24.87,24.89,137900.0,139100.0,0,0,0,0,0,0,496,2026-02-03 06:43:16.503929
RITC,10.34,10.31,10.32,195900.0,199000.0,0,0,0,0,0,0,497,2026-02-03 06:43:17.524511
COMP,24.89,24.89,24.9,138600.0,137700.0,0,0,0,0,0,0,497,2026-02-03 06:43:17.524511
RITC,10.31,10.31,10.32,196000.0,201000.0,0,0,0,0,0,0,498,2026-02-03 06:43:18.548554
COMP,24.89,24.89,24.9,137300.0,137100.0,0,0,0,0,0,0,498,2026-02-03 06:43:18.548554
RITC,10.29,10.29,10.32,195500.0,200900.0,0,0,0,0,0,0,499,2026-02-03 06:43:19.574339
COMP,24.89,24.89,24.9,137300.0,137500.0,0,0,0,0,0,0,499,2026-02-03 06:43:19.574339
RITC,10.29,10.29,10.3,195500.0,197200.0,0,0,0,0,0,0,500,2026-02-03 06:43:20.596764
COMP,24.89,24.89,24.9,137300.0,135500.0,0,0,0,0,0,0,500,2026-02-03 06:43:20.596764
RITC,10.29,10.29,10.3,195500.0,198200.0,0,0,0,0,0,0,501,2026-02-03 06:43:21.621276
COMP,24.87,24.87,24.9,137300.0,135500.0,0,0,0,0,0,0,501,2026-02-03 06:43:21.621276
RITC,10.29,10.29,10.3,195400.0,197900.0,0,0,0,0,0,0,502,2026-02-03 06:43:22.647094
COMP,24.9,24.87,24.9,136900.0,136000.0,0,0,0,0,0,0,502,2026-02-03 06:43:22.647094
RITC,10.29,10.29,10.3,194800.0,196900.0,0,0,0,0,0,0,503,2026-02-03 06:43:23.670433
COMP,24.87,24.87,24.9,136500.0,136000.0,0,0,0,0,0,0,503,2026-02-03 06:43:23.670433
RITC,10.29,10.29,10.3,194800.0,196400.0,0,0,0,0,0,0,504,2026-02-03 06:43:24.693389
COMP,24.87,24.87,24.9,138500.0,136000.0,0,0,0,0,0,0,504,2026-02-03 06:43:24.693389
RITC,10.28,10.28,10.3,195800.0,196400.0,0,0,0,0,0,0,505,2026-02-03 06:43:25.719482
COMP,24.9,24.87,24.9,138500.0,136400.0,0,0,0,0,0,0,505,2026-02-03 06:43:25.719482
RITC,10.28,10.28,10.3,195800.0,196300.0,0,0,0,0,0,0,506,2026-02-03 06:43:26.237306
COMP,24.9,24.87,24.9,139300.0,136400.0,0,0,0,0,0,0,506,2026-02-03 06:43:26.237306
RITC,10.28,10.28,10.3,195800.0,193700.0,0,0,0,0,0,0,507,2026-02-03 06:43:27.270518
COMP,24.9,24.87,24.9,139300.0,136400.0,0,0,0,0,0,0,507,2026-02-03 06:43:27.270518
RITC,10.28,10.28,10.3,195800.0,190300.0,0,0,0,0,0,0,508,2026-02-03 06:43:28.299767
COMP,24.91,24.87,24.91,139200.0,135700.0,0,0,0,0,0,0,508,2026-02-03 06:43:28.299767
RITC,10.27,10.27,10.3,198500.0,190400.0,0,0,0,0,0,0,509,2026-02-03 06:43:29.333547
COMP,24.91,24.87,24.91,139200.0,135700.0,0,0,0,0,0,0,509,2026-02-03 06:43:29.333547
RITC,10.27,10.27,10.28,198500.0,191000.0,0,0,0,0,0,0,510,2026-02-03 06:43:30.365097
COMP,24.91,24.87,24.91,139200.0,136100.0,0,0,0,0,0,0,510,2026-02-03 06:43:30.365097
RITC,10.27,10.27,10.28,198400.0,191700.0,0,0,0,0,0,0,511,2026-02-03 06:43:31.388583
COMP,24.91,24.9,24.91,138500.0,135200.0,0,0,0,0,0,0,511,2026-02-03 06:43:31.388583
RITC,10.27,10.27,10.28,199600.0,192700.0,0,0,0,0,0,0,512,2026-02-03 06:43:32.416669
COMP,24.91,24.9,24.91,140100.0,135200.0,0,0,0,0,0,0,512,2026-02-03 06:43:32.416669
RITC,10.27,10.27,10.28,199600.0,192800.0,0,0,0,0,0,0,513,2026-02-03 06:43:33.443575
COMP,24.91,24.9,24.91,140100.0,137200.0,0,0,0,0,0,0,513,2026-02-03 06:43:33.443575
RITC,10.27,10.26,10.27,200200.0,193600.0,0,0,0,0,0,0,514,2026-02-03 06:43:34.467114
COMP,24.92,24.9,24.92,140100.0,137200.0,0,0,0,0,0,0,514,2026-02-03 06:43:34.467114
RITC,10.26,10.26,10.27,199700.0,192000.0,0,0,0,0,0,0,515,2026-02-03 06:43:35.492170
COMP,24.87,24.87,24.92,139600.0,137200.0,0,0,0,0,0,0,515,2026-02-03 06:43:35.492170
RITC,10.26,10.26,10.27,199700.0,192000.0,0,0,0,0,0,0,516,2026-02-03 06:43:36.515487
COMP,24.87,24.9,24.92,141000.0,137200.0,0,0,0,0,0,0,516,2026-02-03 06:43:36.515487
RITC,10.24,10.24,10.27,198600.0,192000.0,0,0,0,0,0,0,517,2026-02-03 06:43:37.534113
COMP,24.87,24.87,24.92,139600.0,136900.0,0,0,0,0,0,0,517,2026-02-03 06:43:37.534113
RITC,10.27,10.27,10.28,200700.0,193300.0,0,0,0,0,0,0,518,2026-02-03 06:43:38.560928
COMP,24.92,24.89,24.92,141300.0,134400.0,0,0,0,0,0,0,518,2026-02-03 06:43:38.560928
RITC,10.27,10.25,10.27,197900.0,193900.0,0,0,0,0,0,0,519,2026-02-03 06:43:39.681865
COMP,24.92,24.9,24.92,142400.0,134400.0,0,0,0,0,0,0,519,2026-02-03 06:43:39.681865
RITC,10.24,10.24,10.27,196800.0,193900.0,0,0,0,0,0,0,520,2026-02-03 06:43:40.706220
COMP,24.92,24.9,24.92,142400.0,137100.0,0,0,0,0,0,0,520,2026-02-03 06:43:40.706220
RITC,10.24,10.24,10.27,198000.0,193900.0,0,0,0,0,0,0,521,2026-02-03 06:43:41.734539
COMP,24.93,24.9,24.93,142400.0,136900.0,0,0,0,0,0,0,521,2026-02-03 06:43:41.734539
RITC,10.23,10.23,10.27,198400.0,193900.0,0,0,0,0,0,0,522,2026-02-03 06:43:42.760575
COMP,24.93,24.91,24.93,140400.0,136900.0,0,0,0,0,0,0,522,2026-02-03 06:43:42.760575
RITC,10.23,10.23,10.27,200200.0,191700.0,0,0,0,0,0,0,523,2026-02-03 06:43:43.791577
COMP,24.93,24.91,24.93,140400.0,139000.0,0,0,0,0,0,0,523,2026-02-03 06:43:43.791577
RITC,10.23,10.23,10.27,200200.0,191400.0,0,0,0,0,0,0,524,2026-02-03 06:43:44.819391
COMP,24.93,24.91,24.93,141700.0,139000.0,0,0,0,0,0,0,524,2026-02-03 06:43:44.819391
RITC,10.23,10.23,10.27,201100.0,191400.0,0,0,0,0,0,0,525,2026-02-03 06:43:45.351565
COMP,24.91,24.91,24.93,142000.0,139000.0,0,0,0,0,0,0,525,2026-02-03 06:43:45.351565
RITC,10.27,10.24,10.27,200000.0,190200.0,0,0,0,0,0,0,526,2026-02-03 06:43:46.374688
COMP,24.91,24.91,24.93,142000.0,139000.0,0,0,0,0,0,0,526,2026-02-03 06:43:46.374688
RITC,10.24,10.24,10.27,200000.0,191400.0,0,0,0,0,0,0,527,2026-02-03 06:43:47.399456
COMP,24.93,24.91,24.93,142000.0,139000.0,0,0,0,0,0,0,527,2026-02-03 06:43:47.399456
RITC,10.24,10.26,10.27,198500.0,192900.0,0,0,0,0,0,0,528,2026-02-03 06:43:48.432850
COMP,24.93,24.91,24.93,142600.0,139000.0,0,0,0,0,0,0,528,2026-02-03 06:43:48.432850
RITC,10.24,10.26,10.27,198500.0,196900.0,0,0,0,0,0,0,529,2026-02-03 06:43:49.465038
COMP,24.93,24.91,24.93,142600.0,138700.0,0,0,0,0,0,0,529,2026-02-03 06:43:49.465038
RITC,10.24,10.26,10.27,198500.0,197900.0,0,0,0,0,0,0,530,2026-02-03 06:43:50.490915
COMP,24.93,24.91,24.93,142600.0,138700.0,0,0,0,0,0,0,530,2026-02-03 06:43:50.490915
RITC,10.27,10.26,10.27,198500.0,198400.0,0,0,0,0,0,0,531,2026-02-03 06:43:51.517824
COMP,24.9,24.9,24.93,143000.0,138700.0,0,0,0,0,0,0,531,2026-02-03 06:43:51.517824
RITC,10.26,10.26,10.27,199500.0,198400.0,0,0,0,0,0,0,532,2026-02-03 06:43:52.549521
COMP,24.9,24.9,24.93,144000.0,138700.0,0,0,0,0,0,0,532,2026-02-03 06:43:52.549521
RITC,10.26,10.24,10.25,200000.0,197400.0,0,0,0,0,0,0,533,2026-02-03 06:43:53.575713
COMP,24.93,24.9,24.93,144000.0,138700.0,0,0,0,0,0,0,533,2026-02-03 06:43:53.575713
RITC,10.23,10.22,10.24,200500.0,196700.0,0,0,0,0,0,0,534,2026-02-03 06:43:54.609063
COMP,24.93,24.9,24.93,142900.0,138700.0,0,0,0,0,0,0,534,2026-02-03 06:43:54.609063
RITC,10.23,10.22,10.24,200500.0,198000.0,0,0,0,0,0,0,535,2026-02-03 06:43:55.649516
COMP,24.93,24.9,24.93,143500.0,139200.0,0,0,0,0,0,0,535,2026-02-03 06:43:55.649516
RITC,10.22,10.22,10.23,198100.0,200600.0,0,0,0,0,0,0,536,2026-02-03 06:43:56.673098
COMP,24.94,24.9,24.94,143500.0,140800.0,0,0,0,0,0,0,536,2026-02-03 06:43:56.673098
RITC,10.22,10.22,10.23,198100.0,201000.0,0,0,0,0,0,0,537,2026-02-03 06:43:57.697716
COMP,24.94,24.9,24.94,143500.0,139400.0,0,0,0,0,0,0,537,2026-02-03 06:43:57.697716
RITC,10.22,10.22,10.23,199100.0,195000.0,0,0,0,0,0,0,538,2026-02-03 06:43:58.722061
COMP,24.94,24.9,24.94,143500.0,139400.0,0,0,0,0,0,0,538,2026-02-03 06:43:58.722061
RITC,10.22,10.22,10.23,198500.0,196100.0,0,0,0,0,0,0,539,2026-02-03 06:43:59.745894
COMP,24.94,24.91,24.94,143800.0,139400.0,0,0,0,0,0,0,539,2026-02-03 06:43:59.745894
RITC,10.21,10.21,10.23,197200.0,196100.0,0,0,0,0,0,0,540,2026-02-03 06:44:00.771411
COMP,24.9,24.9,24.94,143500.0,139400.0,0,0,0,0,0,0,540,2026-02-03 06:44:00.771411
RITC,10.21,10.21,10.22,197200.0,195100.0,0,0,0,0,0,0,541,2026-02-03 06:44:01.801332
COMP,24.9,24.9,24.94,143500.0,142200.0,0,0,0,0,0,0,541,2026-02-03 06:44:01.801332
RITC,10.22,10.21,10.22,198100.0,195100.0,0,0,0,0,0,0,542,2026-02-03 06:44:02.826827
COMP,24.9,24.9,24.91,143500.0,143800.0,0,0,0,0,0,0,542,2026-02-03 06:44:02.826827
RITC,10.2,10.2,10.22,198700.0,195100.0,0,0,0,0,0,0,543,2026-02-03 06:44:03.848534
COMP,24.91,24.9,24.91,143500.0,143800.0,0,0,0,0,0,0,543,2026-02-03 06:44:03.848534
RITC,10.22,10.2,10.22,198700.0,195400.0,0,0,0,0,0,0,544,2026-02-03 06:44:04.870561
COMP,24.91,24.9,24.91,143500.0,144900.0,0,0,0,0,0,0,544,2026-02-03 06:44:04.870561
RITC,10.2,10.2,10.23,199800.0,196100.0,0,0,0,0,0,0,545,2026-02-03 06:44:05.893990
COMP,24.91,24.9,24.91,142900.0,144900.0,0,0,0,0,0,0,545,2026-02-03 06:44:05.893990
RITC,10.2,10.2,10.23,201200.0,196100.0,0,0,0,0,0,0,546,2026-02-03 06:44:06.914230
COMP,24.91,24.9,24.91,143000.0,145900.0,0,0,0,0,0,0,546,2026-02-03 06:44:06.914230
RITC,10.2,10.2,10.23,202200.0,196100.0,0,0,0,0,0,0,547,2026-02-03 06:44:07.441632
COMP,24.93,24.9,24.93,143000.0,144300.0,0,0,0,0,0,0,547,2026-02-03 06:44:07.441632
RITC,10.23,10.2,10.23,202200.0,195300.0,0,0,0,0,0,0,548,2026-02-03 06:44:08.467412
COMP,24.94,24.9,24.94,143000.0,144100.0,0,0,0,0,0,0,548,2026-02-03 06:44:08.467412
RITC,10.23,10.2,10.23,202200.0,193300.0,0,0,0,0,0,0,549,2026-02-03 06:44:09.494026
COMP,24.94,24.9,24.94,145200.0,143400.0,0,0,0,0,0,0,549,2026-02-03 06:44:09.494026
RITC,10.23,10.2,10.23,202200.0,191200.0,0,0,0,0,0,0,550,2026-02-03 06:44:10.523901
COMP,24.94,24.9,24.94,145200.0,141800.0,0,0,0,0,0,0,550,2026-02-03 06:44:10.523901
RITC,10.23,10.22,10.23,204800.0,194300.0,0,0,0,0,0,0,551,2026-02-03 06:44:11.551968
COMP,24.94,24.91,24.94,144600.0,141800.0,0,0,0,0,0,0,551,2026-02-03 06:44:11.551968
RITC,10.23,10.22,10.23,204800.0,193000.0,0,0,0,0,0,0,552,2026-02-03 06:44:12.577530
COMP,24.9,24.9,24.94,145300.0,141400.0,0,0,0,0,0,0,552,2026-02-03 06:44:12.577530
RITC,10.22,10.22,10.23,204800.0,197300.0,0,0,0,0,0,0,553,2026-02-03 06:44:13.601564
COMP,24.94,24.94,24.95,144400.0,141400.0,0,0,0,0,0,0,553,2026-02-03 06:44:13.601564
RITC,10.22,10.2,10.22,202200.0,195700.0,0,0,0,0,0,0,554,2026-02-03 06:44:14.626971
COMP,24.94,24.9,24.94,145300.0,140200.0,0,0,0,0,0,0,554,2026-02-03 06:44:14.626971
RITC,10.22,10.22,10.23,201300.0,197700.0,0,0,0,0,0,0,555,2026-02-03 06:44:15.655580
COMP,24.95,24.9,24.95,145300.0,141400.0,0,0,0,0,0,0,555,2026-02-03 06:44:15.655580
RITC,10.21,10.22,10.23,200700.0,197700.0,0,0,0,0,0,0,556,2026-02-03 06:44:16.678707
COMP,24.95,24.9,24.93,144000.0,141800.0,0,0,0,0,0,0,556,2026-02-03 06:44:16.678707
RITC,10.2,10.2,10.21,202300.0,197700.0,0,0,0,0,0,0,557,2026-02-03 06:44:17.714938
COMP,24.93,24.9,24.93,144000.0,141800.0,0,0,0,0,0,0,557,2026-02-03 06:44:17.714938
RITC,10.24,10.22,10.24,203400.0,199000.0,0,0,0,0,0,0,558,2026-02-03 06:44:18.749386
COMP,24.95,24.91,24.95,143800.0,141400.0,0,0,0,0,0,0,558,2026-02-03 06:44:18.749386
RITC,10.24,10.22,10.24,204000.0,199000.0,0,0,0,0,0,0,559,2026-02-03 06:44:19.775282
COMP,24.95,24.94,24.95,145700.0,141400.0,0,0,0,0,0,0,559,2026-02-03 06:44:19.775282
RITC,10.24,10.22,10.23,204000.0,201000.0,0,0,0,0,0,0,560,2026-02-03 06:44:20.802068
COMP,24.95,24.94,24.95,146000.0,141400.0,0,0,0,0,0,0,560,2026-02-03 06:44:20.802068
RITC,10.2,10.2,10.23,201900.0,202500.0,0,0,0,0,0,0,561,2026-02-03 06:44:21.831920
COMP,24.95,24.94,24.95,146000.0,142000.0,0,0,0,0,0,0,561,2026-02-03 06:44:21.831920
RITC,10.2,10.2,10.23,201900.0,202700.0,0,0,0,0,0,0,562,2026-02-03 06:44:22.854453
COMP,24.91,24.91,24.95,144700.0,142300.0,0,0,0,0,0,0,562,2026-02-03 06:44:22.854453
RITC,10.2,10.2,10.23,201900.0,201700.0,0,0,0,0,0,0,563,2026-02-03 06:44:23.877940
COMP,24.91,24.91,24.95,144700.0,142000.0,0,0,0,0,0,0,563,2026-02-03 06:44:23.877940
RITC,10.21,10.21,10.23,203100.0,201700.0,0,0,0,0,0,0,564,2026-02-03 06:44:24.904669
COMP,24.95,24.91,24.95,144700.0,142000.0,0,0,0,0,0,0,564,2026-02-03 06:44:24.904669
RITC,10.21,10.21,10.22,203100.0,204800.0,0,0,0,0,0,0,565,2026-02-03 06:44:25.934472
COMP,24.91,24.91,24.93,144300.0,141900.0,0,0,0,0,0,0,565,2026-02-03 06:44:25.934472
RITC,10.21,10.21,10.22,200500.0,205500.0,0,0,0,0,0,0,566,2026-02-03 06:44:26.958592
COMP,24.91,24.91,24.93,144300.0,144100.0,0,0,0,0,0,0,566,2026-02-03 06:44:26.958592
RITC,10.21,10.2,10.21,201900.0,202900.0,0,0,0,0,0,0,567,2026-02-03 06:44:27.980234
COMP,24.9,24.9,24.91,142300.0,143600.0,0,0,0,0,0,0,567,2026-02-03 06:44:27.980234
RITC,10.21,10.2,10.21,201900.0,201700.0,0,0,0,0,0,0,568,2026-02-03 06:44:29.006121
COMP,24.9,24.9,24.91,142300.0,143600.0,0,0,0,0,0,0,568,2026-02-03 06:44:29.006121
RITC,10.21,10.2,10.21,201900.0,201700.0,0,0,0,0,0,0,569,2026-02-03 06:44:29.536627
COMP,24.9,24.9,24.91,142300.0,143000.0,0,0,0,0,0,0,569,2026-02-03 06:44:29.536627
RITC,10.2,10.2,10.21,201800.0,203700.0,0,0,0,0,0,0,570,2026-02-03 06:44:30.568593
COMP,24.93,24.9,24.93,142300.0,142200.0,0,0,0,0,0,0,570,2026-02-03 06:44:30.568593
RITC,10.2,10.2,10.21,200900.0,203700.0,0,0,0,0,0,0,571,2026-02-03 06:44:31.599447
COMP,24.9,24.9,24.93,143700.0,142800.0,0,0,0,0,0,0,571,2026-02-03 06:44:31.599447
RITC,10.2,10.2,10.21,198700.0,204000.0,0,0,0,0,0,0,572,2026-02-03 06:44:32.622429
COMP,24.9,24.9,24.93,143100.0,142800.0,0,0,0,0,0,0,572,2026-02-03 06:44:32.622429
RITC,10.2,10.19,10.2,201300.0,202900.0,0,0,0,0,0,0,573,2026-02-03 06:44:33.652235
COMP,24.9,24.9,24.93,143100.0,144300.0,0,0,0,0,0,0,573,2026-02-03 06:44:33.652235
RITC,10.19,10.19,10.2,201300.0,203600.0,0,0,0,0,0,0,574,2026-02-03 06:44:34.680820
COMP,24.9,24.9,24.93,143100.0,144300.0,0,0,0,0,0,0,574,2026-02-03 06:44:34.680820
RITC,10.2,10.19,10.2,201300.0,204400.0,0,0,0,0,0,0,575,2026-02-03 06:44:35.705405
COMP,24.9,24.9,24.93,143600.0,144300.0,0,0,0,0,0,0,575,2026-02-03 06:44:35.705405
RITC,10.19,10.19,10.2,201800.0,204400.0,0,0,0,0,0,0,576,2026-02-03 06:44:36.732283
COMP,24.89,24.89,24.93,142500.0,144300.0,0,0,0,0,0,0,576,2026-02-03 06:44:36.732283
RITC,10.21,10.18,10.21,202600.0,203700.0,0,0,0,0,0,0,577,2026-02-03 06:44:37.755983
COMP,24.89,24.89,24.93,146900.0,144300.0,0,0,0,0,0,0,577,2026-02-03 06:44:37.755983
RITC,10.21,10.18,10.21,202600.0,205200.0,0,0,0,0,0,0,578,2026-02-03 06:44:38.779488
COMP,24.89,24.89,24.93,146900.0,143900.0,0,0,0,0,0,0,578,2026-02-03 06:44:38.779488
RITC,10.21,10.18,10.21,199900.0,206800.0,0,0,0,0,0,0,579,2026-02-03 06:44:39.819036
COMP,24.88,24.88,24.93,144300.0,143900.0,0,0,0,0,0,0,579,2026-02-03 06:44:39.819036
RITC,10.21,10.2,10.21,202100.0,205200.0,0,0,0,0,0,0,580,2026-02-03 06:44:40.850722
COMP,24.88,24.88,24.92,144300.0,146100.0,0,0,0,0,0,0,580,2026-02-03 06:44:40.850722
RITC,10.21,10.2,10.21,202100.0,205500.0,0,0,0,0,0,0,581,2026-02-03 06:44:41.878733
COMP,24.92,24.92,24.93,146600.0,143900.0,0,0,0,0,0,0,581,2026-02-03 06:44:41.878733
RITC,10.22,10.2,10.22,202100.0,203600.0,0,0,0,0,0,0,582,2026-02-03 06:44:42.905727
COMP,24.94,24.92,24.94,147400.0,144100.0,0,0,0,0,0,0,582,2026-02-03 06:44:42.905727
RITC,10.22,10.2,10.22,202100.0,200000.0,0,0,0,0,0,0,583,2026-02-03 06:44:43.931501
COMP,24.94,24.92,24.94,147400.0,143600.0,0,0,0,0,0,0,583,2026-02-03 06:44:43.931501
RITC,10.22,10.2,10.22,202100.0,199100.0,0,0,0,0,0,0,584,2026-02-03 06:44:44.952810
COMP,24.92,24.88,24.89,146600.0,145600.0,0,0,0,0,0,0,584,2026-02-03 06:44:44.952810
RITC,10.22,10.22,10.23,200100.0,198700.0,0,0,0,0,0,0,585,2026-02-03 06:44:45.975335
COMP,24.92,24.88,24.89,146600.0,145600.0,0,0,0,0,0,0,585,2026-02-03 06:44:45.975335
RITC,10.21,10.2,10.21,202100.0,331100.0,0,0,0,0,0,0,586,2026-02-03 06:44:47.006599
COMP,24.92,24.88,24.89,220900.0,145600.0,0,0,0,0,0,0,586,2026-02-03 06:44:47.006599
RITC,10.21,10.22,10.23,331700.0,262200.0,0,0,0,0,0,0,587,2026-02-03 06:44:48.038918
COMP,24.86,24.86,24.89,295300.0,145600.0,0,0,0,0,0,0,587,2026-02-03 06:44:48.038918
RITC,10.21,10.22,10.23,403400.0,262200.0,0,0,0,0,0,0,588,2026-02-03 06:44:49.064767
COMP,24.86,24.86,24.87,295300.0,223800.0,0,0,0,0,0,0,588,2026-02-03 06:44:49.064767
RITC,10.23,10.2,10.23,328000.0,259000.0,0,0,0,0,0,0,589,2026-02-03 06:44:50.094108
COMP,24.86,24.86,24.87,295300.0,285500.0,0,0,0,0,0,0,589,2026-02-03 06:44:50.094108
RITC,10.23,10.22,10.23,403900.0,260300.0,0,0,0,0,0,0,590,2026-02-03 06:44:51.124801
COMP,24.87,24.86,24.87,295000.0,285500.0,0,0,0,0,0,0,590,2026-02-03 06:44:51.124801
RITC,10.25,10.23,10.25,475200.0,203700.0,0,0,0,0,0,0,591,2026-02-03 06:44:52.150587
COMP,24.87,24.86,24.87,295000.0,362100.0,0,0,0,0,0,0,591,2026-02-03 06:44:52.150587
RITC,10.25,10.24,10.25,622400.0,203700.0,0,0,0,0,0,0,592,2026-02-03 06:44:53.183624
COMP,24.85,24.85,24.89,303400.0,283500.0,0,0,0,0,0,0,592,2026-02-03 06:44:53.183624
RITC,10.25,10.24,10.25,698700.0,203700.0,0,0,0,0,0,0,593,2026-02-03 06:44:53.707483
COMP,24.85,24.85,24.86,303400.0,359200.0,0,0,0,0,0,0,593,2026-02-03 06:44:53.707483
RITC,10.27,10.25,10.27,757900.0,194300.0,0,0,0,0,0,0,594,2026-02-03 06:44:54.732223
COMP,24.84,24.84,24.86,219500.0,359200.0,0,0,0,0,0,0,594,2026-02-03 06:44:54.732223
RITC,10.24,10.24,10.26,698700.0,249300.0,0,0,0,0,0,0,595,2026-02-03 06:44:55.758831
COMP,24.83,24.83,24.85,222300.0,422300.0,0,0,0,0,0,0,595,2026-02-03 06:44:55.758831
RITC,10.24,10.24,10.26,629700.0,327800.0,0,0,0,0,0,0,596,2026-02-03 06:44:56.781545
COMP,24.83,24.83,24.85,300800.0,422300.0,0,0,0,0,0,0,596,2026-02-03 06:44:56.781545
RITC,10.24,10.25,10.26,765700.0,327800.0,0,0,0,0,0,0,597,2026-02-03 06:44:57.804513
COMP,24.81,24.81,24.85,215300.0,422300.0,0,0,0,0,0,0,597,2026-02-03 06:44:57.804513
RITC,10.27,10.25,10.27,765700.0,192700.0,0,0,0,0,0,0,598,2026-02-03 06:44:58.834287
COMP,24.81,24.81,24.85,215300.0,561500.0,0,0,0,0,0,0,598,2026-02-03 06:44:58.834287
RITC,10.29,10.28,10.29,834200.0,191500.0,0,0,0,0,0,0,599,2026-02-03 06:44:59.868072
COMP,24.8,24.8,24.82,214500.0,634000.0,0,0,0,0,0,0,599,2026-02-03 06:44:59.868072
