ticker,last_price,bid_price,ask_price,BUY_ANON,SELL_ANON,BUY_GIOT-1,SELL_GIOT-2,BUY_GIOT-3,BUY_GIOT-2,SELL_GIOT-1,SELL_GIOT-3,tick,timestamp
RITC,0.0,0.0,0.0,195300.0,199900.0,0,0,0,0,0,0,0,2026-02-03 08:59:12.096222
COMP,0.0,0.0,0.0,132800.0,143200.0,0,0,0,0,0,0,0,2026-02-03 08:59:12.096222
RITC,9.99,9.99,10.01,195300.0,201200.0,0,0,0,0,0,0,1,2026-02-03 08:59:13.160833,1.0,1.0,1.0,,Welcome to the RITC 2026 Liquidity Risk Case - practice server,Good Luck!
COMP,0.0,24.99,25.01,133300.0,143200.0,0,0,0,0,0,0,1,2026-02-03 08:59:13.160833,,,,,,
RITC,9.99,9.99,10.01,195300.0,203800.0,0,0,0,0,0,0,2,2026-02-03 08:59:14.202337
COMP,25.01,25.0,25.01,132400.0,143200.0,0,0,0,0,0,0,2,2026-02-03 08:59:14.202337
RITC,9.99,9.99,10.01,195500.0,204100.0,0,0,0,0,0,0,3,2026-02-03 08:59:15.363222
COMP,25.01,25.0,25.01,132400.0,143200.0,0,0,0,0,0,0,3,2026-02-03 08:59:15.363222
RITC,9.98,9.98,10.01,183700.0,204700.0,0,0,0,0,0,0,4,2026-02-03 08:59:16.406493
COMP,25.01,25.0,25.01,133600.0,143200.0,0,0,0,0,0,0,4,2026-02-03 08:59:16.406493
RITC,9.98,9.98,10.0,183700.0,208200.0,0,0,0,0,0,0,5,2026-02-03 08:59:17.433919
COMP,25.02,25.0,25.02,133600.0,142000.0,0,0,0,0,0,0,5,2026-02-03 08:59:17.433919
RITC,9.98,9.98,10.0,173100.0,208200.0,0,0,0,0,0,0,6,2026-02-03 08:59:18.460726
COMP,25.02,25.0,25.02,133600.0,142000.0,0,0,0,0,0,0,6,2026-02-03 08:59:18.460726
RITC,9.98,9.98,9.99,173100.0,207600.0,0,0,0,0,0,0,7,2026-02-03 08:59:18.993123
COMP,25.03,25.0,25.03,133600.0,141100.0,0,0,0,0,0,0,7,2026-02-03 08:59:18.993123
RITC,9.98,9.98,9.99,161800.0,208000.0,0,0,0,0,0,0,8,2026-02-03 08:59:20.023867
COMP,25.03,25.0,25.03,133600.0,140000.0,0,0,0,0,0,0,8,2026-02-03 08:59:20.023867
RITC,9.96,9.96,9.98,136100.0,208200.0,0,0,0,0,0,0,9,2026-02-03 08:59:21.048909
COMP,25.03,25.05,25.06,134300.0,141500.0,0,0,0,0,0,0,9,2026-02-03 08:59:21.048909
RITC,9.96,9.96,9.98,136100.0,208600.0,0,0,0,0,0,0,10,2026-02-03 08:59:22.074316
COMP,25.03,25.05,25.06,133600.0,141500.0,0,0,0,0,0,0,10,2026-02-03 08:59:22.074316
RITC,9.96,9.96,9.98,127200.0,207800.0,0,0,0,0,0,0,11,2026-02-03 08:59:23.239139
COMP,25.06,25.05,25.06,132100.0,141500.0,0,0,0,0,0,0,11,2026-02-03 08:59:23.239139
RITC,9.95,9.95,9.98,118300.0,207600.0,0,0,0,0,0,0,12,2026-02-03 08:59:24.294985
COMP,25.06,25.05,25.06,133700.0,141500.0,0,0,0,0,0,0,12,2026-02-03 08:59:24.294985
RITC,9.95,9.95,9.97,118300.0,207800.0,0,0,0,0,0,0,13,2026-02-03 08:59:25.329112
COMP,25.06,25.05,25.06,133700.0,141500.0,0,0,0,0,0,0,13,2026-02-03 08:59:25.329112
RITC,9.94,9.94,9.97,109900.0,207800.0,0,0,0,0,0,0,14,2026-02-03 08:59:26.362448
COMP,25.06,25.05,25.06,133900.0,141500.0,0,0,0,0,0,0,14,2026-02-03 08:59:26.362448
RITC,9.94,9.96,9.97,120200.0,208600.0,0,0,0,0,0,0,15,2026-02-03 08:59:27.423055
COMP,25.06,25.05,25.06,134700.0,141500.0,0,0,0,0,0,0,15,2026-02-03 08:59:27.423055
RITC,9.94,9.94,9.97,109900.0,208600.0,0,0,0,0,0,0,16,2026-02-03 08:59:28.469080
COMP,25.07,25.05,25.07,136700.0,139600.0,0,0,0,0,0,0,16,2026-02-03 08:59:28.469080
RITC,9.94,9.94,9.95,109900.0,209700.0,0,0,0,0,0,0,17,2026-02-03 08:59:29.514401
COMP,25.07,25.05,25.07,137100.0,139600.0,0,0,0,0,0,0,17,2026-02-03 08:59:29.514401
RITC,9.94,9.92,9.94,102700.0,209400.0,0,0,0,0,0,0,18,2026-02-03 08:59:30.571394
COMP,25.07,25.05,25.07,137400.0,139600.0,0,0,0,0,0,0,18,2026-02-03 08:59:30.571394
RITC,9.94,9.92,9.93,102700.0,206900.0,0,0,0,0,0,0,19,2026-02-03 08:59:31.105921
COMP,25.07,25.05,25.07,137400.0,139600.0,0,0,0,0,0,0,19,2026-02-03 08:59:31.105921
RITC,9.92,9.92,9.93,103700.0,204600.0,0,0,0,0,0,0,20,2026-02-03 08:59:32.128758
COMP,25.07,25.06,25.07,137300.0,139600.0,0,0,0,0,0,0,20,2026-02-03 08:59:32.128758
RITC,9.92,9.92,9.93,103200.0,205600.0,0,0,0,0,0,0,21,2026-02-03 08:59:33.153461
COMP,25.08,25.07,25.08,138800.0,139300.0,0,0,0,0,0,0,21,2026-02-03 08:59:33.153461
RITC,9.92,9.92,9.93,103200.0,203200.0,0,0,0,0,0,0,22,2026-02-03 08:59:34.178180
COMP,25.08,25.07,25.08,139600.0,139300.0,0,0,0,0,0,0,22,2026-02-03 08:59:34.178180
RITC,9.91,9.91,9.93,102600.0,201500.0,0,0,0,0,0,0,23,2026-02-03 08:59:35.199634
COMP,25.1,25.07,25.1,139600.0,125200.0,0,0,0,0,0,0,23,2026-02-03 08:59:35.199634
RITC,9.9,9.9,9.93,103100.0,200200.0,0,0,0,0,0,0,24,2026-02-03 08:59:36.230315
COMP,25.1,25.07,25.1,139800.0,125200.0,0,0,0,0,0,0,24,2026-02-03 08:59:36.230315
RITC,9.89,9.86,9.87,105500.0,197700.0,0,0,0,0,0,0,25,2026-02-03 08:59:37.402999
COMP,25.12,25.07,25.12,142000.0,117400.0,0,0,0,0,0,0,25,2026-02-03 08:59:37.402999
RITC,9.93,9.92,9.93,117300.0,200200.0,0,0,0,0,0,0,26,2026-02-03 08:59:38.431052
COMP,25.12,25.07,25.12,142000.0,117400.0,0,0,0,0,0,0,26,2026-02-03 08:59:38.431052
RITC,9.92,9.92,9.93,117300.0,200200.0,0,0,0,0,0,0,27,2026-02-03 08:59:39.462651
COMP,25.14,25.11,25.14,141600.0,110000.0,0,0,0,0,0,0,27,2026-02-03 08:59:39.462651
RITC,9.86,9.88,9.93,116400.0,200200.0,0,0,0,0,0,0,28,2026-02-03 08:59:40.493680
COMP,25.14,25.07,25.14,142000.0,110000.0,0,0,0,0,0,0,28,2026-02-03 08:59:40.493680
RITC,9.86,9.88,9.92,116400.0,198300.0,0,0,0,0,0,0,29,2026-02-03 08:59:41.539809
COMP,25.14,25.07,25.14,142000.0,110000.0,0,0,0,0,0,0,29,2026-02-03 08:59:41.539809
RITC,9.87,9.88,9.92,115400.0,198300.0,0,0,0,0,0,0,30,2026-02-03 08:59:42.586199
COMP,25.07,25.07,25.16,140800.0,103000.0,0,0,0,0,0,0,30,2026-02-03 08:59:42.586199
RITC,9.87,9.88,9.9,115400.0,197300.0,0,0,0,0,0,0,31,2026-02-03 08:59:43.141325
COMP,25.07,25.07,25.16,140800.0,103000.0,0,0,0,0,0,0,31,2026-02-03 08:59:43.141325
RITC,9.9,9.88,9.9,115400.0,198400.0,0,0,0,0,0,0,32,2026-02-03 08:59:44.183255
COMP,25.16,25.07,25.16,142800.0,95600.0,0,0,0,0,0,0,32,2026-02-03 08:59:44.183255
RITC,9.9,9.89,9.9,125900.0,198400.0,0,0,0,0,0,0,33,2026-02-03 08:59:45.219532
COMP,25.16,25.07,25.09,142800.0,109700.0,0,0,0,0,0,0,33,2026-02-03 08:59:45.219532
RITC,9.93,9.9,9.93,135200.0,202700.0,0,0,0,0,0,0,34,2026-02-03 08:59:46.257344
COMP,25.16,25.07,25.09,142800.0,118000.0,0,0,0,0,0,0,34,2026-02-03 08:59:46.257344
RITC,9.93,9.92,9.93,147000.0,199900.0,0,0,0,0,0,0,35,2026-02-03 08:59:47.286431
COMP,25.16,25.07,25.09,142500.0,118000.0,0,0,0,0,0,0,35,2026-02-03 08:59:47.286431
RITC,9.93,9.92,9.93,147000.0,201400.0,0,0,0,0,0,0,36,2026-02-03 08:59:48.321301
COMP,25.09,25.06,25.09,142800.0,118000.0,0,0,0,0,0,0,36,2026-02-03 08:59:48.321301
RITC,9.92,9.92,9.93,147000.0,202800.0,0,0,0,0,0,0,37,2026-02-03 08:59:49.369543
COMP,25.06,25.06,25.09,141300.0,118000.0,0,0,0,0,0,0,37,2026-02-03 08:59:49.369543
RITC,9.93,9.92,9.93,147200.0,201100.0,0,0,0,0,0,0,38,2026-02-03 08:59:50.467020
COMP,25.09,25.06,25.09,141900.0,110000.0,0,0,0,0,0,0,38,2026-02-03 08:59:50.467020
RITC,9.93,9.92,9.93,147200.0,201100.0,0,0,0,0,0,0,39,2026-02-03 08:59:51.547868
COMP,25.05,25.05,25.09,139900.0,110000.0,0,0,0,0,0,0,39,2026-02-03 08:59:51.547868
RITC,9.93,9.92,9.93,147200.0,204600.0,0,0,0,0,0,0,40,2026-02-03 08:59:52.614961
COMP,25.09,25.09,25.11,140700.0,108300.0,0,0,0,0,0,0,40,2026-02-03 08:59:52.614961
RITC,9.92,9.9,9.92,144100.0,202300.0,0,0,0,0,0,0,41,2026-02-03 08:59:53.701129
COMP,25.09,25.05,25.08,139900.0,115800.0,0,0,0,0,0,0,41,2026-02-03 08:59:53.701129
RITC,9.92,9.9,9.91,144100.0,200200.0,0,0,0,0,0,0,42,2026-02-03 08:59:54.238389
COMP,25.08,25.1,25.11,139700.0,108300.0,0,0,0,0,0,0,42,2026-02-03 08:59:54.238389
RITC,9.89,9.89,9.91,134800.0,197000.0,0,0,0,0,0,0,43,2026-02-03 08:59:55.272208
COMP,25.11,25.1,25.11,140300.0,108300.0,0,0,0,0,0,0,43,2026-02-03 08:59:55.272208
RITC,9.91,9.91,9.92,145900.0,200600.0,0,0,0,0,0,0,44,2026-02-03 08:59:56.298304
COMP,25.11,25.1,25.11,137800.0,108300.0,0,0,0,0,0,0,44,2026-02-03 08:59:56.298304
RITC,9.91,9.91,9.92,167700.0,200600.0,0,0,0,0,0,0,45,2026-02-03 08:59:57.330701
COMP,25.11,25.13,25.15,133800.0,101700.0,0,0,0,0,0,0,45,2026-02-03 08:59:57.330701
RITC,9.92,9.91,9.92,156600.0,203900.0,0,0,0,0,0,0,46,2026-02-03 08:59:58.363362
COMP,25.11,25.13,25.15,134000.0,101700.0,0,0,0,0,0,0,46,2026-02-03 08:59:58.363362
RITC,9.91,9.91,9.93,156600.0,206000.0,0,0,0,0,0,0,47,2026-02-03 08:59:59.392952
COMP,25.11,25.13,25.14,134300.0,108100.0,0,0,0,0,0,0,47,2026-02-03 08:59:59.392952
RITC,9.94,9.91,9.94,156600.0,209900.0,0,0,0,0,0,0,48,2026-02-03 09:00:00.531116
COMP,25.13,25.13,25.14,136400.0,108100.0,0,0,0,0,0,0,48,2026-02-03 09:00:00.531116
RITC,9.94,9.91,9.94,187700.0,209900.0,0,0,0,0,0,0,49,2026-02-03 09:00:01.562434
COMP,25.13,25.13,25.14,134900.0,114700.0,0,0,0,0,0,0,49,2026-02-03 09:00:01.562434
RITC,9.91,9.91,9.94,185800.0,209900.0,0,0,0,0,0,0,50,2026-02-03 09:00:02.610239
COMP,25.12,25.12,25.14,135000.0,120700.0,0,0,0,0,0,0,50,2026-02-03 09:00:02.610239
RITC,9.94,9.92,9.94,194600.0,209300.0,0,0,0,0,0,0,51,2026-02-03 09:00:03.638815
COMP,25.15,25.12,25.15,135000.0,114300.0,0,0,0,0,0,0,51,2026-02-03 09:00:03.638815
RITC,9.94,9.92,9.94,205800.0,209300.0,0,0,0,0,0,0,52,2026-02-03 09:00:04.668841
COMP,25.1,25.1,25.15,134400.0,120600.0,0,0,0,0,0,0,52,2026-02-03 09:00:04.668841
RITC,9.94,9.92,9.94,204400.0,209300.0,0,0,0,0,0,0,53,2026-02-03 09:00:05.708213
COMP,25.09,25.09,25.16,136900.0,107700.0,0,0,0,0,0,0,53,2026-02-03 09:00:05.708213
RITC,9.94,9.93,9.94,204900.0,209300.0,0,0,0,0,0,0,54,2026-02-03 09:00:06.742744
COMP,25.09,25.09,25.16,136300.0,107700.0,0,0,0,0,0,0,54,2026-02-03 09:00:06.742744
RITC,9.94,9.93,9.94,204900.0,209000.0,0,0,0,0,0,0,55,2026-02-03 09:00:07.282286
COMP,25.16,25.09,25.16,136300.0,101100.0,0,0,0,0,0,0,55,2026-02-03 09:00:07.282286
RITC,9.94,9.93,9.94,203700.0,208300.0,0,0,0,0,0,0,56,2026-02-03 09:00:08.314177
COMP,25.16,25.12,25.16,137000.0,95100.0,0,0,0,0,0,0,56,2026-02-03 09:00:08.314177
RITC,9.95,9.93,9.95,203700.0,207500.0,0,0,0,0,0,0,57,2026-02-03 09:00:09.340038
COMP,25.12,25.12,25.16,137000.0,95100.0,0,0,0,0,0,0,57,2026-02-03 09:00:09.340038
RITC,9.95,9.93,9.95,203700.0,203800.0,0,0,0,0,0,0,58,2026-02-03 09:00:10.373449
COMP,25.12,25.12,25.16,134900.0,95100.0,0,0,0,0,0,0,58,2026-02-03 09:00:10.373449
RITC,9.95,9.94,9.95,201400.0,203800.0,0,0,0,0,0,0,59,2026-02-03 09:00:11.403875
COMP,25.12,25.12,25.16,135200.0,101500.0,0,0,0,0,0,0,59,2026-02-03 09:00:11.403875
RITC,9.93,9.93,9.95,202600.0,203800.0,0,0,0,0,0,0,60,2026-02-03 09:00:12.425543
COMP,25.12,25.12,25.16,134300.0,101500.0,0,0,0,0,0,0,60,2026-02-03 09:00:12.425543
RITC,9.93,9.93,9.95,200300.0,203600.0,0,0,0,0,0,0,61,2026-02-03 09:00:13.450611
COMP,25.12,25.12,25.16,132600.0,101500.0,0,0,0,0,0,0,61,2026-02-03 09:00:13.450611
RITC,9.95,9.94,9.95,197400.0,203800.0,0,0,0,0,0,0,62,2026-02-03 09:00:14.526800
COMP,25.17,25.12,25.17,131400.0,95200.0,0,0,0,0,0,0,62,2026-02-03 09:00:14.526800
RITC,9.95,9.95,9.96,199700.0,206900.0,0,0,0,0,0,0,63,2026-02-03 09:00:15.608797
COMP,25.18,25.12,25.18,131400.0,88300.0,0,0,0,0,0,0,63,2026-02-03 09:00:15.608797
RITC,9.96,9.95,9.96,199700.0,207700.0,0,0,0,0,0,0,64,2026-02-03 09:00:16.685213
COMP,25.18,25.12,25.18,131400.0,100900.0,0,0,0,0,0,0,64,2026-02-03 09:00:16.685213
RITC,9.96,9.95,9.96,195900.0,207700.0,0,0,0,0,0,0,65,2026-02-03 09:00:17.725172
COMP,25.18,25.13,25.18,132700.0,100900.0,0,0,0,0,0,0,65,2026-02-03 09:00:17.725172
RITC,9.96,9.95,9.96,197700.0,207700.0,0,0,0,0,0,0,66,2026-02-03 09:00:18.760953
COMP,25.1,25.1,25.18,133600.0,100900.0,0,0,0,0,0,0,66,2026-02-03 09:00:18.760953
RITC,9.96,9.95,9.96,195500.0,207700.0,0,0,0,0,0,0,67,2026-02-03 09:00:19.817107
COMP,25.1,25.1,25.18,132700.0,100900.0,0,0,0,0,0,0,67,2026-02-03 09:00:19.817107
RITC,9.96,9.95,9.96,194700.0,207700.0,0,0,0,0,0,0,68,2026-02-03 09:00:20.355197
COMP,25.1,25.17,25.18,132700.0,100900.0,0,0,0,0,0,0,68,2026-02-03 09:00:20.355197
RITC,9.96,9.95,9.96,194400.0,207700.0,0,0,0,0,0,0,69,2026-02-03 09:00:21.402759
COMP,25.19,25.17,25.19,132700.0,79800.0,0,0,0,0,0,0,69,2026-02-03 09:00:21.402759
RITC,9.97,9.96,9.97,196800.0,206700.0,0,0,0,0,0,0,70,2026-02-03 09:00:22.454801
COMP,25.19,25.17,25.19,133900.0,79800.0,0,0,0,0,0,0,70,2026-02-03 09:00:22.454801
RITC,9.97,9.96,9.97,199000.0,205800.0,0,0,0,0,0,0,71,2026-02-03 09:00:23.490527
COMP,25.19,25.17,25.19,133900.0,79800.0,0,0,0,0,0,0,71,2026-02-03 09:00:23.490527
RITC,9.98,9.98,9.99,199300.0,202100.0,0,0,0,0,0,0,72,2026-02-03 09:00:24.533317
COMP,25.19,25.19,25.2,135100.0,73700.0,0,0,0,0,0,0,72,2026-02-03 09:00:24.533317
RITC,9.98,9.98,9.99,199300.0,202100.0,0,0,0,0,0,0,73,2026-02-03 09:00:25.622166
COMP,25.2,25.19,25.2,135100.0,73700.0,0,0,0,0,0,0,73,2026-02-03 09:00:25.622166
RITC,9.98,9.98,9.99,200100.0,202100.0,0,0,0,0,0,0,74,2026-02-03 09:00:26.678369
COMP,25.2,25.19,25.2,135100.0,80900.0,0,0,0,0,0,0,74,2026-02-03 09:00:26.678369
RITC,9.96,9.96,9.99,198600.0,202700.0,0,0,0,0,0,0,75,2026-02-03 09:00:27.753550
COMP,25.17,25.17,25.2,133900.0,86700.0,0,0,0,0,0,0,75,2026-02-03 09:00:27.753550
RITC,9.99,9.96,9.99,198600.0,205200.0,0,0,0,0,0,0,76,2026-02-03 09:00:28.790608
COMP,25.16,25.16,25.2,133500.0,86700.0,0,0,0,0,0,0,76,2026-02-03 09:00:28.790608
RITC,9.97,9.97,9.99,201100.0,205200.0,0,0,0,0,0,0,77,2026-02-03 09:00:29.837638
COMP,25.16,25.16,25.2,134300.0,86700.0,0,0,0,0,0,0,77,2026-02-03 09:00:29.837638
RITC,9.99,9.97,9.99,201100.0,208600.0,0,0,0,0,0,0,78,2026-02-03 09:00:30.885666
COMP,25.14,25.14,25.19,133800.0,92300.0,0,0,0,0,0,0,78,2026-02-03 09:00:30.885666
RITC,9.95,9.95,9.99,195200.0,208600.0,0,0,0,0,0,0,79,2026-02-03 09:00:31.453494
COMP,25.14,25.14,25.19,133800.0,92300.0,0,0,0,0,0,0,79,2026-02-03 09:00:31.453494
RITC,9.95,9.95,10.0,195400.0,208400.0,0,0,0,0,0,0,80,2026-02-03 09:00:32.480903
COMP,25.15,25.16,25.19,135500.0,92300.0,0,0,0,0,0,0,80,2026-02-03 09:00:32.480903
RITC,9.97,9.97,10.0,197800.0,208400.0,0,0,0,0,0,0,81,2026-02-03 09:00:33.514743
COMP,25.15,25.16,25.19,135500.0,99500.0,0,0,0,0,0,0,81,2026-02-03 09:00:33.514743
RITC,9.97,9.97,9.99,197600.0,210300.0,0,0,0,0,0,0,82,2026-02-03 09:00:34.545560
COMP,25.11,25.11,25.19,133200.0,99500.0,0,0,0,0,0,0,82,2026-02-03 09:00:34.545560
RITC,9.97,9.97,9.98,197600.0,209200.0,0,0,0,0,0,0,83,2026-02-03 09:00:35.579085
COMP,25.11,25.11,25.19,134200.0,99500.0,0,0,0,0,0,0,83,2026-02-03 09:00:35.579085
RITC,9.95,9.95,9.98,195400.0,211500.0,0,0,0,0,0,0,84,2026-02-03 09:00:36.646115
COMP,25.19,25.11,25.19,134700.0,99500.0,0,0,0,0,0,0,84,2026-02-03 09:00:36.646115
RITC,9.95,9.96,9.98,194500.0,211500.0,0,0,0,0,0,0,85,2026-02-03 09:00:37.730704
COMP,25.19,25.18,25.19,134100.0,99500.0,0,0,0,0,0,0,85,2026-02-03 09:00:37.730704
RITC,9.96,9.95,9.96,195400.0,212900.0,0,0,0,0,0,0,86,2026-02-03 09:00:38.780173
COMP,25.19,25.18,25.19,134100.0,113300.0,0,0,0,0,0,0,86,2026-02-03 09:00:38.780173
RITC,9.96,9.95,9.96,195400.0,213800.0,0,0,0,0,0,0,87,2026-02-03 09:00:39.827008
COMP,25.19,25.18,25.19,134100.0,121600.0,0,0,0,0,0,0,87,2026-02-03 09:00:39.827008
RITC,9.95,9.95,9.98,198500.0,211500.0,0,0,0,0,0,0,88,2026-02-03 09:00:40.867818
COMP,25.19,25.18,25.19,134100.0,127600.0,0,0,0,0,0,0,88,2026-02-03 09:00:40.867818
RITC,9.98,9.98,9.99,196000.0,209200.0,0,0,0,0,0,0,89,2026-02-03 09:00:41.924994
COMP,25.19,25.18,25.19,134100.0,129000.0,0,0,0,0,0,0,89,2026-02-03 09:00:41.924994
RITC,9.98,9.98,9.99,196000.0,209200.0,0,0,0,0,0,0,90,2026-02-03 09:00:42.469932
COMP,25.19,25.18,25.19,134100.0,135400.0,0,0,0,0,0,0,90,2026-02-03 09:00:42.469932
RITC,9.98,9.95,9.97,198500.0,211000.0,0,0,0,0,0,0,91,2026-02-03 09:00:43.515974
COMP,25.18,25.18,25.19,133900.0,135400.0,0,0,0,0,0,0,91,2026-02-03 09:00:43.515974
RITC,9.95,9.95,9.97,195000.0,211000.0,0,0,0,0,0,0,92,2026-02-03 09:00:44.550998
COMP,25.2,25.18,25.2,133900.0,120800.0,0,0,0,0,0,0,92,2026-02-03 09:00:44.550998
RITC,9.94,9.94,9.97,198800.0,211000.0,0,0,0,0,0,0,93,2026-02-03 09:00:45.589277
COMP,25.2,25.18,25.2,133400.0,120800.0,0,0,0,0,0,0,93,2026-02-03 09:00:45.589277
RITC,9.94,9.94,9.97,197200.0,211000.0,0,0,0,0,0,0,94,2026-02-03 09:00:46.627509
COMP,25.2,25.18,25.2,133400.0,114500.0,0,0,0,0,0,0,94,2026-02-03 09:00:46.627509
RITC,9.94,9.94,9.96,197300.0,209300.0,0,0,0,0,0,0,95,2026-02-03 09:00:47.678363
COMP,25.2,25.18,25.2,133400.0,121000.0,0,0,0,0,0,0,95,2026-02-03 09:00:47.678363
RITC,9.94,9.93,9.94,197500.0,207900.0,0,0,0,0,0,0,96,2026-02-03 09:00:48.764652
COMP,25.18,25.18,25.2,134000.0,121000.0,0,0,0,0,0,0,96,2026-02-03 09:00:48.764652
RITC,9.93,9.93,9.94,198500.0,206200.0,0,0,0,0,0,0,97,2026-02-03 09:00:49.856833
COMP,25.21,25.18,25.21,134000.0,115400.0,0,0,0,0,0,0,97,2026-02-03 09:00:49.856833
RITC,9.93,9.93,9.94,198800.0,206200.0,0,0,0,0,0,0,98,2026-02-03 09:00:50.910242
COMP,25.14,25.14,25.21,135400.0,122300.0,0,0,0,0,0,0,98,2026-02-03 09:00:50.910242
RITC,9.92,9.92,9.93,199900.0,209000.0,0,0,0,0,0,0,99,2026-02-03 09:00:51.962642
COMP,25.14,25.14,25.2,135400.0,128600.0,0,0,0,0,0,0,99,2026-02-03 09:00:51.962642
RITC,9.92,9.92,9.93,203200.0,206400.0,0,0,0,0,0,0,100,2026-02-03 09:00:52.508245
COMP,25.14,25.14,25.2,134700.0,128600.0,0,0,0,0,0,0,100,2026-02-03 09:00:52.508245
RITC,9.92,9.92,9.93,203600.0,204100.0,0,0,0,0,0,0,101,2026-02-03 09:00:53.550488
COMP,25.1,25.1,25.2,134300.0,128600.0,0,0,0,0,0,0,101,2026-02-03 09:00:53.550488
RITC,9.92,9.91,9.92,207100.0,204300.0,0,0,0,0,0,0,102,2026-02-03 09:00:54.589552
COMP,25.1,25.1,25.13,134300.0,136800.0,0,0,0,0,0,0,102,2026-02-03 09:00:54.589552
RITC,9.91,9.91,9.92,207400.0,204000.0,0,0,0,0,0,0,103,2026-02-03 09:00:55.624087
COMP,25.13,25.09,25.13,134200.0,136800.0,0,0,0,0,0,0,103,2026-02-03 09:00:55.624087
RITC,9.91,9.91,9.92,206900.0,203200.0,0,0,0,0,0,0,104,2026-02-03 09:00:56.660507
COMP,25.13,25.09,25.13,134200.0,138300.0,0,0,0,0,0,0,104,2026-02-03 09:00:56.660507
RITC,9.9,9.9,9.92,208800.0,202700.0,0,0,0,0,0,0,105,2026-02-03 09:00:57.687705
COMP,25.09,25.08,25.13,132400.0,138300.0,0,0,0,0,0,0,105,2026-02-03 09:00:57.687705
RITC,9.9,9.9,9.91,208800.0,202300.0,0,0,0,0,0,0,106,2026-02-03 09:00:58.736033
COMP,25.09,25.08,25.13,132200.0,138300.0,0,0,0,0,0,0,106,2026-02-03 09:00:58.736033
RITC,9.9,9.9,9.91,208400.0,202300.0,0,0,0,0,0,0,107,2026-02-03 09:00:59.910860
COMP,25.08,25.08,25.13,134100.0,138300.0,0,0,0,0,0,0,107,2026-02-03 09:00:59.910860
RITC,9.9,9.9,9.91,208400.0,200800.0,0,0,0,0,0,0,108,2026-02-03 09:01:00.690941
COMP,25.08,25.08,25.13,134100.0,136900.0,0,0,0,0,0,0,108,2026-02-03 09:01:00.690941
RITC,9.9,9.9,9.91,209500.0,198300.0,0,0,0,0,0,0,109,2026-02-03 09:01:02.012021
COMP,25.07,25.07,25.13,137500.0,136900.0,0,0,0,0,0,0,109,2026-02-03 09:01:02.012021
RITC,9.9,9.9,9.91,209500.0,198500.0,0,0,0,0,0,0,110,2026-02-03 09:01:02.612661
COMP,25.07,25.07,25.13,137500.0,138300.0,0,0,0,0,0,0,110,2026-02-03 09:01:02.612661
RITC,9.88,9.88,9.91,210400.0,198500.0,0,0,0,0,0,0,111,2026-02-03 09:01:03.645912
COMP,25.07,25.07,25.08,137500.0,137600.0,0,0,0,0,0,0,111,2026-02-03 09:01:03.645912
RITC,9.91,9.88,9.91,210400.0,196600.0,0,0,0,0,0,0,112,2026-02-03 09:01:04.673905
COMP,25.06,25.06,25.08,138700.0,137600.0,0,0,0,0,0,0,112,2026-02-03 09:01:04.673905
RITC,9.88,9.88,9.91,211100.0,196600.0,0,0,0,0,0,0,113,2026-02-03 09:01:05.705216
COMP,25.06,25.05,25.06,140200.0,138600.0,0,0,0,0,0,0,113,2026-02-03 09:01:05.705216
RITC,9.9,9.88,9.9,211100.0,199600.0,0,0,0,0,0,0,114,2026-02-03 09:01:06.771052
COMP,25.05,25.04,25.05,139500.0,139000.0,0,0,0,0,0,0,114,2026-02-03 09:01:06.771052
RITC,9.91,9.88,9.91,211500.0,196900.0,0,0,0,0,0,0,115,2026-02-03 09:01:07.890853
COMP,25.04,25.04,25.05,139500.0,138000.0,0,0,0,0,0,0,115,2026-02-03 09:01:07.890853
RITC,9.91,9.9,9.92,210700.0,201200.0,0,0,0,0,0,0,116,2026-02-03 09:01:08.926362
COMP,25.04,25.04,25.05,139500.0,139600.0,0,0,0,0,0,0,116,2026-02-03 09:01:08.926362
RITC,9.91,9.9,9.92,210700.0,201200.0,0,0,0,0,0,0,117,2026-02-03 09:01:09.965209
COMP,25.04,25.04,25.05,140400.0,138800.0,0,0,0,0,0,0,117,2026-02-03 09:01:09.965209
RITC,9.91,9.9,9.92,211600.0,197800.0,0,0,0,0,0,0,118,2026-02-03 09:01:11.003352
COMP,25.03,25.03,25.05,139500.0,138800.0,0,0,0,0,0,0,118,2026-02-03 09:01:11.003352
RITC,9.92,9.91,9.92,209000.0,197800.0,0,0,0,0,0,0,119,2026-02-03 09:01:12.036025
COMP,25.03,25.03,25.04,139500.0,138600.0,0,0,0,0,0,0,119,2026-02-03 09:01:12.036025
RITC,9.91,9.9,9.91,211600.0,198600.0,0,0,0,0,0,0,120,2026-02-03 09:01:12.566234
COMP,25.03,25.03,25.04,139500.0,138400.0,0,0,0,0,0,0,120,2026-02-03 09:01:12.566234
RITC,9.91,9.9,9.91,209200.0,198600.0,0,0,0,0,0,0,121,2026-02-03 09:01:13.599471
COMP,25.03,25.03,25.04,139500.0,139200.0,0,0,0,0,0,0,121,2026-02-03 09:01:13.599471
RITC,9.93,9.9,9.93,209200.0,196700.0,0,0,0,0,0,0,122,2026-02-03 09:01:14.635886
COMP,25.03,25.03,25.04,139200.0,139200.0,0,0,0,0,0,0,122,2026-02-03 09:01:14.635886
RITC,9.9,9.9,9.93,209200.0,196700.0,0,0,0,0,0,0,123,2026-02-03 09:01:15.670508
COMP,25.02,25.02,25.04,139900.0,139200.0,0,0,0,0,0,0,123,2026-02-03 09:01:15.670508
RITC,9.9,9.9,9.93,207900.0,196700.0,0,0,0,0,0,0,124,2026-02-03 09:01:16.705505
COMP,25.01,25.01,25.04,139900.0,140800.0,0,0,0,0,0,0,124,2026-02-03 09:01:16.705505
RITC,9.9,9.92,9.93,210800.0,196700.0,0,0,0,0,0,0,125,2026-02-03 09:01:17.737872
COMP,25.01,25.01,25.02,139900.0,142700.0,0,0,0,0,0,0,125,2026-02-03 09:01:17.737872
RITC,9.9,9.92,9.93,207600.0,196700.0,0,0,0,0,0,0,126,2026-02-03 09:01:18.769359
COMP,25.01,25.01,25.02,139900.0,141600.0,0,0,0,0,0,0,126,2026-02-03 09:01:18.769359
RITC,9.92,9.92,9.93,207600.0,196700.0,0,0,0,0,0,0,127,2026-02-03 09:01:19.800477
COMP,25.01,25.01,25.02,139900.0,143500.0,0,0,0,0,0,0,127,2026-02-03 09:01:19.800477
RITC,9.91,9.91,9.92,207100.0,195000.0,0,0,0,0,0,0,128,2026-02-03 09:01:20.838183
COMP,25.01,25.01,25.02,139100.0,143500.0,0,0,0,0,0,0,128,2026-02-03 09:01:20.838183
RITC,9.92,9.91,9.92,208100.0,197900.0,0,0,0,0,0,0,129,2026-02-03 09:01:21.879102
COMP,25.01,25.01,25.02,136900.0,144000.0,0,0,0,0,0,0,129,2026-02-03 09:01:21.879102
RITC,9.91,9.91,9.92,210000.0,194700.0,0,0,0,0,0,0,130,2026-02-03 09:01:22.935552
COMP,25.01,25.01,25.02,136900.0,144000.0,0,0,0,0,0,0,130,2026-02-03 09:01:22.935552
RITC,9.91,9.9,9.91,208700.0,196000.0,0,0,0,0,0,0,131,2026-02-03 09:01:24.005265
COMP,25.01,25.01,25.02,136400.0,146400.0,0,0,0,0,0,0,131,2026-02-03 09:01:24.005265
RITC,9.9,9.9,9.91,209200.0,196000.0,0,0,0,0,0,0,132,2026-02-03 09:01:25.076789
COMP,25.0,25.0,25.02,135800.0,146400.0,0,0,0,0,0,0,132,2026-02-03 09:01:25.076789
RITC,9.9,9.9,9.91,209200.0,195100.0,0,0,0,0,0,0,133,2026-02-03 09:01:26.113177
COMP,24.99,24.99,25.02,135300.0,146400.0,0,0,0,0,0,0,133,2026-02-03 09:01:26.113177
RITC,9.91,9.9,9.91,209200.0,192000.0,0,0,0,0,0,0,134,2026-02-03 09:01:26.646920
COMP,24.99,24.99,25.0,135300.0,146200.0,0,0,0,0,0,0,134,2026-02-03 09:01:26.646920
RITC,9.9,9.9,9.92,210000.0,195200.0,0,0,0,0,0,0,135,2026-02-03 09:01:27.676579
COMP,24.99,24.99,25.0,135300.0,146200.0,0,0,0,0,0,0,135,2026-02-03 09:01:27.676579
RITC,9.9,9.9,9.92,211600.0,195200.0,0,0,0,0,0,0,136,2026-02-03 09:01:28.703535
COMP,24.99,24.99,25.0,134300.0,146200.0,0,0,0,0,0,0,136,2026-02-03 09:01:28.703535
RITC,9.9,9.9,9.92,212500.0,193500.0,0,0,0,0,0,0,137,2026-02-03 09:01:29.727214
COMP,24.99,24.99,25.0,134300.0,143900.0,0,0,0,0,0,0,137,2026-02-03 09:01:29.727214
RITC,9.92,9.9,9.92,212400.0,190400.0,0,0,0,0,0,0,138,2026-02-03 09:01:30.755121
COMP,24.99,24.99,25.0,132700.0,143900.0,0,0,0,0,0,0,138,2026-02-03 09:01:30.755121
RITC,9.9,9.9,9.92,212400.0,190400.0,0,0,0,0,0,0,139,2026-02-03 09:01:31.782895
COMP,24.98,24.98,25.0,130100.0,143900.0,0,0,0,0,0,0,139,2026-02-03 09:01:31.782895
RITC,9.9,9.89,9.9,213300.0,189200.0,0,0,0,0,0,0,140,2026-02-03 09:01:32.815439
COMP,24.97,24.97,25.0,132100.0,143900.0,0,0,0,0,0,0,140,2026-02-03 09:01:32.815439
RITC,9.9,9.89,9.9,213300.0,186800.0,0,0,0,0,0,0,141,2026-02-03 09:01:33.840843
COMP,24.95,24.95,25.0,133100.0,143900.0,0,0,0,0,0,0,141,2026-02-03 09:01:33.840843
RITC,9.89,9.89,9.9,213300.0,188300.0,0,0,0,0,0,0,142,2026-02-03 09:01:34.863428
COMP,24.95,24.95,24.98,133100.0,140800.0,0,0,0,0,0,0,142,2026-02-03 09:01:34.863428
RITC,9.89,9.89,9.9,211000.0,188300.0,0,0,0,0,0,0,143,2026-02-03 09:01:35.887749
COMP,24.95,24.95,24.98,134800.0,140800.0,0,0,0,0,0,0,143,2026-02-03 09:01:35.887749
RITC,9.91,9.89,9.91,210500.0,187500.0,0,0,0,0,0,0,144,2026-02-03 09:01:36.913115
COMP,24.93,24.93,24.97,135100.0,141100.0,0,0,0,0,0,0,144,2026-02-03 09:01:36.913115
RITC,9.91,9.89,9.91,210500.0,189600.0,0,0,0,0,0,0,145,2026-02-03 09:01:37.957287
COMP,24.93,24.93,24.97,135100.0,141300.0,0,0,0,0,0,0,145,2026-02-03 09:01:37.957287
RITC,9.89,9.89,9.91,210800.0,192700.0,0,0,0,0,0,0,146,2026-02-03 09:01:39.016230
COMP,24.93,24.93,24.97,135100.0,141300.0,0,0,0,0,0,0,146,2026-02-03 09:01:39.016230
RITC,9.89,9.89,9.9,210800.0,192500.0,0,0,0,0,0,0,147,2026-02-03 09:01:40.092505
COMP,24.93,24.92,24.93,134300.0,138800.0,0,0,0,0,0,0,147,2026-02-03 09:01:40.092505
RITC,9.89,9.88,9.89,210800.0,193100.0,0,0,0,0,0,0,148,2026-02-03 09:01:41.129678
COMP,24.91,24.91,24.93,135900.0,138800.0,0,0,0,0,0,0,148,2026-02-03 09:01:41.129678
RITC,9.88,9.88,9.89,211400.0,195600.0,0,0,0,0,0,0,149,2026-02-03 09:01:42.188878
COMP,24.9,24.9,24.93,136700.0,138800.0,0,0,0,0,0,0,149,2026-02-03 09:01:42.188878
RITC,9.88,9.88,9.89,211200.0,195300.0,0,0,0,0,0,0,150,2026-02-03 09:01:43.220431
COMP,24.88,24.88,24.93,138100.0,138800.0,0,0,0,0,0,0,150,2026-02-03 09:01:43.220431
RITC,9.88,9.88,9.89,211200.0,196000.0,0,0,0,0,0,0,151,2026-02-03 09:01:43.761054
COMP,24.87,24.87,24.93,138200.0,138800.0,0,0,0,0,0,0,151,2026-02-03 09:01:43.761054
RITC,9.88,9.88,9.89,208900.0,196000.0,0,0,0,0,0,0,152,2026-02-03 09:01:44.787481
COMP,24.86,24.86,24.93,139400.0,138400.0,0,0,0,0,0,0,152,2026-02-03 09:01:44.787481
RITC,9.88,9.88,9.89,209900.0,196000.0,0,0,0,0,0,0,153,2026-02-03 09:01:45.819110
COMP,24.84,24.84,24.93,143600.0,138400.0,0,0,0,0,0,0,153,2026-02-03 09:01:45.819110
RITC,9.88,9.88,9.89,209900.0,197600.0,0,0,0,0,0,0,154,2026-02-03 09:01:46.849006
COMP,24.84,24.84,24.89,143600.0,138200.0,0,0,0,0,0,0,154,2026-02-03 09:01:46.849006
RITC,9.88,9.88,9.89,211300.0,198900.0,0,0,0,0,0,0,155,2026-02-03 09:01:47.875381
COMP,24.84,24.84,24.89,143600.0,138900.0,0,0,0,0,0,0,155,2026-02-03 09:01:47.875381
RITC,9.88,9.87,9.88,209500.0,203100.0,0,0,0,0,0,0,156,2026-02-03 09:01:48.901913
COMP,24.84,24.84,24.89,143600.0,140500.0,0,0,0,0,0,0,156,2026-02-03 09:01:48.901913
RITC,9.86,9.86,9.88,199400.0,203100.0,0,0,0,0,0,0,157,2026-02-03 09:01:49.930601
COMP,24.83,24.83,24.88,142100.0,140900.0,0,0,0,0,0,0,157,2026-02-03 09:01:49.930601
RITC,9.86,9.84,9.85,190200.0,206100.0,0,0,0,0,0,0,158,2026-02-03 09:01:50.957749
COMP,24.83,24.83,24.88,142100.0,138700.0,0,0,0,0,0,0,158,2026-02-03 09:01:50.957749
RITC,9.84,9.84,9.85,190200.0,206100.0,0,0,0,0,0,0,159,2026-02-03 09:01:51.990008
COMP,24.89,24.83,24.89,142100.0,140200.0,0,0,0,0,0,0,159,2026-02-03 09:01:51.990008
RITC,9.84,9.84,9.85,179800.0,204500.0,0,0,0,0,0,0,160,2026-02-03 09:01:53.023587
COMP,24.89,24.83,24.87,142100.0,141500.0,0,0,0,0,0,0,160,2026-02-03 09:01:53.023587
RITC,9.83,9.83,9.84,169800.0,203700.0,0,0,0,0,0,0,161,2026-02-03 09:01:54.066680
COMP,24.89,24.83,24.87,142100.0,141300.0,0,0,0,0,0,0,161,2026-02-03 09:01:54.066680
RITC,9.83,9.83,9.84,169800.0,206300.0,0,0,0,0,0,0,162,2026-02-03 09:01:55.136993
COMP,24.89,24.83,24.87,142100.0,141300.0,0,0,0,0,0,0,162,2026-02-03 09:01:55.136993
RITC,9.83,9.79,9.83,147800.0,207700.0,0,0,0,0,0,0,163,2026-02-03 09:01:56.223207
COMP,24.87,24.8,24.87,142400.0,141300.0,0,0,0,0,0,0,163,2026-02-03 09:01:56.223207
RITC,9.83,9.79,9.8,147800.0,209300.0,0,0,0,0,0,0,164,2026-02-03 09:01:57.275847
COMP,24.87,24.8,24.87,141900.0,141900.0,0,0,0,0,0,0,164,2026-02-03 09:01:57.275847
RITC,9.78,9.78,9.8,126100.0,209300.0,0,0,0,0,0,0,165,2026-02-03 09:01:57.830017
COMP,24.87,24.81,24.87,141900.0,141900.0,0,0,0,0,0,0,165,2026-02-03 09:01:57.830017
RITC,9.76,9.76,9.8,117300.0,207800.0,0,0,0,0,0,0,166,2026-02-03 09:01:58.877139
COMP,24.8,24.8,24.87,135600.0,141900.0,0,0,0,0,0,0,166,2026-02-03 09:01:58.877139
RITC,9.76,9.76,9.78,117300.0,207200.0,0,0,0,0,0,0,167,2026-02-03 09:01:59.903901
COMP,24.88,24.8,24.88,135600.0,139700.0,0,0,0,0,0,0,167,2026-02-03 09:01:59.903901
RITC,9.74,9.74,9.78,105500.0,207200.0,0,0,0,0,0,0,168,2026-02-03 09:02:00.932683
COMP,24.79,24.79,24.84,129600.0,141100.0,0,0,0,0,0,0,168,2026-02-03 09:02:00.932683
RITC,9.73,9.73,9.76,106500.0,205800.0,0,0,0,0,0,0,169,2026-02-03 09:02:01.960296
COMP,24.77,24.77,24.84,124000.0,142200.0,0,0,0,0,0,0,169,2026-02-03 09:02:01.960296
RITC,9.73,9.73,9.74,108200.0,203400.0,0,0,0,0,0,0,170,2026-02-03 09:02:02.982230
COMP,24.77,24.77,24.84,124000.0,143100.0,0,0,0,0,0,0,170,2026-02-03 09:02:02.982230
RITC,9.73,9.69,9.73,107300.0,205500.0,0,0,0,0,0,0,171,2026-02-03 09:02:04.012246
COMP,24.77,24.77,24.84,124000.0,144400.0,0,0,0,0,0,0,171,2026-02-03 09:02:04.012246
RITC,9.69,9.69,9.7,107300.0,206800.0,0,0,0,0,0,0,172,2026-02-03 09:02:05.033438
COMP,24.77,24.77,24.84,124000.0,143100.0,0,0,0,0,0,0,172,2026-02-03 09:02:05.033438
RITC,9.69,9.68,9.69,106100.0,206300.0,0,0,0,0,0,0,173,2026-02-03 09:02:06.058439
COMP,24.77,24.77,24.82,124000.0,141600.0,0,0,0,0,0,0,173,2026-02-03 09:02:06.058439
RITC,9.68,9.68,9.69,106100.0,204300.0,0,0,0,0,0,0,174,2026-02-03 09:02:07.088608
COMP,24.76,24.76,24.82,116800.0,142900.0,0,0,0,0,0,0,174,2026-02-03 09:02:07.088608
RITC,9.68,9.68,9.69,106100.0,204400.0,0,0,0,0,0,0,175,2026-02-03 09:02:08.110465
COMP,24.74,24.74,24.82,108900.0,142900.0,0,0,0,0,0,0,175,2026-02-03 09:02:08.110465
RITC,9.63,9.63,9.69,109100.0,204400.0,0,0,0,0,0,0,176,2026-02-03 09:02:09.168861
COMP,24.73,24.73,24.81,102200.0,144800.0,0,0,0,0,0,0,176,2026-02-03 09:02:09.168861
RITC,9.62,9.62,9.65,109800.0,203400.0,0,0,0,0,0,0,177,2026-02-03 09:02:10.269838
COMP,24.73,24.73,24.81,102200.0,143100.0,0,0,0,0,0,0,177,2026-02-03 09:02:10.269838
RITC,9.62,9.62,9.63,109800.0,205600.0,0,0,0,0,0,0,178,2026-02-03 09:02:11.327352
COMP,24.72,24.72,24.74,94600.0,141600.0,0,0,0,0,0,0,178,2026-02-03 09:02:11.327352
RITC,9.62,9.62,9.63,133100.0,205600.0,0,0,0,0,0,0,179,2026-02-03 09:02:12.372490
COMP,24.72,24.72,24.74,94600.0,141600.0,0,0,0,0,0,0,179,2026-02-03 09:02:12.372490
RITC,9.62,9.62,9.63,120700.0,205600.0,0,0,0,0,0,0,180,2026-02-03 09:02:12.900633
COMP,24.72,24.72,24.74,94600.0,142300.0,0,0,0,0,0,0,180,2026-02-03 09:02:12.900633
RITC,9.62,9.61,9.62,118300.0,205000.0,0,0,0,0,0,0,181,2026-02-03 09:02:13.926918
COMP,24.72,24.72,24.74,94600.0,141300.0,0,0,0,0,0,0,181,2026-02-03 09:02:13.926918
RITC,9.62,9.61,9.62,118300.0,206600.0,0,0,0,0,0,0,182,2026-02-03 09:02:14.957328
COMP,24.74,24.68,24.74,87200.0,141300.0,0,0,0,0,0,0,182,2026-02-03 09:02:14.957328
RITC,9.6,9.6,9.62,108400.0,206000.0,0,0,0,0,0,0,183,2026-02-03 09:02:15.987528
COMP,24.74,24.68,24.71,87200.0,141300.0,0,0,0,0,0,0,183,2026-02-03 09:02:15.987528
RITC,9.59,9.59,9.61,108000.0,205600.0,0,0,0,0,0,0,184,2026-02-03 09:02:17.015348
COMP,24.74,24.68,24.7,94100.0,140000.0,0,0,0,0,0,0,184,2026-02-03 09:02:17.015348
RITC,9.59,9.59,9.61,108000.0,206300.0,0,0,0,0,0,0,185,2026-02-03 09:02:18.044800
COMP,24.74,24.68,24.7,94100.0,138100.0,0,0,0,0,0,0,185,2026-02-03 09:02:18.044800
RITC,9.61,9.59,9.61,104900.0,206800.0,0,0,0,0,0,0,186,2026-02-03 09:02:19.073064
COMP,24.74,24.68,24.7,94100.0,138300.0,0,0,0,0,0,0,186,2026-02-03 09:02:19.073064
RITC,9.61,9.59,9.62,104900.0,208100.0,0,0,0,0,0,0,187,2026-02-03 09:02:20.103036
COMP,24.7,24.68,24.7,102600.0,138300.0,0,0,0,0,0,0,187,2026-02-03 09:02:20.103036
RITC,9.61,9.6,9.62,115900.0,209200.0,0,0,0,0,0,0,188,2026-02-03 09:02:21.127141
COMP,24.71,24.68,24.71,102600.0,141000.0,0,0,0,0,0,0,188,2026-02-03 09:02:21.127141
RITC,9.59,9.5,9.57,104200.0,208700.0,0,0,0,0,0,0,189,2026-02-03 09:02:22.163272
COMP,24.68,24.68,24.71,96000.0,140400.0,0,0,0,0,0,0,189,2026-02-03 09:02:22.163272
RITC,9.59,9.5,9.51,115800.0,207600.0,0,0,0,0,0,0,190,2026-02-03 09:02:23.193418
COMP,24.68,24.68,24.71,102400.0,138300.0,0,0,0,0,0,0,190,2026-02-03 09:02:23.193418
RITC,9.48,9.48,9.51,105200.0,207600.0,0,0,0,0,0,0,191,2026-02-03 09:02:24.239795
COMP,24.74,24.68,24.74,102400.0,140500.0,0,0,0,0,0,0,191,2026-02-03 09:02:24.239795
RITC,9.48,9.48,9.51,127500.0,207600.0,0,0,0,0,0,0,192,2026-02-03 09:02:25.266709
COMP,24.74,24.68,24.74,110000.0,142300.0,0,0,0,0,0,0,192,2026-02-03 09:02:25.266709
RITC,9.51,9.52,9.57,156300.0,208700.0,0,0,0,0,0,0,193,2026-02-03 09:02:26.299058
COMP,24.7,24.68,24.7,110000.0,142900.0,0,0,0,0,0,0,193,2026-02-03 09:02:26.299058
RITC,9.51,9.52,9.55,156300.0,207700.0,0,0,0,0,0,0,194,2026-02-03 09:02:27.354302
COMP,24.75,24.68,24.75,110000.0,142000.0,0,0,0,0,0,0,194,2026-02-03 09:02:27.354302
RITC,9.52,9.49,9.51,145200.0,207700.0,0,0,0,0,0,0,195,2026-02-03 09:02:28.432236
COMP,24.75,24.68,24.75,116300.0,142000.0,0,0,0,0,0,0,195,2026-02-03 09:02:28.432236
RITC,9.48,9.48,9.49,127300.0,205900.0,0,0,0,0,0,0,196,2026-02-03 09:02:29.463813
COMP,24.76,24.67,24.76,109500.0,142500.0,0,0,0,0,0,0,196,2026-02-03 09:02:29.463813
RITC,9.48,9.48,9.49,135900.0,205900.0,0,0,0,0,0,0,197,2026-02-03 09:02:30.005743
COMP,24.76,24.73,24.76,117700.0,142500.0,0,0,0,0,0,0,197,2026-02-03 09:02:30.005743
RITC,9.48,9.48,9.51,135900.0,207700.0,0,0,0,0,0,0,198,2026-02-03 09:02:31.033616
COMP,24.76,24.74,24.76,123600.0,142000.0,0,0,0,0,0,0,198,2026-02-03 09:02:31.033616
RITC,9.48,9.48,9.49,135900.0,206600.0,0,0,0,0,0,0,199,2026-02-03 09:02:32.057521
COMP,24.76,24.74,24.76,131200.0,142000.0,0,0,0,0,0,0,199,2026-02-03 09:02:32.057521
RITC,9.51,9.48,9.51,135900.0,206600.0,0,0,0,0,0,0,200,2026-02-03 09:02:33.081876
COMP,24.76,24.74,24.76,131200.0,141400.0,0,0,0,0,0,0,200,2026-02-03 09:02:33.081876
RITC,9.51,9.49,9.51,147100.0,206600.0,0,0,0,0,0,0,201,2026-02-03 09:02:34.109041
COMP,24.73,24.73,24.76,125300.0,141400.0,0,0,0,0,0,0,201,2026-02-03 09:02:34.109041
RITC,9.51,9.49,9.51,169300.0,206600.0,0,0,0,0,0,0,202,2026-02-03 09:02:35.133531
COMP,24.67,24.67,24.7,117100.0,142000.0,0,0,0,0,0,0,202,2026-02-03 09:02:35.133531
RITC,9.51,9.53,9.55,177800.0,209700.0,0,0,0,0,0,0,203,2026-02-03 09:02:36.162372
COMP,24.67,24.67,24.68,109800.0,142400.0,0,0,0,0,0,0,203,2026-02-03 09:02:36.162372
RITC,9.55,9.54,9.55,188000.0,209500.0,0,0,0,0,0,0,204,2026-02-03 09:02:37.206696
COMP,24.67,24.67,24.68,102200.0,142400.0,0,0,0,0,0,0,204,2026-02-03 09:02:37.206696
RITC,9.55,9.54,9.55,188000.0,214300.0,0,0,0,0,0,0,205,2026-02-03 09:02:38.239390
COMP,24.68,24.67,24.68,110300.0,142400.0,0,0,0,0,0,0,205,2026-02-03 09:02:38.239390
RITC,9.49,9.49,9.55,169300.0,214300.0,0,0,0,0,0,0,206,2026-02-03 09:02:39.272271
COMP,24.65,24.65,24.68,104000.0,142400.0,0,0,0,0,0,0,206,2026-02-03 09:02:39.272271
RITC,9.55,9.5,9.55,181600.0,212500.0,0,0,0,0,0,0,207,2026-02-03 09:02:40.298076
COMP,24.65,24.65,24.68,112400.0,142400.0,0,0,0,0,0,0,207,2026-02-03 09:02:40.298076
RITC,9.55,9.54,9.55,192000.0,212500.0,0,0,0,0,0,0,208,2026-02-03 09:02:41.321783
COMP,24.71,24.65,24.71,112400.0,141700.0,0,0,0,0,0,0,208,2026-02-03 09:02:41.321783
RITC,9.53,9.53,9.55,191800.0,212500.0,0,0,0,0,0,0,209,2026-02-03 09:02:42.360081
COMP,24.71,24.67,24.7,120000.0,141600.0,0,0,0,0,0,0,209,2026-02-03 09:02:42.360081
RITC,9.56,9.53,9.56,202100.0,209000.0,0,0,0,0,0,0,210,2026-02-03 09:02:43.097726
COMP,24.71,24.67,24.7,120000.0,140200.0,0,0,0,0,0,0,210,2026-02-03 09:02:43.097726
RITC,9.56,9.53,9.55,213300.0,210200.0,0,0,0,0,0,0,211,2026-02-03 09:02:44.125875
COMP,24.71,24.67,24.7,120000.0,141200.0,0,0,0,0,0,0,211,2026-02-03 09:02:44.125875
RITC,9.56,9.53,9.55,213300.0,210500.0,0,0,0,0,0,0,212,2026-02-03 09:02:45.160608
COMP,24.71,24.67,24.7,128100.0,141200.0,0,0,0,0,0,0,212,2026-02-03 09:02:45.160608
RITC,9.56,9.53,9.55,213000.0,210500.0,0,0,0,0,0,0,213,2026-02-03 09:02:46.190524
COMP,24.65,24.65,24.7,120500.0,141400.0,0,0,0,0,0,0,213,2026-02-03 09:02:46.190524
RITC,9.56,9.54,9.56,213200.0,208000.0,0,0,0,0,0,0,214,2026-02-03 09:02:47.219557
COMP,24.65,24.65,24.7,120500.0,141800.0,0,0,0,0,0,0,214,2026-02-03 09:02:47.219557
RITC,9.56,9.56,9.57,211900.0,208700.0,0,0,0,0,0,0,215,2026-02-03 09:02:48.251509
COMP,24.65,24.65,24.7,112300.0,141800.0,0,0,0,0,0,0,215,2026-02-03 09:02:48.251509
RITC,9.56,9.56,9.57,212200.0,208700.0,0,0,0,0,0,0,216,2026-02-03 09:02:49.298342
COMP,24.65,24.65,24.7,112300.0,144500.0,0,0,0,0,0,0,216,2026-02-03 09:02:49.298342
RITC,9.58,9.56,9.58,212200.0,211300.0,0,0,0,0,0,0,217,2026-02-03 09:02:50.329057
COMP,24.65,24.65,24.7,112300.0,144200.0,0,0,0,0,0,0,217,2026-02-03 09:02:50.329057
RITC,9.56,9.56,9.62,209300.0,209200.0,0,0,0,0,0,0,218,2026-02-03 09:02:51.361064
COMP,24.65,24.65,24.7,103800.0,142900.0,0,0,0,0,0,0,218,2026-02-03 09:02:51.361064
RITC,9.6,9.6,9.62,210500.0,209200.0,0,0,0,0,0,0,219,2026-02-03 09:02:52.385370
COMP,24.65,24.65,24.7,103800.0,141800.0,0,0,0,0,0,0,219,2026-02-03 09:02:52.385370
RITC,9.6,9.6,9.62,210500.0,209800.0,0,0,0,0,0,0,220,2026-02-03 09:02:53.415403
COMP,24.65,24.65,24.7,103800.0,141100.0,0,0,0,0,0,0,220,2026-02-03 09:02:53.415403
RITC,9.6,9.56,9.6,209300.0,209800.0,0,0,0,0,0,0,221,2026-02-03 09:02:54.462567
COMP,24.65,24.65,24.7,95700.0,141100.0,0,0,0,0,0,0,221,2026-02-03 09:02:54.462567
RITC,9.55,9.59,9.6,209100.0,209800.0,0,0,0,0,0,0,222,2026-02-03 09:02:55.574757
COMP,24.65,24.65,24.69,95700.0,141000.0,0,0,0,0,0,0,222,2026-02-03 09:02:55.574757
RITC,9.6,9.59,9.6,209100.0,212600.0,0,0,0,0,0,0,223,2026-02-03 09:02:56.620454
COMP,24.64,24.64,24.69,87600.0,141000.0,0,0,0,0,0,0,223,2026-02-03 09:02:56.620454
RITC,9.6,9.59,9.6,210900.0,215500.0,0,0,0,0,0,0,224,2026-02-03 09:02:57.147820
COMP,24.64,24.64,24.67,87600.0,142000.0,0,0,0,0,0,0,224,2026-02-03 09:02:57.147820
RITC,9.61,9.59,9.61,210900.0,212500.0,0,0,0,0,0,0,225,2026-02-03 09:02:58.176558
COMP,24.64,24.64,24.67,81600.0,142000.0,0,0,0,0,0,0,225,2026-02-03 09:02:58.176558
RITC,9.59,9.59,9.61,210800.0,212500.0,0,0,0,0,0,0,226,2026-02-03 09:02:59.210294
COMP,24.64,24.64,24.67,81600.0,143300.0,0,0,0,0,0,0,226,2026-02-03 09:02:59.210294
RITC,9.59,9.55,9.59,212000.0,210200.0,0,0,0,0,0,0,227,2026-02-03 09:03:00.256208
COMP,24.64,24.64,24.67,81600.0,144200.0,0,0,0,0,0,0,227,2026-02-03 09:03:00.256208
RITC,9.55,9.55,9.58,212900.0,211300.0,0,0,0,0,0,0,228,2026-02-03 09:03:01.288739
COMP,24.64,24.64,24.67,74800.0,143000.0,0,0,0,0,0,0,228,2026-02-03 09:03:01.288739
RITC,9.55,9.55,9.57,212900.0,213200.0,0,0,0,0,0,0,229,2026-02-03 09:03:02.313251
COMP,24.64,24.64,24.67,74800.0,142800.0,0,0,0,0,0,0,229,2026-02-03 09:03:02.313251
RITC,9.55,9.54,9.55,210700.0,215400.0,0,0,0,0,0,0,230,2026-02-03 09:03:03.337576
COMP,24.63,24.61,24.63,75000.0,142100.0,0,0,0,0,0,0,230,2026-02-03 09:03:03.337576
RITC,9.55,9.54,9.55,210700.0,214700.0,0,0,0,0,0,0,231,2026-02-03 09:03:04.365646
COMP,24.63,24.61,24.63,75000.0,140400.0,0,0,0,0,0,0,231,2026-02-03 09:03:04.365646
RITC,9.57,9.54,9.57,210700.0,214300.0,0,0,0,0,0,0,232,2026-02-03 09:03:05.409146
COMP,24.63,24.61,24.63,75000.0,138700.0,0,0,0,0,0,0,232,2026-02-03 09:03:05.409146
RITC,9.57,9.54,9.57,215300.0,214300.0,0,0,0,0,0,0,233,2026-02-03 09:03:06.444105
COMP,24.63,24.61,24.63,75000.0,137100.0,0,0,0,0,0,0,233,2026-02-03 09:03:06.444105
RITC,9.54,9.56,9.57,216100.0,214300.0,0,0,0,0,0,0,234,2026-02-03 09:03:07.472162
COMP,24.61,24.61,24.63,75000.0,137100.0,0,0,0,0,0,0,234,2026-02-03 09:03:07.472162
RITC,9.58,9.56,9.58,216100.0,212000.0,0,0,0,0,0,0,235,2026-02-03 09:03:08.496541
COMP,24.54,24.53,24.63,75600.0,137100.0,0,0,0,0,0,0,235,2026-02-03 09:03:08.496541
RITC,9.58,9.56,9.58,216100.0,209500.0,0,0,0,0,0,0,236,2026-02-03 09:03:09.546396
COMP,24.54,24.53,24.63,75600.0,137100.0,0,0,0,0,0,0,236,2026-02-03 09:03:09.546396
RITC,9.58,9.56,9.57,216100.0,211600.0,0,0,0,0,0,0,237,2026-02-03 09:03:10.622649
COMP,24.53,24.53,24.63,76100.0,137100.0,0,0,0,0,0,0,237,2026-02-03 09:03:10.622649
RITC,9.54,9.54,9.55,215300.0,213100.0,0,0,0,0,0,0,238,2026-02-03 09:03:11.657946
COMP,24.49,24.49,24.54,74500.0,138100.0,0,0,0,0,0,0,238,2026-02-03 09:03:11.657946
RITC,9.54,9.54,9.55,215300.0,212800.0,0,0,0,0,0,0,239,2026-02-03 09:03:12.197428
COMP,24.49,24.46,24.48,74900.0,139700.0,0,0,0,0,0,0,239,2026-02-03 09:03:12.197428
RITC,9.54,9.53,9.54,211700.0,212400.0,0,0,0,0,0,0,240,2026-02-03 09:03:13.220658
COMP,24.49,24.46,24.48,74900.0,139500.0,0,0,0,0,0,0,240,2026-02-03 09:03:13.220658
RITC,9.53,9.53,9.54,214100.0,212200.0,0,0,0,0,0,0,241,2026-02-03 09:03:14.251844
COMP,24.49,24.46,24.48,74900.0,139500.0,0,0,0,0,0,0,241,2026-02-03 09:03:14.251844
RITC,9.53,9.53,9.54,214100.0,213200.0,0,0,0,0,0,0,242,2026-02-03 09:03:15.281320
COMP,24.46,24.45,24.46,74300.0,138600.0,0,0,0,0,0,0,242,2026-02-03 09:03:15.281320
RITC,9.53,9.53,9.54,214800.0,213200.0,0,0,0,0,0,0,243,2026-02-03 09:03:16.319128
COMP,24.45,24.45,24.46,71800.0,138600.0,0,0,0,0,0,0,243,2026-02-03 09:03:16.319128
RITC,9.55,9.53,9.55,214200.0,213000.0,0,0,0,0,0,0,244,2026-02-03 09:03:17.345779
COMP,24.45,24.45,24.46,71800.0,139300.0,0,0,0,0,0,0,244,2026-02-03 09:03:17.345779
RITC,9.55,9.53,9.54,214200.0,212100.0,0,0,0,0,0,0,245,2026-02-03 09:03:18.372437
COMP,24.41,24.41,24.46,73500.0,140000.0,0,0,0,0,0,0,245,2026-02-03 09:03:18.372437
RITC,9.53,9.53,9.54,214600.0,213000.0,0,0,0,0,0,0,246,2026-02-03 09:03:19.396806
COMP,24.41,24.35,24.4,74700.0,139100.0,0,0,0,0,0,0,246,2026-02-03 09:03:19.396806
RITC,9.53,9.53,9.54,213400.0,214200.0,0,0,0,0,0,0,247,2026-02-03 09:03:20.422774
COMP,24.32,24.32,24.38,75500.0,139300.0,0,0,0,0,0,0,247,2026-02-03 09:03:20.422774
RITC,9.53,9.5,9.51,215700.0,215600.0,0,0,0,0,0,0,248,2026-02-03 09:03:21.455264
COMP,24.32,24.32,24.38,75500.0,139800.0,0,0,0,0,0,0,248,2026-02-03 09:03:21.455264
RITC,9.49,9.49,9.5,212600.0,217100.0,0,0,0,0,0,0,249,2026-02-03 09:03:22.494883
COMP,24.32,24.32,24.35,75500.0,141000.0,0,0,0,0,0,0,249,2026-02-03 09:03:22.494883
RITC,9.49,9.49,9.5,212600.0,215200.0,0,0,0,0,0,0,250,2026-02-03 09:03:23.526324
COMP,24.32,24.32,24.35,75500.0,141400.0,0,0,0,0,0,0,250,2026-02-03 09:03:23.526324
RITC,9.48,9.48,9.5,201400.0,215000.0,0,0,0,0,0,0,251,2026-02-03 09:03:24.560713
COMP,24.32,24.32,24.34,75500.0,142400.0,0,0,0,0,0,0,251,2026-02-03 09:03:24.560713
RITC,9.48,9.48,9.49,201400.0,215400.0,0,0,0,0,0,0,252,2026-02-03 09:03:25.599095
COMP,24.31,24.31,24.34,75700.0,142400.0,0,0,0,0,0,0,252,2026-02-03 09:03:25.599095
RITC,9.48,9.48,9.49,191600.0,214400.0,0,0,0,0,0,0,253,2026-02-03 09:03:26.731902
COMP,24.31,24.31,24.34,75700.0,142400.0,0,0,0,0,0,0,253,2026-02-03 09:03:26.731902
RITC,9.48,9.48,9.49,191600.0,212800.0,0,0,0,0,0,0,254,2026-02-03 09:03:27.332484
COMP,24.31,24.31,24.34,75700.0,143600.0,0,0,0,0,0,0,254,2026-02-03 09:03:27.332484
RITC,9.48,9.48,9.49,183000.0,210500.0,0,0,0,0,0,0,255,2026-02-03 09:03:28.366943
COMP,24.31,24.31,24.33,73900.0,144300.0,0,0,0,0,0,0,255,2026-02-03 09:03:28.366943
RITC,9.48,9.48,9.49,183000.0,214400.0,0,0,0,0,0,0,256,2026-02-03 09:03:29.410498
COMP,24.3,24.3,24.33,73000.0,144500.0,0,0,0,0,0,0,256,2026-02-03 09:03:29.410498
RITC,9.48,9.48,9.49,164700.0,214400.0,0,0,0,0,0,0,257,2026-02-03 09:03:30.446570
COMP,24.3,24.3,24.33,73000.0,144200.0,0,0,0,0,0,0,257,2026-02-03 09:03:30.446570
RITC,9.47,9.47,9.49,139700.0,214400.0,0,0,0,0,0,0,258,2026-02-03 09:03:31.480695
COMP,24.23,24.15,24.22,77500.0,145500.0,0,0,0,0,0,0,258,2026-02-03 09:03:31.480695
RITC,9.46,9.45,9.46,118400.0,214300.0,0,0,0,0,0,0,259,2026-02-03 09:03:32.514181
COMP,24.15,24.15,24.22,77500.0,145500.0,0,0,0,0,0,0,259,2026-02-03 09:03:32.514181
RITC,9.45,9.45,9.46,118400.0,215200.0,0,0,0,0,0,0,260,2026-02-03 09:03:33.549959
COMP,24.06,24.06,24.22,76900.0,146100.0,0,0,0,0,0,0,260,2026-02-03 09:03:33.549959
RITC,9.44,9.44,9.46,107900.0,216000.0,0,0,0,0,0,0,261,2026-02-03 09:03:34.592931
COMP,24.06,24.06,24.15,76900.0,146800.0,0,0,0,0,0,0,261,2026-02-03 09:03:34.592931
RITC,9.44,9.44,9.45,106100.0,214200.0,0,0,0,0,0,0,262,2026-02-03 09:03:35.626320
COMP,24.06,24.06,24.07,76900.0,148100.0,0,0,0,0,0,0,262,2026-02-03 09:03:35.626320
RITC,9.44,9.44,9.45,106400.0,214200.0,0,0,0,0,0,0,263,2026-02-03 09:03:36.680954
COMP,24.15,24.06,24.1,76900.0,146900.0,0,0,0,0,0,0,263,2026-02-03 09:03:36.680954
RITC,9.37,9.37,9.42,105500.0,215400.0,0,0,0,0,0,0,264,2026-02-03 09:03:37.782841
COMP,24.06,24.06,24.1,75400.0,147100.0,0,0,0,0,0,0,264,2026-02-03 09:03:37.782841
RITC,9.37,9.36,9.37,118100.0,214500.0,0,0,0,0,0,0,265,2026-02-03 09:03:38.843989
COMP,24.05,24.05,24.07,73900.0,146100.0,0,0,0,0,0,0,265,2026-02-03 09:03:38.843989
RITC,9.36,9.36,9.37,118100.0,214500.0,0,0,0,0,0,0,266,2026-02-03 09:03:39.372064
COMP,24.05,23.96,24.02,74900.0,147700.0,0,0,0,0,0,0,266,2026-02-03 09:03:39.372064
RITC,9.35,9.35,9.37,106900.0,214500.0,0,0,0,0,0,0,267,2026-02-03 09:03:40.399858
COMP,23.96,23.96,24.02,74000.0,147700.0,0,0,0,0,0,0,267,2026-02-03 09:03:40.399858
RITC,9.35,9.35,9.37,106100.0,214500.0,0,0,0,0,0,0,268,2026-02-03 09:03:41.430074
COMP,24.07,23.96,24.07,74000.0,145900.0,0,0,0,0,0,0,268,2026-02-03 09:03:41.430074
RITC,9.33,9.32,9.33,107700.0,213800.0,0,0,0,0,0,0,269,2026-02-03 09:03:42.524885
COMP,24.07,24.0,24.07,82400.0,145900.0,0,0,0,0,0,0,269,2026-02-03 09:03:42.524885
RITC,9.33,9.32,9.33,131700.0,213800.0,0,0,0,0,0,0,270,2026-02-03 09:03:43.553330
COMP,24.07,24.0,24.05,82400.0,146800.0,0,0,0,0,0,0,270,2026-02-03 09:03:43.553330
RITC,9.35,9.32,9.35,131700.0,212900.0,0,0,0,0,0,0,271,2026-02-03 09:03:44.585851
COMP,24.07,24.0,24.04,82400.0,147600.0,0,0,0,0,0,0,271,2026-02-03 09:03:44.585851
RITC,9.35,9.36,9.37,143100.0,214900.0,0,0,0,0,0,0,272,2026-02-03 09:03:45.609226
COMP,23.96,23.96,24.02,74000.0,145800.0,0,0,0,0,0,0,272,2026-02-03 09:03:45.609226
RITC,9.35,9.36,9.37,152400.0,214000.0,0,0,0,0,0,0,273,2026-02-03 09:03:46.641559
COMP,23.98,23.96,23.98,74000.0,145700.0,0,0,0,0,0,0,273,2026-02-03 09:03:46.641559
RITC,9.36,9.35,9.36,150400.0,215800.0,0,0,0,0,0,0,274,2026-02-03 09:03:47.666676
COMP,23.96,23.9,23.95,72400.0,146600.0,0,0,0,0,0,0,274,2026-02-03 09:03:47.666676
RITC,9.37,9.33,9.37,141100.0,214000.0,0,0,0,0,0,0,275,2026-02-03 09:03:48.694659
COMP,23.96,23.91,23.95,88100.0,146600.0,0,0,0,0,0,0,275,2026-02-03 09:03:48.694659
RITC,9.37,9.36,9.37,152400.0,215900.0,0,0,0,0,0,0,276,2026-02-03 09:03:49.720180
COMP,23.96,23.91,23.95,88100.0,147300.0,0,0,0,0,0,0,276,2026-02-03 09:03:49.720180
RITC,9.36,9.33,9.36,141100.0,216600.0,0,0,0,0,0,0,277,2026-02-03 09:03:50.768480
COMP,23.95,23.95,23.98,96100.0,145700.0,0,0,0,0,0,0,277,2026-02-03 09:03:50.768480
RITC,9.39,9.38,9.39,160500.0,215500.0,0,0,0,0,0,0,278,2026-02-03 09:03:51.852016
COMP,23.95,23.95,23.98,102500.0,146000.0,0,0,0,0,0,0,278,2026-02-03 09:03:51.852016
RITC,9.38,9.38,9.39,160500.0,214500.0,0,0,0,0,0,0,279,2026-02-03 09:03:52.907408
COMP,23.95,23.95,23.98,109800.0,146000.0,0,0,0,0,0,0,279,2026-02-03 09:03:52.907408
RITC,9.38,9.37,9.38,149700.0,213800.0,0,0,0,0,0,0,280,2026-02-03 09:03:53.461625
COMP,23.94,23.94,23.98,101800.0,146000.0,0,0,0,0,0,0,280,2026-02-03 09:03:53.461625
RITC,9.39,9.37,9.39,161700.0,214500.0,0,0,0,0,0,0,281,2026-02-03 09:03:54.495899
COMP,24.01,23.94,24.01,101800.0,145200.0,0,0,0,0,0,0,281,2026-02-03 09:03:54.495899
RITC,9.37,9.37,9.39,153100.0,213900.0,0,0,0,0,0,0,282,2026-02-03 09:03:55.524893
COMP,23.94,23.92,23.94,95400.0,149500.0,0,0,0,0,0,0,282,2026-02-03 09:03:55.524893
RITC,9.37,9.37,9.38,153100.0,214800.0,0,0,0,0,0,0,283,2026-02-03 09:03:56.557722
COMP,23.9,23.9,23.94,80700.0,149500.0,0,0,0,0,0,0,283,2026-02-03 09:03:56.557722
RITC,9.33,9.32,9.33,131700.0,218200.0,0,0,0,0,0,0,284,2026-02-03 09:03:57.592691
COMP,23.9,23.9,23.94,80700.0,149800.0,0,0,0,0,0,0,284,2026-02-03 09:03:57.592691
RITC,9.32,9.32,9.33,131300.0,218200.0,0,0,0,0,0,0,285,2026-02-03 09:03:58.644647
COMP,23.9,23.85,23.89,74200.0,148700.0,0,0,0,0,0,0,285,2026-02-03 09:03:58.644647
RITC,9.31,9.31,9.33,120500.0,220200.0,0,0,0,0,0,0,286,2026-02-03 09:03:59.684225
COMP,23.8,23.84,23.89,83900.0,148700.0,0,0,0,0,0,0,286,2026-02-03 09:03:59.684225
RITC,9.33,9.33,9.37,123300.0,220700.0,0,0,0,0,0,0,287,2026-02-03 09:04:00.716391
COMP,23.84,23.84,23.89,83900.0,148700.0,0,0,0,0,0,0,287,2026-02-03 09:04:00.716391
RITC,9.33,9.34,9.37,134400.0,220800.0,0,0,0,0,0,0,288,2026-02-03 09:04:01.740467
COMP,23.91,23.91,23.94,92500.0,149800.0,0,0,0,0,0,0,288,2026-02-03 09:04:01.740467
RITC,9.33,9.34,9.37,145100.0,220800.0,0,0,0,0,0,0,289,2026-02-03 09:04:02.772057
COMP,23.84,23.8,23.81,75200.0,148900.0,0,0,0,0,0,0,289,2026-02-03 09:04:02.772057
RITC,9.34,9.34,9.37,145100.0,220600.0,0,0,0,0,0,0,290,2026-02-03 09:04:03.843621
COMP,23.8,23.79,23.81,74500.0,147900.0,0,0,0,0,0,0,290,2026-02-03 09:04:03.843621
RITC,9.37,9.34,9.37,145100.0,219500.0,0,0,0,0,0,0,291,2026-02-03 09:04:04.913173
COMP,23.77,23.77,23.81,73800.0,147900.0,0,0,0,0,0,0,291,2026-02-03 09:04:04.913173
RITC,9.37,9.34,9.35,145100.0,220200.0,0,0,0,0,0,0,292,2026-02-03 09:04:05.952128
COMP,23.77,23.77,23.78,73800.0,147700.0,0,0,0,0,0,0,292,2026-02-03 09:04:05.952128
RITC,9.33,9.33,9.35,121900.0,220400.0,0,0,0,0,0,0,293,2026-02-03 09:04:06.984158
COMP,23.77,23.75,23.76,80400.0,148800.0,0,0,0,0,0,0,293,2026-02-03 09:04:06.984158
RITC,9.31,9.28,9.29,112400.0,220500.0,0,0,0,0,0,0,294,2026-02-03 09:04:08.010738
COMP,23.76,23.77,23.78,88700.0,147700.0,0,0,0,0,0,0,294,2026-02-03 09:04:08.010738
RITC,9.29,9.29,9.35,121100.0,220400.0,0,0,0,0,0,0,295,2026-02-03 09:04:08.538255
COMP,23.76,23.77,23.78,97000.0,147700.0,0,0,0,0,0,0,295,2026-02-03 09:04:08.538255
RITC,9.29,9.31,9.35,141600.0,220400.0,0,0,0,0,0,0,296,2026-02-03 09:04:09.561273
COMP,23.77,23.75,23.77,88700.0,147600.0,0,0,0,0,0,0,296,2026-02-03 09:04:09.561273
RITC,9.29,9.33,9.35,166700.0,220400.0,0,0,0,0,0,0,297,2026-02-03 09:04:10.589267
COMP,23.75,23.75,23.77,88700.0,147600.0,0,0,0,0,0,0,297,2026-02-03 09:04:10.589267
RITC,9.36,9.33,9.36,166700.0,219400.0,0,0,0,0,0,0,298,2026-02-03 09:04:11.613715
COMP,23.78,23.76,23.78,97200.0,148100.0,0,0,0,0,0,0,298,2026-02-03 09:04:11.613715
RITC,9.37,9.35,9.37,176800.0,220500.0,0,0,0,0,0,0,299,2026-02-03 09:04:12.643386
COMP,23.78,23.78,23.81,103800.0,147000.0,0,0,0,0,0,0,299,2026-02-03 09:04:12.643386
RITC,9.38,9.35,9.38,189600.0,223300.0,0,0,0,0,0,0,300,2026-02-03 09:04:13.671080
COMP,23.78,23.78,23.81,103800.0,145700.0,0,0,0,0,0,0,300,2026-02-03 09:04:13.671080
RITC,9.38,9.35,9.38,198900.0,222300.0,0,0,0,0,0,0,301,2026-02-03 09:04:14.701627
COMP,23.78,23.78,23.81,103800.0,145400.0,0,0,0,0,0,0,301,2026-02-03 09:04:14.701627
RITC,9.38,9.36,9.38,209400.0,221100.0,0,0,0,0,0,0,302,2026-02-03 09:04:15.731367
COMP,23.78,23.78,23.81,117400.0,145400.0,0,0,0,0,0,0,302,2026-02-03 09:04:15.731367
RITC,9.38,9.37,9.38,221300.0,221100.0,0,0,0,0,0,0,303,2026-02-03 09:04:16.751890
COMP,23.78,23.78,23.81,117400.0,145400.0,0,0,0,0,0,0,303,2026-02-03 09:04:16.751890
RITC,9.38,9.37,9.38,224400.0,217900.0,0,0,0,0,0,0,304,2026-02-03 09:04:17.778831
COMP,23.76,23.76,23.81,110800.0,144300.0,0,0,0,0,0,0,304,2026-02-03 09:04:17.778831
RITC,9.38,9.37,9.38,224200.0,218600.0,0,0,0,0,0,0,305,2026-02-03 09:04:18.806483
COMP,23.75,23.75,23.78,93700.0,145000.0,0,0,0,0,0,0,305,2026-02-03 09:04:18.806483
RITC,9.38,9.37,9.38,222500.0,216400.0,0,0,0,0,0,0,306,2026-02-03 09:04:19.833393
COMP,23.75,23.75,23.78,93700.0,145000.0,0,0,0,0,0,0,306,2026-02-03 09:04:19.833393
RITC,9.38,9.38,9.39,219100.0,216300.0,0,0,0,0,0,0,307,2026-02-03 09:04:20.855888
COMP,23.75,23.75,23.78,93700.0,145000.0,0,0,0,0,0,0,307,2026-02-03 09:04:20.855888
RITC,9.37,9.37,9.39,220000.0,217200.0,0,0,0,0,0,0,308,2026-02-03 09:04:21.884874
COMP,23.75,23.75,23.78,85400.0,145000.0,0,0,0,0,0,0,308,2026-02-03 09:04:21.884874
RITC,9.37,9.37,9.39,219200.0,218900.0,0,0,0,0,0,0,309,2026-02-03 09:04:23.020624
COMP,23.75,23.73,23.74,85500.0,146300.0,0,0,0,0,0,0,309,2026-02-03 09:04:23.020624
RITC,9.37,9.37,9.38,219200.0,220100.0,0,0,0,0,0,0,310,2026-02-03 09:04:24.096665
COMP,23.72,23.72,23.78,78500.0,145000.0,0,0,0,0,0,0,310,2026-02-03 09:04:24.096665
RITC,9.36,9.36,9.38,219800.0,220100.0,0,0,0,0,0,0,311,2026-02-03 09:04:25.131
COMP,23.72,23.72,23.78,78500.0,146400.0,0,0,0,0,0,0,311,2026-02-03 09:04:25.131
RITC,9.36,9.36,9.37,219800.0,217700.0,0,0,0,0,0,0,312,2026-02-03 09:04:25.666562
COMP,23.72,23.74,23.78,85100.0,146400.0,0,0,0,0,0,0,312,2026-02-03 09:04:25.666562
RITC,9.35,9.35,9.37,211200.0,218500.0,0,0,0,0,0,0,313,2026-02-03 09:04:26.700521
COMP,23.72,23.72,23.77,78500.0,146200.0,0,0,0,0,0,0,313,2026-02-03 09:04:26.700521
RITC,9.35,9.36,9.37,222600.0,215700.0,0,0,0,0,0,0,314,2026-02-03 09:04:27.730763
COMP,23.72,23.75,23.77,87000.0,146200.0,0,0,0,0,0,0,314,2026-02-03 09:04:27.730763
RITC,9.36,9.36,9.37,222600.0,213500.0,0,0,0,0,0,0,315,2026-02-03 09:04:28.758927
COMP,23.75,23.75,23.76,87000.0,145200.0,0,0,0,0,0,0,315,2026-02-03 09:04:28.758927
RITC,9.35,9.35,9.37,210600.0,213500.0,0,0,0,0,0,0,316,2026-02-03 09:04:29.862843
COMP,23.75,23.75,23.76,87000.0,145300.0,0,0,0,0,0,0,316,2026-02-03 09:04:29.862843
RITC,9.35,9.35,9.37,208900.0,213600.0,0,0,0,0,0,0,317,2026-02-03 09:04:30.887771
COMP,23.77,23.75,23.77,87000.0,145900.0,0,0,0,0,0,0,317,2026-02-03 09:04:30.887771
RITC,9.37,9.35,9.37,208900.0,216800.0,0,0,0,0,0,0,318,2026-02-03 09:04:31.920820
COMP,23.76,23.76,23.77,95400.0,145900.0,0,0,0,0,0,0,318,2026-02-03 09:04:31.920820
RITC,9.38,9.35,9.38,208900.0,218200.0,0,0,0,0,0,0,319,2026-02-03 09:04:32.981224
COMP,23.78,23.76,23.78,95400.0,145800.0,0,0,0,0,0,0,319,2026-02-03 09:04:32.981224
RITC,9.35,9.36,9.38,210700.0,218200.0,0,0,0,0,0,0,320,2026-02-03 09:04:34.075871
COMP,23.78,23.76,23.78,95400.0,145800.0,0,0,0,0,0,0,320,2026-02-03 09:04:34.075871
RITC,9.36,9.36,9.38,210700.0,218500.0,0,0,0,0,0,0,321,2026-02-03 09:04:35.137729
COMP,23.78,23.76,23.78,102100.0,146900.0,0,0,0,0,0,0,321,2026-02-03 09:04:35.137729
RITC,9.35,9.35,9.38,198900.0,218500.0,0,0,0,0,0,0,322,2026-02-03 09:04:36.185657
COMP,23.78,23.76,23.78,109000.0,146900.0,0,0,0,0,0,0,322,2026-02-03 09:04:36.185657
RITC,9.35,9.37,9.38,211000.0,218500.0,0,0,0,0,0,0,323,2026-02-03 09:04:36.755125
COMP,23.76,23.75,23.76,100600.0,145100.0,0,0,0,0,0,0,323,2026-02-03 09:04:36.755125
RITC,9.39,9.37,9.39,211000.0,220700.0,0,0,0,0,0,0,324,2026-02-03 09:04:37.777077
COMP,23.78,23.75,23.79,100600.0,144200.0,0,0,0,0,0,0,324,2026-02-03 09:04:37.777077
RITC,9.39,9.38,9.39,221700.0,220000.0,0,0,0,0,0,0,325,2026-02-03 09:04:38.804822
COMP,23.72,23.72,23.79,92900.0,144200.0,0,0,0,0,0,0,325,2026-02-03 09:04:38.804822
RITC,9.37,9.38,9.39,220200.0,220000.0,0,0,0,0,0,0,326,2026-02-03 09:04:39.832548
COMP,23.72,23.72,23.73,92900.0,144700.0,0,0,0,0,0,0,326,2026-02-03 09:04:39.832548
RITC,9.39,9.38,9.39,220200.0,217000.0,0,0,0,0,0,0,327,2026-02-03 09:04:40.865585
COMP,23.72,23.72,23.73,100500.0,145000.0,0,0,0,0,0,0,327,2026-02-03 09:04:40.865585
RITC,9.39,9.38,9.39,220200.0,216900.0,0,0,0,0,0,0,328,2026-02-03 09:04:41.897029
COMP,23.72,23.72,23.73,100500.0,142600.0,0,0,0,0,0,0,328,2026-02-03 09:04:41.897029
RITC,9.39,9.38,9.39,219300.0,216200.0,0,0,0,0,0,0,329,2026-02-03 09:04:42.921627
COMP,23.72,23.72,23.73,100500.0,140400.0,0,0,0,0,0,0,329,2026-02-03 09:04:42.921627
RITC,9.38,9.38,9.39,219300.0,216200.0,0,0,0,0,0,0,330,2026-02-03 09:04:43.946684
COMP,23.71,23.71,23.73,93600.0,142100.0,0,0,0,0,0,0,330,2026-02-03 09:04:43.946684
RITC,9.38,9.37,9.38,223200.0,216600.0,0,0,0,0,0,0,331,2026-02-03 09:04:44.978007
COMP,23.71,23.71,23.73,100400.0,142100.0,0,0,0,0,0,0,331,2026-02-03 09:04:44.978007
RITC,9.39,9.38,9.39,222700.0,219600.0,0,0,0,0,0,0,332,2026-02-03 09:04:46.028861
COMP,23.71,23.71,23.73,108200.0,144300.0,0,0,0,0,0,0,332,2026-02-03 09:04:46.028861
RITC,9.39,9.38,9.39,222700.0,220800.0,0,0,0,0,0,0,333,2026-02-03 09:04:47.191396
COMP,23.73,23.71,23.73,108200.0,144000.0,0,0,0,0,0,0,333,2026-02-03 09:04:47.191396
RITC,9.4,9.38,9.4,224600.0,218500.0,0,0,0,0,0,0,334,2026-02-03 09:04:48.250557
COMP,23.76,23.71,23.76,108200.0,142200.0,0,0,0,0,0,0,334,2026-02-03 09:04:48.250557
RITC,9.4,9.38,9.4,224500.0,218500.0,0,0,0,0,0,0,335,2026-02-03 09:04:48.783169
COMP,23.76,23.71,23.76,108200.0,142200.0,0,0,0,0,0,0,335,2026-02-03 09:04:48.783169
RITC,9.4,9.38,9.4,224500.0,218500.0,0,0,0,0,0,0,336,2026-02-03 09:04:49.815619
COMP,23.71,23.69,23.71,100800.0,143100.0,0,0,0,0,0,0,336,2026-02-03 09:04:49.815619
RITC,9.4,9.38,9.4,224500.0,215100.0,0,0,0,0,0,0,337,2026-02-03 09:04:50.840206
COMP,23.71,23.69,23.71,100800.0,144800.0,0,0,0,0,0,0,337,2026-02-03 09:04:50.840206
RITC,9.4,9.38,9.4,224500.0,214200.0,0,0,0,0,0,0,338,2026-02-03 09:04:51.862367
COMP,23.71,23.69,23.71,100800.0,144800.0,0,0,0,0,0,0,338,2026-02-03 09:04:51.862367
RITC,9.4,9.38,9.4,221300.0,214200.0,0,0,0,0,0,0,339,2026-02-03 09:04:52.889862
COMP,23.71,23.69,23.71,116900.0,144800.0,0,0,0,0,0,0,339,2026-02-03 09:04:52.889862
RITC,9.41,9.38,9.41,220400.0,215700.0,0,0,0,0,0,0,340,2026-02-03 09:04:53.918381
COMP,23.71,23.69,23.7,116900.0,145200.0,0,0,0,0,0,0,340,2026-02-03 09:04:53.918381
RITC,9.41,9.41,9.42,217300.0,215500.0,0,0,0,0,0,0,341,2026-02-03 09:04:54.944003
COMP,23.68,23.68,23.7,118100.0,145200.0,0,0,0,0,0,0,341,2026-02-03 09:04:54.944003
RITC,9.41,9.41,9.42,217300.0,211400.0,0,0,0,0,0,0,342,2026-02-03 09:04:55.981096
COMP,23.68,23.68,23.7,118100.0,144500.0,0,0,0,0,0,0,342,2026-02-03 09:04:55.981096
RITC,9.42,9.41,9.42,217300.0,212400.0,0,0,0,0,0,0,343,2026-02-03 09:04:57.016513
COMP,23.67,23.67,23.7,109800.0,144400.0,0,0,0,0,0,0,343,2026-02-03 09:04:57.016513
RITC,9.42,9.41,9.42,221900.0,212400.0,0,0,0,0,0,0,344,2026-02-03 09:04:58.057790
COMP,23.7,23.67,23.7,109800.0,144400.0,0,0,0,0,0,0,344,2026-02-03 09:04:58.057790
RITC,9.42,9.41,9.42,219500.0,212400.0,0,0,0,0,0,0,345,2026-02-03 09:04:59.113556
COMP,23.67,23.67,23.7,118600.0,144400.0,0,0,0,0,0,0,345,2026-02-03 09:04:59.113556
RITC,9.42,9.41,9.42,221600.0,212700.0,0,0,0,0,0,0,346,2026-02-03 09:05:00.249260
COMP,23.67,23.67,23.7,124600.0,142800.0,0,0,0,0,0,0,346,2026-02-03 09:05:00.249260
RITC,9.42,9.41,9.42,222000.0,214200.0,0,0,0,0,0,0,347,2026-02-03 09:05:01.295037
COMP,23.67,23.67,23.7,133600.0,142800.0,0,0,0,0,0,0,347,2026-02-03 09:05:01.295037
RITC,9.42,9.41,9.42,221900.0,214200.0,0,0,0,0,0,0,348,2026-02-03 09:05:01.833309
COMP,23.7,23.67,23.7,133600.0,142200.0,0,0,0,0,0,0,348,2026-02-03 09:05:01.833309
RITC,9.42,9.42,9.43,220600.0,213700.0,0,0,0,0,0,0,349,2026-02-03 09:05:02.860601
COMP,23.7,23.67,23.7,141300.0,142100.0,0,0,0,0,0,0,349,2026-02-03 09:05:02.860601
RITC,9.43,9.42,9.43,217300.0,213700.0,0,0,0,0,0,0,350,2026-02-03 09:05:03.890626
COMP,23.66,23.66,23.7,133500.0,142100.0,0,0,0,0,0,0,350,2026-02-03 09:05:03.890626
RITC,9.45,9.42,9.45,217300.0,214000.0,0,0,0,0,0,0,351,2026-02-03 09:05:04.920272
COMP,23.66,23.66,23.7,125900.0,142500.0,0,0,0,0,0,0,351,2026-02-03 09:05:04.920272
RITC,9.45,9.43,9.45,220000.0,214000.0,0,0,0,0,0,0,352,2026-02-03 09:05:05.953276
COMP,23.66,23.66,23.69,125900.0,142300.0,0,0,0,0,0,0,352,2026-02-03 09:05:05.953276
RITC,9.45,9.44,9.45,220000.0,214000.0,0,0,0,0,0,0,353,2026-02-03 09:05:06.977168
COMP,23.7,23.66,23.7,118100.0,142500.0,0,0,0,0,0,0,353,2026-02-03 09:05:06.977168
RITC,9.46,9.44,9.46,220000.0,217400.0,0,0,0,0,0,0,354,2026-02-03 09:05:07.998656
COMP,23.7,23.66,23.7,126500.0,142500.0,0,0,0,0,0,0,354,2026-02-03 09:05:07.998656
RITC,9.46,9.46,9.49,217700.0,217300.0,0,0,0,0,0,0,355,2026-02-03 09:05:09.030206
COMP,23.65,23.65,23.7,118800.0,141100.0,0,0,0,0,0,0,355,2026-02-03 09:05:09.030206
RITC,9.49,9.46,9.49,218900.0,217800.0,0,0,0,0,0,0,356,2026-02-03 09:05:10.053375
COMP,23.65,23.65,23.7,118800.0,143200.0,0,0,0,0,0,0,356,2026-02-03 09:05:10.053375
RITC,9.49,9.46,9.49,219100.0,218300.0,0,0,0,0,0,0,357,2026-02-03 09:05:11.080879
COMP,23.65,23.65,23.7,126300.0,143200.0,0,0,0,0,0,0,357,2026-02-03 09:05:11.080879
RITC,9.49,9.46,9.49,216700.0,216700.0,0,0,0,0,0,0,358,2026-02-03 09:05:12.110436
COMP,23.65,23.65,23.7,126300.0,143200.0,0,0,0,0,0,0,358,2026-02-03 09:05:12.110436
RITC,9.49,9.46,9.49,215600.0,215600.0,0,0,0,0,0,0,359,2026-02-03 09:05:13.134536
COMP,23.63,23.63,23.7,119500.0,143200.0,0,0,0,0,0,0,359,2026-02-03 09:05:13.134536
RITC,9.49,9.46,9.49,215600.0,214200.0,0,0,0,0,0,0,360,2026-02-03 09:05:14.162521
COMP,23.63,23.63,23.7,119500.0,143800.0,0,0,0,0,0,0,360,2026-02-03 09:05:14.162521
RITC,9.49,9.48,9.49,215600.0,214200.0,0,0,0,0,0,0,361,2026-02-03 09:05:15.199096
COMP,23.71,23.63,23.71,119500.0,143800.0,0,0,0,0,0,0,361,2026-02-03 09:05:15.199096
RITC,9.49,9.48,9.49,214000.0,214200.0,0,0,0,0,0,0,362,2026-02-03 09:05:16.229601
COMP,23.71,23.68,23.71,127900.0,143800.0,0,0,0,0,0,0,362,2026-02-03 09:05:16.229601
RITC,9.49,9.48,9.49,215100.0,214200.0,0,0,0,0,0,0,363,2026-02-03 09:05:17.272257
COMP,23.71,23.68,23.71,134500.0,143800.0,0,0,0,0,0,0,363,2026-02-03 09:05:17.272257
RITC,9.49,9.48,9.49,216100.0,214200.0,0,0,0,0,0,0,364,2026-02-03 09:05:17.882824
COMP,23.71,23.68,23.71,134500.0,143800.0,0,0,0,0,0,0,364,2026-02-03 09:05:17.882824
RITC,9.49,9.49,9.5,217900.0,214700.0,0,0,0,0,0,0,365,2026-02-03 09:05:18.907865
COMP,23.72,23.68,23.72,134500.0,144200.0,0,0,0,0,0,0,365,2026-02-03 09:05:18.907865
RITC,9.48,9.48,9.5,217200.0,214700.0,0,0,0,0,0,0,366,2026-02-03 09:05:19.944249
COMP,23.72,23.68,23.72,134500.0,144200.0,0,0,0,0,0,0,366,2026-02-03 09:05:19.944249
RITC,9.48,9.49,9.5,216200.0,214700.0,0,0,0,0,0,0,367,2026-02-03 09:05:20.970737
COMP,23.68,23.63,23.64,135000.0,144100.0,0,0,0,0,0,0,367,2026-02-03 09:05:20.970737
RITC,9.5,9.49,9.5,215600.0,214700.0,0,0,0,0,0,0,368,2026-02-03 09:05:21.998249
COMP,23.64,23.68,23.72,141400.0,144200.0,0,0,0,0,0,0,368,2026-02-03 09:05:21.998249
RITC,9.5,9.49,9.5,219000.0,211600.0,0,0,0,0,0,0,369,2026-02-03 09:05:23.033376
COMP,23.64,23.68,23.69,148800.0,145900.0,0,0,0,0,0,0,369,2026-02-03 09:05:23.033376
RITC,9.51,9.49,9.51,218100.0,214200.0,0,0,0,0,0,0,370,2026-02-03 09:05:24.069800
COMP,23.64,23.68,23.69,148800.0,144900.0,0,0,0,0,0,0,370,2026-02-03 09:05:24.069800
RITC,9.51,9.49,9.51,218100.0,215700.0,0,0,0,0,0,0,371,2026-02-03 09:05:25.097727
COMP,23.68,23.63,23.65,142400.0,145700.0,0,0,0,0,0,0,371,2026-02-03 09:05:25.097727
RITC,9.52,9.49,9.52,217700.0,215100.0,0,0,0,0,0,0,372,2026-02-03 09:05:26.121190
COMP,23.61,23.61,23.65,134000.0,145700.0,0,0,0,0,0,0,372,2026-02-03 09:05:26.121190
RITC,9.52,9.51,9.52,217100.0,215100.0,0,0,0,0,0,0,373,2026-02-03 09:05:27.149694
COMP,23.65,23.65,23.69,141400.0,145000.0,0,0,0,0,0,0,373,2026-02-03 09:05:27.149694
RITC,9.51,9.51,9.52,215400.0,215100.0,0,0,0,0,0,0,374,2026-02-03 09:05:28.176554
COMP,23.65,23.65,23.69,141400.0,147700.0,0,0,0,0,0,0,374,2026-02-03 09:05:28.176554
RITC,9.5,9.5,9.52,216500.0,215100.0,0,0,0,0,0,0,375,2026-02-03 09:05:29.197544
COMP,23.63,23.61,23.63,134000.0,149200.0,0,0,0,0,0,0,375,2026-02-03 09:05:29.197544
RITC,9.52,9.5,9.52,216500.0,216900.0,0,0,0,0,0,0,376,2026-02-03 09:05:30.232030
COMP,23.63,23.61,23.63,142500.0,151000.0,0,0,0,0,0,0,376,2026-02-03 09:05:30.232030
RITC,9.52,9.5,9.51,214600.0,216200.0,0,0,0,0,0,0,377,2026-02-03 09:05:31.263775
COMP,23.63,23.61,23.63,149500.0,151000.0,0,0,0,0,0,0,377,2026-02-03 09:05:31.263775
RITC,9.51,9.5,9.51,212700.0,216200.0,0,0,0,0,0,0,378,2026-02-03 09:05:32.287574
COMP,23.63,23.65,23.67,146800.0,149100.0,0,0,0,0,0,0,378,2026-02-03 09:05:32.287574
RITC,9.51,9.5,9.51,212700.0,218500.0,0,0,0,0,0,0,379,2026-02-03 09:05:33.307660
COMP,23.61,23.61,23.67,149500.0,149100.0,0,0,0,0,0,0,379,2026-02-03 09:05:33.307660
RITC,9.49,9.49,9.51,211900.0,218500.0,0,0,0,0,0,0,380,2026-02-03 09:05:34.338578
COMP,23.61,23.61,23.67,146600.0,149100.0,0,0,0,0,0,0,380,2026-02-03 09:05:34.338578
RITC,9.49,9.5,9.51,214300.0,216500.0,0,0,0,0,0,0,381,2026-02-03 09:05:35.365440
COMP,23.61,23.66,23.67,146100.0,146700.0,0,0,0,0,0,0,381,2026-02-03 09:05:35.365440
RITC,9.51,9.51,9.52,214400.0,218400.0,0,0,0,0,0,0,382,2026-02-03 09:05:36.396416
COMP,23.67,23.68,23.69,148500.0,148300.0,0,0,0,0,0,0,382,2026-02-03 09:05:36.396416
RITC,9.53,9.51,9.53,213200.0,217200.0,0,0,0,0,0,0,383,2026-02-03 09:05:37.423538
COMP,23.69,23.68,23.69,148500.0,145900.0,0,0,0,0,0,0,383,2026-02-03 09:05:37.423538
RITC,9.53,9.52,9.53,218700.0,217200.0,0,0,0,0,0,0,384,2026-02-03 09:05:38.451324
COMP,23.69,23.68,23.69,148500.0,148200.0,0,0,0,0,0,0,384,2026-02-03 09:05:38.451324
RITC,9.53,9.52,9.53,215900.0,217200.0,0,0,0,0,0,0,385,2026-02-03 09:05:39.484037
COMP,23.66,23.66,23.69,146000.0,149000.0,0,0,0,0,0,0,385,2026-02-03 09:05:39.484037
RITC,9.52,9.52,9.53,213200.0,217200.0,0,0,0,0,0,0,386,2026-02-03 09:05:40.560241
COMP,23.66,23.67,23.69,148400.0,149000.0,0,0,0,0,0,0,386,2026-02-03 09:05:40.560241
RITC,9.52,9.52,9.53,212500.0,217200.0,0,0,0,0,0,0,387,2026-02-03 09:05:41.083
COMP,23.66,23.67,23.69,148400.0,149000.0,0,0,0,0,0,0,387,2026-02-03 09:05:41.083
RITC,9.53,9.52,9.53,212200.0,217000.0,0,0,0,0,0,0,388,2026-02-03 09:05:42.110468
COMP,23.71,23.67,23.71,148400.0,146600.0,0,0,0,0,0,0,388,2026-02-03 09:05:42.110468
RITC,9.54,9.52,9.54,212300.0,214000.0,0,0,0,0,0,0,389,2026-02-03 09:05:43.137008
COMP,23.71,23.67,23.71,148400.0,146600.0,0,0,0,0,0,0,389,2026-02-03 09:05:43.137008
RITC,9.54,9.52,9.54,209200.0,214000.0,0,0,0,0,0,0,390,2026-02-03 09:05:44.160046
COMP,23.69,23.67,23.69,148400.0,146700.0,0,0,0,0,0,0,390,2026-02-03 09:05:44.160046
RITC,9.54,9.53,9.54,211900.0,214000.0,0,0,0,0,0,0,391,2026-02-03 09:05:45.186569
COMP,23.72,23.67,23.72,148400.0,146200.0,0,0,0,0,0,0,391,2026-02-03 09:05:45.186569
RITC,9.54,9.53,9.54,213100.0,214000.0,0,0,0,0,0,0,392,2026-02-03 09:05:46.208981
COMP,23.72,23.67,23.72,148400.0,146700.0,0,0,0,0,0,0,392,2026-02-03 09:05:46.208981
RITC,9.53,9.53,9.54,213100.0,215100.0,0,0,0,0,0,0,393,2026-02-03 09:05:47.247042
COMP,23.72,23.67,23.72,148400.0,147600.0,0,0,0,0,0,0,393,2026-02-03 09:05:47.247042
RITC,9.53,9.53,9.54,212700.0,215100.0,0,0,0,0,0,0,394,2026-02-03 09:05:48.274627
COMP,23.72,23.71,23.72,148500.0,146600.0,0,0,0,0,0,0,394,2026-02-03 09:05:48.274627
RITC,9.55,9.53,9.55,211500.0,214600.0,0,0,0,0,0,0,395,2026-02-03 09:05:49.308431
COMP,23.71,23.67,23.68,148400.0,146000.0,0,0,0,0,0,0,395,2026-02-03 09:05:49.308431
RITC,9.55,9.52,9.55,210200.0,212600.0,0,0,0,0,0,0,396,2026-02-03 09:05:50.337997
COMP,23.68,23.68,23.72,149600.0,146600.0,0,0,0,0,0,0,396,2026-02-03 09:05:50.337997
RITC,9.55,9.52,9.53,211200.0,213400.0,0,0,0,0,0,0,397,2026-02-03 09:05:51.360314
COMP,23.68,23.68,23.72,148200.0,146600.0,0,0,0,0,0,0,397,2026-02-03 09:05:51.360314
RITC,9.55,9.52,9.53,211200.0,213000.0,0,0,0,0,0,0,398,2026-02-03 09:05:52.387827
COMP,23.68,23.68,23.72,148900.0,145500.0,0,0,0,0,0,0,398,2026-02-03 09:05:52.387827
RITC,9.55,9.52,9.53,212300.0,213000.0,0,0,0,0,0,0,399,2026-02-03 09:05:53.421265
COMP,23.68,23.7,23.72,149400.0,145500.0,0,0,0,0,0,0,399,2026-02-03 09:05:53.421265
RITC,9.52,9.52,9.53,208200.0,212500.0,0,0,0,0,0,0,400,2026-02-03 09:05:54.447286
COMP,23.73,23.7,23.73,151100.0,144900.0,0,0,0,0,0,0,400,2026-02-03 09:05:54.447286
RITC,9.51,9.51,9.53,210600.0,212500.0,0,0,0,0,0,0,401,2026-02-03 09:05:55.479071
COMP,23.74,23.7,23.74,151100.0,143600.0,0,0,0,0,0,0,401,2026-02-03 09:05:55.479071
RITC,9.51,9.51,9.52,210600.0,212000.0,0,0,0,0,0,0,402,2026-02-03 09:05:56.506963
COMP,23.74,23.72,23.74,151300.0,144700.0,0,0,0,0,0,0,402,2026-02-03 09:05:56.506963
RITC,9.51,9.51,9.52,213300.0,213700.0,0,0,0,0,0,0,403,2026-02-03 09:05:57.535239
COMP,23.75,23.72,23.75,151300.0,144600.0,0,0,0,0,0,0,403,2026-02-03 09:05:57.535239
RITC,9.52,9.52,9.53,212500.0,216800.0,0,0,0,0,0,0,404,2026-02-03 09:05:58.563725
COMP,23.75,23.72,23.75,151300.0,144100.0,0,0,0,0,0,0,404,2026-02-03 09:05:58.563725
RITC,9.52,9.51,9.52,213300.0,214900.0,0,0,0,0,0,0,405,2026-02-03 09:05:59.590630
COMP,23.75,23.72,23.75,148900.0,144100.0,0,0,0,0,0,0,405,2026-02-03 09:05:59.590630
RITC,9.5,9.5,9.52,212200.0,214900.0,0,0,0,0,0,0,406,2026-02-03 09:06:00.128385
COMP,23.75,23.72,23.75,148900.0,145500.0,0,0,0,0,0,0,406,2026-02-03 09:06:00.128385
RITC,9.52,9.52,9.53,215700.0,213700.0,0,0,0,0,0,0,407,2026-02-03 09:06:01.163782
COMP,23.76,23.72,23.76,148900.0,143800.0,0,0,0,0,0,0,407,2026-02-03 09:06:01.163782
RITC,9.52,9.52,9.53,215700.0,213800.0,0,0,0,0,0,0,408,2026-02-03 09:06:02.203755
COMP,23.76,23.72,23.76,148900.0,143800.0,0,0,0,0,0,0,408,2026-02-03 09:06:02.203755
RITC,9.5,9.5,9.53,210400.0,213000.0,0,0,0,0,0,0,409,2026-02-03 09:06:03.241420
COMP,23.76,23.72,23.76,149700.0,142900.0,0,0,0,0,0,0,409,2026-02-03 09:06:03.241420
RITC,9.5,9.5,9.53,211600.0,214100.0,0,0,0,0,0,0,410,2026-02-03 09:06:04.270808
COMP,23.76,23.72,23.76,149700.0,145100.0,0,0,0,0,0,0,410,2026-02-03 09:06:04.270808
RITC,9.51,9.5,9.51,211600.0,214600.0,0,0,0,0,0,0,411,2026-02-03 09:06:05.297351
COMP,23.76,23.72,23.76,147800.0,145500.0,0,0,0,0,0,0,411,2026-02-03 09:06:05.297351
RITC,9.5,9.5,9.51,211500.0,214600.0,0,0,0,0,0,0,412,2026-02-03 09:06:06.320809
COMP,23.77,23.72,23.77,147800.0,145900.0,0,0,0,0,0,0,412,2026-02-03 09:06:06.320809
RITC,9.53,9.5,9.53,211500.0,214100.0,0,0,0,0,0,0,413,2026-02-03 09:06:07.352792
COMP,23.77,23.72,23.77,145900.0,146200.0,0,0,0,0,0,0,413,2026-02-03 09:06:07.352792
RITC,9.5,9.49,9.5,211900.0,213600.0,0,0,0,0,0,0,414,2026-02-03 09:06:08.374415
COMP,23.77,23.76,23.77,145300.0,146200.0,0,0,0,0,0,0,414,2026-02-03 09:06:08.374415
RITC,9.49,9.49,9.5,214300.0,213600.0,0,0,0,0,0,0,415,2026-02-03 09:06:09.398350
COMP,23.77,23.76,23.77,145300.0,146300.0,0,0,0,0,0,0,415,2026-02-03 09:06:09.398350
RITC,9.51,9.49,9.51,214300.0,210400.0,0,0,0,0,0,0,416,2026-02-03 09:06:10.421759
COMP,23.79,23.78,23.79,146500.0,147200.0,0,0,0,0,0,0,416,2026-02-03 09:06:10.421759
RITC,9.51,9.49,9.5,213100.0,210000.0,0,0,0,0,0,0,417,2026-02-03 09:06:11.449924
COMP,23.79,23.78,23.79,147400.0,147600.0,0,0,0,0,0,0,417,2026-02-03 09:06:11.449924
RITC,9.51,9.49,9.5,213100.0,211800.0,0,0,0,0,0,0,418,2026-02-03 09:06:12.477724
COMP,23.79,23.78,23.79,147000.0,147600.0,0,0,0,0,0,0,418,2026-02-03 09:06:12.477724
RITC,9.51,9.49,9.5,213100.0,213500.0,0,0,0,0,0,0,419,2026-02-03 09:06:13.511450
COMP,23.79,23.78,23.79,147200.0,147600.0,0,0,0,0,0,0,419,2026-02-03 09:06:13.511450
RITC,9.49,9.49,9.5,213600.0,210900.0,0,0,0,0,0,0,420,2026-02-03 09:06:14.533612
COMP,23.8,23.78,23.8,147200.0,146700.0,0,0,0,0,0,0,420,2026-02-03 09:06:14.533612
RITC,9.49,9.49,9.5,213700.0,213400.0,0,0,0,0,0,0,421,2026-02-03 09:06:15.559230
COMP,23.8,23.78,23.8,149600.0,146700.0,0,0,0,0,0,0,421,2026-02-03 09:06:15.559230
RITC,9.49,9.49,9.5,213700.0,213400.0,0,0,0,0,0,0,422,2026-02-03 09:06:16.591771
COMP,23.8,23.78,23.8,150300.0,146700.0,0,0,0,0,0,0,422,2026-02-03 09:06:16.591771
RITC,9.49,9.49,9.5,213700.0,213400.0,0,0,0,0,0,0,423,2026-02-03 09:06:17.612666
COMP,23.8,23.78,23.8,150300.0,144600.0,0,0,0,0,0,0,423,2026-02-03 09:06:17.612666
RITC,9.49,9.49,9.5,213700.0,211600.0,0,0,0,0,0,0,424,2026-02-03 09:06:18.638179
COMP,23.8,23.79,23.8,148700.0,144600.0,0,0,0,0,0,0,424,2026-02-03 09:06:18.638179
RITC,9.49,9.49,9.5,213700.0,214900.0,0,0,0,0,0,0,425,2026-02-03 09:06:19.667356
COMP,23.8,23.79,23.8,148700.0,144600.0,0,0,0,0,0,0,425,2026-02-03 09:06:19.667356
RITC,9.49,9.49,9.5,213700.0,214900.0,0,0,0,0,0,0,426,2026-02-03 09:06:20.687997
COMP,23.81,23.79,23.81,148700.0,146000.0,0,0,0,0,0,0,426,2026-02-03 09:06:20.687997
RITC,9.48,9.48,9.5,214800.0,210400.0,0,0,0,0,0,0,427,2026-02-03 09:06:21.721021
COMP,23.82,23.82,23.83,151200.0,147500.0,0,0,0,0,0,0,427,2026-02-03 09:06:21.721021
RITC,9.48,9.48,9.5,214800.0,207500.0,0,0,0,0,0,0,428,2026-02-03 09:06:22.271518
COMP,23.83,23.82,23.83,151200.0,148100.0,0,0,0,0,0,0,428,2026-02-03 09:06:22.271518
RITC,9.48,9.48,9.5,215500.0,209900.0,0,0,0,0,0,0,429,2026-02-03 09:06:23.309911
COMP,23.83,23.82,23.83,151800.0,148100.0,0,0,0,0,0,0,429,2026-02-03 09:06:23.309911
RITC,9.48,9.48,9.5,215500.0,208500.0,0,0,0,0,0,0,430,2026-02-03 09:06:24.368480
COMP,23.83,23.82,23.83,150000.0,148100.0,0,0,0,0,0,0,430,2026-02-03 09:06:24.368480
RITC,9.48,9.48,9.5,215900.0,205500.0,0,0,0,0,0,0,431,2026-02-03 09:06:25.399385
COMP,23.86,23.82,23.86,150000.0,148600.0,0,0,0,0,0,0,431,2026-02-03 09:06:25.399385
RITC,9.5,9.48,9.5,215900.0,205500.0,0,0,0,0,0,0,432,2026-02-03 09:06:26.433480
COMP,23.86,23.82,23.86,150000.0,148400.0,0,0,0,0,0,0,432,2026-02-03 09:06:26.433480
RITC,9.48,9.48,9.49,217900.0,205700.0,0,0,0,0,0,0,433,2026-02-03 09:06:27.461514
COMP,23.82,23.81,23.82,149300.0,149700.0,0,0,0,0,0,0,433,2026-02-03 09:06:27.461514
RITC,9.48,9.48,9.49,217900.0,205400.0,0,0,0,0,0,0,434,2026-02-03 09:06:28.489433
COMP,23.82,23.85,23.86,146600.0,147600.0,0,0,0,0,0,0,434,2026-02-03 09:06:28.489433
RITC,9.48,9.48,9.49,221500.0,205400.0,0,0,0,0,0,0,435,2026-02-03 09:06:29.517652
COMP,23.82,23.85,23.86,146600.0,147600.0,0,0,0,0,0,0,435,2026-02-03 09:06:29.517652
RITC,9.47,9.47,9.48,220200.0,204700.0,0,0,0,0,0,0,436,2026-02-03 09:06:30.540918
COMP,23.86,23.85,23.86,147400.0,147600.0,0,0,0,0,0,0,436,2026-02-03 09:06:30.540918
RITC,9.48,9.47,9.48,221400.0,204700.0,0,0,0,0,0,0,437,2026-02-03 09:06:31.561914
COMP,23.94,23.89,23.94,148700.0,146100.0,0,0,0,0,0,0,437,2026-02-03 09:06:31.561914
RITC,9.47,9.47,9.48,218900.0,202800.0,0,0,0,0,0,0,438,2026-02-03 09:06:32.588108
COMP,24.0,23.89,24.0,148700.0,146200.0,0,0,0,0,0,0,438,2026-02-03 09:06:32.588108
RITC,9.47,9.47,9.48,220000.0,202800.0,0,0,0,0,0,0,439,2026-02-03 09:06:33.614214
COMP,24.0,23.97,24.0,150700.0,146000.0,0,0,0,0,0,0,439,2026-02-03 09:06:33.614214
RITC,9.47,9.47,9.48,216600.0,202800.0,0,0,0,0,0,0,440,2026-02-03 09:06:34.640797
COMP,24.0,23.97,24.0,150700.0,147600.0,0,0,0,0,0,0,440,2026-02-03 09:06:34.640797
RITC,9.48,9.48,9.49,216400.0,203800.0,0,0,0,0,0,0,441,2026-02-03 09:06:35.665053
COMP,24.0,23.97,24.0,150700.0,146600.0,0,0,0,0,0,0,441,2026-02-03 09:06:35.665053
RITC,9.48,9.48,9.49,216700.0,203800.0,0,0,0,0,0,0,442,2026-02-03 09:06:36.696852
COMP,24.0,23.97,24.0,151600.0,146600.0,0,0,0,0,0,0,442,2026-02-03 09:06:36.696852
RITC,9.5,9.48,9.5,213200.0,200900.0,0,0,0,0,0,0,443,2026-02-03 09:06:37.717352
COMP,24.01,23.97,24.01,152700.0,146800.0,0,0,0,0,0,0,443,2026-02-03 09:06:37.717352
RITC,9.5,9.48,9.5,213200.0,201400.0,0,0,0,0,0,0,444,2026-02-03 09:06:38.738019
COMP,23.97,23.97,24.01,152700.0,146800.0,0,0,0,0,0,0,444,2026-02-03 09:06:38.738019
RITC,9.5,9.48,9.5,213200.0,200200.0,0,0,0,0,0,0,445,2026-02-03 09:06:39.764547
COMP,23.97,23.98,24.01,150300.0,146800.0,0,0,0,0,0,0,445,2026-02-03 09:06:39.764547
RITC,9.48,9.48,9.49,213200.0,202900.0,0,0,0,0,0,0,446,2026-02-03 09:06:40.797972
COMP,24.01,23.98,24.01,150300.0,148700.0,0,0,0,0,0,0,446,2026-02-03 09:06:40.797972
RITC,9.48,9.48,9.49,213400.0,201700.0,0,0,0,0,0,0,447,2026-02-03 09:06:41.905655
COMP,24.01,23.98,24.01,150400.0,148700.0,0,0,0,0,0,0,447,2026-02-03 09:06:41.905655
RITC,9.49,9.48,9.49,213400.0,201700.0,0,0,0,0,0,0,448,2026-02-03 09:06:42.427982
COMP,24.01,23.98,24.01,150400.0,148700.0,0,0,0,0,0,0,448,2026-02-03 09:06:42.427982
RITC,9.49,9.48,9.49,213400.0,204300.0,0,0,0,0,0,0,449,2026-02-03 09:06:43.453925
COMP,24.02,23.98,24.02,148700.0,149900.0,0,0,0,0,0,0,449,2026-02-03 09:06:43.453925
RITC,9.5,9.48,9.5,213800.0,201300.0,0,0,0,0,0,0,450,2026-02-03 09:06:44.480
COMP,24.02,23.98,24.02,150000.0,149900.0,0,0,0,0,0,0,450,2026-02-03 09:06:44.480
RITC,9.5,9.48,9.5,213800.0,202600.0,0,0,0,0,0,0,451,2026-02-03 09:06:45.503618
COMP,24.04,23.98,24.04,150000.0,148100.0,0,0,0,0,0,0,451,2026-02-03 09:06:45.503618
RITC,9.47,9.47,9.5,213600.0,204300.0,0,0,0,0,0,0,452,2026-02-03 09:06:46.524319
COMP,24.04,24.03,24.04,148900.0,148100.0,0,0,0,0,0,0,452,2026-02-03 09:06:46.524319
RITC,9.47,9.47,9.48,215200.0,202200.0,0,0,0,0,0,0,453,2026-02-03 09:06:47.550838
COMP,24.04,24.03,24.04,149300.0,148100.0,0,0,0,0,0,0,453,2026-02-03 09:06:47.550838
RITC,9.48,9.47,9.48,214600.0,202200.0,0,0,0,0,0,0,454,2026-02-03 09:06:48.573455
COMP,24.04,24.04,24.05,148800.0,145300.0,0,0,0,0,0,0,454,2026-02-03 09:06:48.573455
RITC,9.5,9.47,9.5,214600.0,203100.0,0,0,0,0,0,0,455,2026-02-03 09:06:49.600647
COMP,24.04,24.04,24.05,150200.0,145300.0,0,0,0,0,0,0,455,2026-02-03 09:06:49.600647
RITC,9.5,9.47,9.48,214600.0,203600.0,0,0,0,0,0,0,456,2026-02-03 09:06:50.624125
COMP,24.04,24.04,24.05,150400.0,145300.0,0,0,0,0,0,0,456,2026-02-03 09:06:50.624125
RITC,9.48,9.48,9.5,217600.0,203100.0,0,0,0,0,0,0,457,2026-02-03 09:06:51.652380
COMP,24.05,24.04,24.05,150400.0,145300.0,0,0,0,0,0,0,457,2026-02-03 09:06:51.652380
RITC,9.48,9.48,9.51,217600.0,208900.0,0,0,0,0,0,0,458,2026-02-03 09:06:52.676286
COMP,24.04,24.04,24.05,151100.0,145300.0,0,0,0,0,0,0,458,2026-02-03 09:06:52.676286
RITC,9.51,9.48,9.51,215200.0,212700.0,0,0,0,0,0,0,459,2026-02-03 09:06:53.699969
COMP,24.07,24.07,24.1,152100.0,146300.0,0,0,0,0,0,0,459,2026-02-03 09:06:53.699969
RITC,9.51,9.48,9.51,214400.0,212700.0,0,0,0,0,0,0,460,2026-02-03 09:06:54.732260
COMP,24.07,24.07,24.1,149700.0,146300.0,0,0,0,0,0,0,460,2026-02-03 09:06:54.732260
RITC,9.51,9.49,9.51,213200.0,211500.0,0,0,0,0,0,0,461,2026-02-03 09:06:55.766629
COMP,24.06,24.06,24.09,149800.0,145500.0,0,0,0,0,0,0,461,2026-02-03 09:06:55.766629
RITC,9.51,9.49,9.51,212700.0,211500.0,0,0,0,0,0,0,462,2026-02-03 09:06:56.788983
COMP,24.06,24.06,24.07,149000.0,145800.0,0,0,0,0,0,0,462,2026-02-03 09:06:56.788983
RITC,9.51,9.5,9.51,210900.0,211600.0,0,0,0,0,0,0,463,2026-02-03 09:06:57.816137
COMP,24.04,24.04,24.07,150100.0,145800.0,0,0,0,0,0,0,463,2026-02-03 09:06:57.816137
RITC,9.51,9.5,9.51,212300.0,211500.0,0,0,0,0,0,0,464,2026-02-03 09:06:58.847021
COMP,24.04,24.04,24.07,150100.0,147400.0,0,0,0,0,0,0,464,2026-02-03 09:06:58.847021
RITC,9.51,9.5,9.51,210900.0,211700.0,0,0,0,0,0,0,465,2026-02-03 09:06:59.875211
COMP,24.04,24.04,24.07,150100.0,148500.0,0,0,0,0,0,0,465,2026-02-03 09:06:59.875211
RITC,9.51,9.5,9.51,210900.0,212900.0,0,0,0,0,0,0,466,2026-02-03 09:07:00.921943
COMP,24.04,24.04,24.05,150100.0,147700.0,0,0,0,0,0,0,466,2026-02-03 09:07:00.921943
RITC,9.51,9.5,9.51,210900.0,211000.0,0,0,0,0,0,0,467,2026-02-03 09:07:01.479419
COMP,24.04,24.04,24.05,150100.0,146700.0,0,0,0,0,0,0,467,2026-02-03 09:07:01.479419
RITC,9.5,9.5,9.51,213200.0,212100.0,0,0,0,0,0,0,468,2026-02-03 09:07:02.511084
COMP,24.06,24.04,24.06,151200.0,147600.0,0,0,0,0,0,0,468,2026-02-03 09:07:02.511084
RITC,9.51,9.5,9.51,213200.0,213300.0,0,0,0,0,0,0,469,2026-02-03 09:07:03.533570
COMP,24.07,24.04,24.07,151200.0,148500.0,0,0,0,0,0,0,469,2026-02-03 09:07:03.533570
RITC,9.51,9.5,9.51,212100.0,213300.0,0,0,0,0,0,0,470,2026-02-03 09:07:04.563325
COMP,24.07,24.04,24.05,151200.0,146300.0,0,0,0,0,0,0,470,2026-02-03 09:07:04.563325
RITC,9.51,9.51,9.52,213000.0,215200.0,0,0,0,0,0,0,471,2026-02-03 09:07:05.591385
COMP,24.03,24.03,24.05,151000.0,145800.0,0,0,0,0,0,0,471,2026-02-03 09:07:05.591385
RITC,9.52,9.51,9.52,213000.0,219300.0,0,0,0,0,0,0,472,2026-02-03 09:07:06.615363
COMP,24.03,24.03,24.05,152100.0,145800.0,0,0,0,0,0,0,472,2026-02-03 09:07:06.615363
RITC,9.52,9.51,9.52,209600.0,215400.0,0,0,0,0,0,0,473,2026-02-03 09:07:07.648919
COMP,24.03,24.03,24.04,152100.0,142500.0,0,0,0,0,0,0,473,2026-02-03 09:07:07.648919
RITC,9.52,9.51,9.52,207700.0,215300.0,0,0,0,0,0,0,474,2026-02-03 09:07:08.671268
COMP,24.03,24.03,24.04,152100.0,143000.0,0,0,0,0,0,0,474,2026-02-03 09:07:08.671268
RITC,9.52,9.51,9.52,207700.0,215200.0,0,0,0,0,0,0,475,2026-02-03 09:07:09.698847
COMP,24.03,24.03,24.04,152100.0,144600.0,0,0,0,0,0,0,475,2026-02-03 09:07:09.698847
RITC,9.52,9.51,9.52,207600.0,215200.0,0,0,0,0,0,0,476,2026-02-03 09:07:10.725253
COMP,24.03,24.03,24.04,152100.0,143300.0,0,0,0,0,0,0,476,2026-02-03 09:07:10.725253
RITC,9.53,9.51,9.53,208000.0,216200.0,0,0,0,0,0,0,477,2026-02-03 09:07:11.748100
COMP,23.98,23.98,24.04,151200.0,143300.0,0,0,0,0,0,0,477,2026-02-03 09:07:11.748100
RITC,9.53,9.51,9.53,208000.0,217900.0,0,0,0,0,0,0,478,2026-02-03 09:07:12.770513
COMP,23.98,23.98,24.02,151200.0,144200.0,0,0,0,0,0,0,478,2026-02-03 09:07:12.770513
RITC,9.53,9.52,9.53,207200.0,217900.0,0,0,0,0,0,0,479,2026-02-03 09:07:13.801631
COMP,23.97,23.97,24.02,150600.0,144200.0,0,0,0,0,0,0,479,2026-02-03 09:07:13.801631
RITC,9.53,9.52,9.53,207200.0,215100.0,0,0,0,0,0,0,480,2026-02-03 09:07:14.833919
COMP,23.97,23.97,24.02,150600.0,145100.0,0,0,0,0,0,0,480,2026-02-03 09:07:14.833919
RITC,9.53,9.52,9.53,206900.0,215100.0,0,0,0,0,0,0,481,2026-02-03 09:07:15.865690
COMP,23.97,23.97,24.02,150600.0,145400.0,0,0,0,0,0,0,481,2026-02-03 09:07:15.865690
RITC,9.54,9.52,9.54,206900.0,214300.0,0,0,0,0,0,0,482,2026-02-03 09:07:16.900596
COMP,23.97,23.97,23.98,150600.0,145100.0,0,0,0,0,0,0,482,2026-02-03 09:07:16.900596
RITC,9.54,9.53,9.54,208600.0,214300.0,0,0,0,0,0,0,483,2026-02-03 09:07:17.923530
COMP,23.97,23.97,23.98,150600.0,143800.0,0,0,0,0,0,0,483,2026-02-03 09:07:17.923530
RITC,9.54,9.53,9.54,208500.0,214500.0,0,0,0,0,0,0,484,2026-02-03 09:07:18.946390
COMP,23.97,23.97,23.98,150600.0,146400.0,0,0,0,0,0,0,484,2026-02-03 09:07:18.946390
RITC,9.54,9.53,9.54,205100.0,214500.0,0,0,0,0,0,0,485,2026-02-03 09:07:19.979712
COMP,23.97,23.97,23.98,150600.0,146400.0,0,0,0,0,0,0,485,2026-02-03 09:07:19.979712
RITC,9.54,9.53,9.54,205100.0,214100.0,0,0,0,0,0,0,486,2026-02-03 09:07:21.009357
COMP,23.97,23.96,23.97,150300.0,146800.0,0,0,0,0,0,0,486,2026-02-03 09:07:21.009357
RITC,9.54,9.53,9.55,205100.0,215900.0,0,0,0,0,0,0,487,2026-02-03 09:07:22.047043
COMP,23.97,23.96,23.97,150300.0,146800.0,0,0,0,0,0,0,487,2026-02-03 09:07:22.047043
RITC,9.54,9.53,9.55,203900.0,215900.0,0,0,0,0,0,0,488,2026-02-03 09:07:22.582881
COMP,23.97,23.96,23.97,150300.0,148600.0,0,0,0,0,0,0,488,2026-02-03 09:07:22.582881
RITC,9.55,9.53,9.55,206900.0,217300.0,0,0,0,0,0,0,489,2026-02-03 09:07:23.608851
COMP,23.96,23.96,23.97,150300.0,148600.0,0,0,0,0,0,0,489,2026-02-03 09:07:23.608851
RITC,9.55,9.53,9.55,205900.0,216200.0,0,0,0,0,0,0,490,2026-02-03 09:07:24.675845
COMP,23.96,23.96,23.97,149200.0,148600.0,0,0,0,0,0,0,490,2026-02-03 09:07:24.675845
RITC,9.55,9.53,9.55,205900.0,212700.0,0,0,0,0,0,0,491,2026-02-03 09:07:25.704944
COMP,23.96,23.96,23.97,148500.0,148600.0,0,0,0,0,0,0,491,2026-02-03 09:07:25.704944
RITC,9.55,9.53,9.55,208800.0,214000.0,0,0,0,0,0,0,492,2026-02-03 09:07:26.727935
COMP,23.95,23.96,23.97,148900.0,148600.0,0,0,0,0,0,0,492,2026-02-03 09:07:26.727935
RITC,9.55,9.53,9.55,207800.0,214000.0,0,0,0,0,0,0,493,2026-02-03 09:07:27.757014
COMP,23.95,23.96,23.97,148900.0,148800.0,0,0,0,0,0,0,493,2026-02-03 09:07:27.757014
RITC,9.55,9.53,9.55,209200.0,214900.0,0,0,0,0,0,0,494,2026-02-03 09:07:28.783809
COMP,23.95,23.96,23.97,146900.0,148800.0,0,0,0,0,0,0,494,2026-02-03 09:07:28.783809
RITC,9.55,9.53,9.55,210100.0,212300.0,0,0,0,0,0,0,495,2026-02-03 09:07:29.813729
COMP,23.95,23.96,23.97,148700.0,148800.0,0,0,0,0,0,0,495,2026-02-03 09:07:29.813729
RITC,9.53,9.54,9.55,212600.0,212300.0,0,0,0,0,0,0,496,2026-02-03 09:07:30.843222
COMP,23.96,23.96,23.97,148800.0,148800.0,0,0,0,0,0,0,496,2026-02-03 09:07:30.843222
RITC,9.54,9.54,9.55,212600.0,212300.0,0,0,0,0,0,0,497,2026-02-03 09:07:31.868586
COMP,23.95,23.95,23.97,146500.0,148800.0,0,0,0,0,0,0,497,2026-02-03 09:07:31.868586
RITC,9.55,9.55,9.56,213800.0,211500.0,0,0,0,0,0,0,498,2026-02-03 09:07:32.892834
COMP,23.95,23.95,23.97,146600.0,151000.0,0,0,0,0,0,0,498,2026-02-03 09:07:32.892834
RITC,9.55,9.55,9.56,211200.0,211500.0,0,0,0,0,0,0,499,2026-02-03 09:07:33.922882
COMP,23.95,23.95,23.97,146600.0,146900.0,0,0,0,0,0,0,499,2026-02-03 09:07:33.922882
RITC,9.55,9.54,9.55,212600.0,211600.0,0,0,0,0,0,0,500,2026-02-03 09:07:34.953003
COMP,23.95,23.95,23.97,146600.0,146200.0,0,0,0,0,0,0,500,2026-02-03 09:07:34.953003
RITC,9.53,9.53,9.55,207700.0,211600.0,0,0,0,0,0,0,501,2026-02-03 09:07:35.990553
COMP,23.93,23.93,23.98,146800.0,147000.0,0,0,0,0,0,0,501,2026-02-03 09:07:35.990553
RITC,9.56,9.53,9.56,207700.0,211500.0,0,0,0,0,0,0,502,2026-02-03 09:07:37.035466
COMP,23.93,23.93,23.98,145100.0,147000.0,0,0,0,0,0,0,502,2026-02-03 09:07:37.035466
RITC,9.53,9.53,9.56,210600.0,210800.0,0,0,0,0,0,0,503,2026-02-03 09:07:38.063237
COMP,23.93,23.93,23.98,143900.0,147000.0,0,0,0,0,0,0,503,2026-02-03 09:07:38.063237
RITC,9.53,9.53,9.54,210600.0,214200.0,0,0,0,0,0,0,504,2026-02-03 09:07:39.085290
COMP,23.93,23.93,23.98,144100.0,147000.0,0,0,0,0,0,0,504,2026-02-03 09:07:39.085290
RITC,9.52,9.52,9.54,210100.0,216300.0,0,0,0,0,0,0,505,2026-02-03 09:07:40.112288
COMP,23.93,23.93,23.94,145600.0,146600.0,0,0,0,0,0,0,505,2026-02-03 09:07:40.112288
RITC,9.52,9.52,9.53,210100.0,218100.0,0,0,0,0,0,0,506,2026-02-03 09:07:41.137247
COMP,23.93,23.93,23.94,145600.0,146600.0,0,0,0,0,0,0,506,2026-02-03 09:07:41.137247
RITC,9.52,9.52,9.53,210100.0,218200.0,0,0,0,0,0,0,507,2026-02-03 09:07:41.654294
COMP,23.93,23.93,23.94,146300.0,146600.0,0,0,0,0,0,0,507,2026-02-03 09:07:41.654294
RITC,9.52,9.52,9.53,211600.0,218200.0,0,0,0,0,0,0,508,2026-02-03 09:07:42.677079
COMP,23.93,23.93,23.94,146400.0,146600.0,0,0,0,0,0,0,508,2026-02-03 09:07:42.677079
RITC,9.52,9.52,9.53,209900.0,218200.0,0,0,0,0,0,0,509,2026-02-03 09:07:43.701813
COMP,23.93,23.93,23.94,146400.0,147100.0,0,0,0,0,0,0,509,2026-02-03 09:07:43.701813
RITC,9.52,9.52,9.53,211000.0,218200.0,0,0,0,0,0,0,510,2026-02-03 09:07:44.732101
COMP,23.98,23.93,23.98,146400.0,148500.0,0,0,0,0,0,0,510,2026-02-03 09:07:44.732101
RITC,9.51,9.51,9.53,212000.0,217100.0,0,0,0,0,0,0,511,2026-02-03 09:07:45.757515
COMP,23.98,23.93,23.94,146400.0,148500.0,0,0,0,0,0,0,511,2026-02-03 09:07:45.757515
RITC,9.51,9.51,9.53,208800.0,217100.0,0,0,0,0,0,0,512,2026-02-03 09:07:46.781499
COMP,23.94,23.94,23.98,146800.0,148500.0,0,0,0,0,0,0,512,2026-02-03 09:07:46.781499
RITC,9.51,9.51,9.53,209900.0,217100.0,0,0,0,0,0,0,513,2026-02-03 09:07:47.806497
COMP,23.98,23.98,23.99,147400.0,148900.0,0,0,0,0,0,0,513,2026-02-03 09:07:47.806497
RITC,9.51,9.51,9.52,209900.0,219200.0,0,0,0,0,0,0,514,2026-02-03 09:07:48.836176
COMP,23.98,23.94,23.98,147200.0,148500.0,0,0,0,0,0,0,514,2026-02-03 09:07:48.836176
RITC,9.51,9.51,9.52,210000.0,219200.0,0,0,0,0,0,0,515,2026-02-03 09:07:49.863308
COMP,23.98,23.95,23.96,148100.0,149300.0,0,0,0,0,0,0,515,2026-02-03 09:07:49.863308
RITC,9.51,9.5,9.51,208700.0,215300.0,0,0,0,0,0,0,516,2026-02-03 09:07:50.885556
COMP,23.96,23.95,23.96,148100.0,149300.0,0,0,0,0,0,0,516,2026-02-03 09:07:50.885556
RITC,9.5,9.5,9.51,208700.0,215600.0,0,0,0,0,0,0,517,2026-02-03 09:07:51.910577
COMP,23.99,23.95,23.99,148400.0,148900.0,0,0,0,0,0,0,517,2026-02-03 09:07:51.910577
RITC,9.5,9.5,9.51,205600.0,213100.0,0,0,0,0,0,0,518,2026-02-03 09:07:52.940325
COMP,23.99,23.97,23.99,149200.0,148900.0,0,0,0,0,0,0,518,2026-02-03 09:07:52.940325
RITC,9.5,9.49,9.5,205700.0,213600.0,0,0,0,0,0,0,519,2026-02-03 09:07:53.970221
COMP,23.99,23.97,23.99,148800.0,149700.0,0,0,0,0,0,0,519,2026-02-03 09:07:53.970221
RITC,9.5,9.49,9.5,205700.0,213600.0,0,0,0,0,0,0,520,2026-02-03 09:07:55.001246
COMP,23.99,23.97,23.99,149600.0,149700.0,0,0,0,0,0,0,520,2026-02-03 09:07:55.001246
RITC,9.49,9.49,9.5,210800.0,213600.0,0,0,0,0,0,0,521,2026-02-03 09:07:56.022217
COMP,23.97,23.97,23.99,149600.0,149700.0,0,0,0,0,0,0,521,2026-02-03 09:07:56.022217
RITC,9.48,9.48,9.5,213000.0,213600.0,0,0,0,0,0,0,522,2026-02-03 09:07:57.046340
COMP,23.97,23.97,23.99,148600.0,149700.0,0,0,0,0,0,0,522,2026-02-03 09:07:57.046340
RITC,9.48,9.48,9.49,211800.0,210700.0,0,0,0,0,0,0,523,2026-02-03 09:07:58.076779
COMP,23.99,23.97,23.99,148600.0,148100.0,0,0,0,0,0,0,523,2026-02-03 09:07:58.076779
RITC,9.48,9.48,9.49,214000.0,210800.0,0,0,0,0,0,0,524,2026-02-03 09:07:59.099785
COMP,24.0,23.97,24.0,148600.0,148900.0,0,0,0,0,0,0,524,2026-02-03 09:07:59.099785
RITC,9.48,9.48,9.49,215100.0,209200.0,0,0,0,0,0,0,525,2026-02-03 09:08:00.119819
COMP,24.0,23.98,24.0,147800.0,148900.0,0,0,0,0,0,0,525,2026-02-03 09:08:00.119819
RITC,9.47,9.47,9.48,213500.0,210700.0,0,0,0,0,0,0,526,2026-02-03 09:08:01.145140
COMP,24.0,23.98,24.0,147300.0,148900.0,0,0,0,0,0,0,526,2026-02-03 09:08:01.145140
RITC,9.47,9.47,9.48,212100.0,209600.0,0,0,0,0,0,0,527,2026-02-03 09:08:02.178517
COMP,24.0,23.98,24.0,144900.0,148900.0,0,0,0,0,0,0,527,2026-02-03 09:08:02.178517
RITC,9.47,9.47,9.48,212100.0,208300.0,0,0,0,0,0,0,528,2026-02-03 09:08:03.212099
COMP,24.0,23.98,24.0,146000.0,148900.0,0,0,0,0,0,0,528,2026-02-03 09:08:03.212099
RITC,9.47,9.47,9.48,212100.0,208100.0,0,0,0,0,0,0,529,2026-02-03 09:08:04.239197
COMP,24.0,23.98,24.0,143400.0,148900.0,0,0,0,0,0,0,529,2026-02-03 09:08:04.239197
RITC,9.47,9.47,9.48,212300.0,208100.0,0,0,0,0,0,0,530,2026-02-03 09:08:04.764939
COMP,24.02,23.98,24.02,143400.0,147700.0,0,0,0,0,0,0,530,2026-02-03 09:08:04.764939
RITC,9.47,9.47,9.48,216600.0,207600.0,0,0,0,0,0,0,531,2026-02-03 09:08:05.789949
COMP,24.02,23.99,24.02,141000.0,147700.0,0,0,0,0,0,0,531,2026-02-03 09:08:05.789949
RITC,9.47,9.47,9.48,218400.0,207600.0,0,0,0,0,0,0,532,2026-02-03 09:08:06.817965
COMP,24.02,23.99,24.02,141000.0,145700.0,0,0,0,0,0,0,532,2026-02-03 09:08:06.817965
RITC,9.47,9.47,9.48,218400.0,206400.0,0,0,0,0,0,0,533,2026-02-03 09:08:07.848129
COMP,24.03,24.01,24.03,141300.0,144500.0,0,0,0,0,0,0,533,2026-02-03 09:08:07.848129
RITC,9.47,9.47,9.48,217200.0,204200.0,0,0,0,0,0,0,534,2026-02-03 09:08:08.874603
COMP,24.03,24.02,24.03,140700.0,144900.0,0,0,0,0,0,0,534,2026-02-03 09:08:08.874603
RITC,9.47,9.47,9.48,213300.0,204200.0,0,0,0,0,0,0,535,2026-02-03 09:08:09.907589
COMP,24.03,24.02,24.03,140600.0,144900.0,0,0,0,0,0,0,535,2026-02-03 09:08:09.907589
RITC,9.47,9.46,9.47,215700.0,201500.0,0,0,0,0,0,0,536,2026-02-03 09:08:10.932526
COMP,24.03,24.02,24.03,139900.0,144900.0,0,0,0,0,0,0,536,2026-02-03 09:08:10.932526
RITC,9.47,9.46,9.47,215700.0,201300.0,0,0,0,0,0,0,537,2026-02-03 09:08:11.958070
COMP,24.02,24.02,24.04,142200.0,143500.0,0,0,0,0,0,0,537,2026-02-03 09:08:11.958070
RITC,9.47,9.46,9.47,215700.0,204600.0,0,0,0,0,0,0,538,2026-02-03 09:08:12.988534
COMP,24.02,24.02,24.04,140400.0,143500.0,0,0,0,0,0,0,538,2026-02-03 09:08:12.988534
RITC,9.46,9.46,9.47,219300.0,205100.0,0,0,0,0,0,0,539,2026-02-03 09:08:14.015528
COMP,24.02,24.02,24.04,140400.0,144800.0,0,0,0,0,0,0,539,2026-02-03 09:08:14.015528
RITC,9.46,9.46,9.47,219000.0,205700.0,0,0,0,0,0,0,540,2026-02-03 09:08:15.041817
COMP,24.04,24.02,24.04,140400.0,146000.0,0,0,0,0,0,0,540,2026-02-03 09:08:15.041817
RITC,9.45,9.45,9.47,217700.0,208500.0,0,0,0,0,0,0,541,2026-02-03 09:08:16.065376
COMP,24.04,24.02,24.04,141400.0,146000.0,0,0,0,0,0,0,541,2026-02-03 09:08:16.065376
RITC,9.45,9.45,9.46,217700.0,208500.0,0,0,0,0,0,0,542,2026-02-03 09:08:17.090332
COMP,24.04,24.02,24.04,141500.0,144000.0,0,0,0,0,0,0,542,2026-02-03 09:08:17.090332
RITC,9.45,9.45,9.46,214200.0,208500.0,0,0,0,0,0,0,543,2026-02-03 09:08:18.114286
COMP,24.04,24.02,24.04,141500.0,144000.0,0,0,0,0,0,0,543,2026-02-03 09:08:18.114286
RITC,9.45,9.45,9.46,213500.0,208300.0,0,0,0,0,0,0,544,2026-02-03 09:08:19.139987
COMP,24.04,24.02,24.04,142900.0,141800.0,0,0,0,0,0,0,544,2026-02-03 09:08:19.139987
RITC,9.45,9.45,9.46,213500.0,210900.0,0,0,0,0,0,0,545,2026-02-03 09:08:20.167235
COMP,24.04,24.02,24.04,142100.0,141800.0,0,0,0,0,0,0,545,2026-02-03 09:08:20.167235
RITC,9.45,9.45,9.46,213500.0,210900.0,0,0,0,0,0,0,546,2026-02-03 09:08:21.193619
COMP,24.04,24.02,24.04,141400.0,141800.0,0,0,0,0,0,0,546,2026-02-03 09:08:21.193619
RITC,9.44,9.44,9.46,213000.0,210900.0,0,0,0,0,0,0,547,2026-02-03 09:08:22.220189
COMP,24.04,24.03,24.04,142000.0,141800.0,0,0,0,0,0,0,547,2026-02-03 09:08:22.220189
RITC,9.44,9.44,9.46,213000.0,209100.0,0,0,0,0,0,0,548,2026-02-03 09:08:23.246408
COMP,24.04,24.04,24.05,143400.0,142900.0,0,0,0,0,0,0,548,2026-02-03 09:08:23.246408
RITC,9.44,9.44,9.45,213000.0,210000.0,0,0,0,0,0,0,549,2026-02-03 09:08:24.270883
COMP,24.05,24.04,24.05,143400.0,143400.0,0,0,0,0,0,0,549,2026-02-03 09:08:24.270883
RITC,9.44,9.44,9.45,210600.0,213000.0,0,0,0,0,0,0,550,2026-02-03 09:08:25.299722
COMP,24.05,24.04,24.05,145200.0,143400.0,0,0,0,0,0,0,550,2026-02-03 09:08:25.299722
RITC,9.44,9.44,9.45,213400.0,214200.0,0,0,0,0,0,0,551,2026-02-03 09:08:26.324613
COMP,24.05,24.04,24.05,143400.0,143200.0,0,0,0,0,0,0,551,2026-02-03 09:08:26.324613
RITC,9.44,9.44,9.45,213400.0,211100.0,0,0,0,0,0,0,552,2026-02-03 09:08:27.355722
COMP,24.06,24.04,24.06,143400.0,144400.0,0,0,0,0,0,0,552,2026-02-03 09:08:27.355722
RITC,9.43,9.43,9.45,215000.0,211300.0,0,0,0,0,0,0,553,2026-02-03 09:08:28.377957
COMP,24.06,24.04,24.06,143500.0,144900.0,0,0,0,0,0,0,553,2026-02-03 09:08:28.377957
RITC,9.43,9.43,9.45,215000.0,210800.0,0,0,0,0,0,0,554,2026-02-03 09:08:29.405455
COMP,24.06,24.04,24.06,145200.0,144900.0,0,0,0,0,0,0,554,2026-02-03 09:08:29.405455
RITC,9.43,9.43,9.45,215300.0,209900.0,0,0,0,0,0,0,555,2026-02-03 09:08:30.012566
COMP,24.06,24.04,24.06,144200.0,144900.0,0,0,0,0,0,0,555,2026-02-03 09:08:30.012566
RITC,9.43,9.43,9.44,215300.0,212700.0,0,0,0,0,0,0,556,2026-02-03 09:08:31.046555
COMP,24.06,24.04,24.06,144200.0,143800.0,0,0,0,0,0,0,556,2026-02-03 09:08:31.046555
RITC,9.43,9.43,9.44,215300.0,212000.0,0,0,0,0,0,0,557,2026-02-03 09:08:32.078516
COMP,24.07,24.04,24.07,144200.0,143000.0,0,0,0,0,0,0,557,2026-02-03 09:08:32.078516
RITC,9.43,9.43,9.44,215300.0,210700.0,0,0,0,0,0,0,558,2026-02-03 09:08:33.114683
COMP,24.07,24.05,24.07,147100.0,143000.0,0,0,0,0,0,0,558,2026-02-03 09:08:33.114683
RITC,9.43,9.43,9.44,214700.0,210000.0,0,0,0,0,0,0,559,2026-02-03 09:08:34.138612
COMP,24.07,24.05,24.07,148400.0,143000.0,0,0,0,0,0,0,559,2026-02-03 09:08:34.138612
RITC,9.43,9.43,9.44,214700.0,212900.0,0,0,0,0,0,0,560,2026-02-03 09:08:35.161449
COMP,24.07,24.05,24.07,149800.0,141800.0,0,0,0,0,0,0,560,2026-02-03 09:08:35.161449
RITC,9.42,9.42,9.44,214800.0,214100.0,0,0,0,0,0,0,561,2026-02-03 09:08:36.182426
COMP,24.07,24.05,24.07,149600.0,141800.0,0,0,0,0,0,0,561,2026-02-03 09:08:36.182426
RITC,9.42,9.42,9.44,214800.0,213800.0,0,0,0,0,0,0,562,2026-02-03 09:08:37.212652
COMP,24.07,24.05,24.07,149600.0,144500.0,0,0,0,0,0,0,562,2026-02-03 09:08:37.212652
RITC,9.42,9.42,9.44,214800.0,213600.0,0,0,0,0,0,0,563,2026-02-03 09:08:38.238976
COMP,24.08,24.05,24.08,149600.0,145100.0,0,0,0,0,0,0,563,2026-02-03 09:08:38.238976
RITC,9.41,9.41,9.43,216900.0,210000.0,0,0,0,0,0,0,564,2026-02-03 09:08:39.262674
COMP,24.08,24.05,24.08,150900.0,146500.0,0,0,0,0,0,0,564,2026-02-03 09:08:39.262674
RITC,9.41,9.41,9.43,217700.0,210600.0,0,0,0,0,0,0,565,2026-02-03 09:08:40.285208
COMP,24.08,24.05,24.08,152100.0,146500.0,0,0,0,0,0,0,565,2026-02-03 09:08:40.285208
RITC,9.41,9.41,9.43,217200.0,210600.0,0,0,0,0,0,0,566,2026-02-03 09:08:41.309421
COMP,24.08,24.08,24.09,153800.0,147600.0,0,0,0,0,0,0,566,2026-02-03 09:08:41.309421
RITC,9.41,9.4,9.41,217000.0,212900.0,0,0,0,0,0,0,567,2026-02-03 09:08:42.332509
COMP,24.08,24.08,24.09,152100.0,147600.0,0,0,0,0,0,0,567,2026-02-03 09:08:42.332509
RITC,9.4,9.39,9.4,221700.0,216700.0,0,0,0,0,0,0,568,2026-02-03 09:08:43.362188
COMP,24.09,24.08,24.09,151500.0,149800.0,0,0,0,0,0,0,568,2026-02-03 09:08:43.362188
RITC,9.39,9.39,9.4,223900.0,213400.0,0,0,0,0,0,0,569,2026-02-03 09:08:44.389513
COMP,24.09,24.09,24.1,151800.0,151000.0,0,0,0,0,0,0,569,2026-02-03 09:08:44.389513
RITC,9.39,9.39,9.4,225800.0,211300.0,0,0,0,0,0,0,570,2026-02-03 09:08:45.420050
COMP,24.1,24.1,24.11,153200.0,151600.0,0,0,0,0,0,0,570,2026-02-03 09:08:45.420050
RITC,9.38,9.38,9.4,227100.0,211300.0,0,0,0,0,0,0,571,2026-02-03 09:08:46.449180
COMP,24.13,24.1,24.13,153200.0,151700.0,0,0,0,0,0,0,571,2026-02-03 09:08:46.449180
RITC,9.38,9.38,9.39,227100.0,214200.0,0,0,0,0,0,0,572,2026-02-03 09:08:47.471480
COMP,24.14,24.1,24.14,153200.0,149300.0,0,0,0,0,0,0,572,2026-02-03 09:08:47.471480
RITC,9.38,9.38,9.39,227100.0,215900.0,0,0,0,0,0,0,573,2026-02-03 09:08:48.495175
COMP,24.14,24.1,24.14,153200.0,149300.0,0,0,0,0,0,0,573,2026-02-03 09:08:48.495175
RITC,9.38,9.38,9.39,224700.0,215900.0,0,0,0,0,0,0,574,2026-02-03 09:08:49.024028
COMP,24.15,24.1,24.15,153200.0,149300.0,0,0,0,0,0,0,574,2026-02-03 09:08:49.024028
RITC,9.38,9.38,9.39,222500.0,215900.0,0,0,0,0,0,0,575,2026-02-03 09:08:50.054275
COMP,24.15,24.1,24.15,153200.0,148400.0,0,0,0,0,0,0,575,2026-02-03 09:08:50.054275
RITC,9.38,9.38,9.39,221200.0,214900.0,0,0,0,0,0,0,576,2026-02-03 09:08:51.085579
COMP,24.15,24.11,24.15,154600.0,148400.0,0,0,0,0,0,0,576,2026-02-03 09:08:51.085579
RITC,9.38,9.38,9.39,221200.0,212500.0,0,0,0,0,0,0,577,2026-02-03 09:08:52.121300
COMP,24.22,24.11,24.22,154600.0,149700.0,0,0,0,0,0,0,577,2026-02-03 09:08:52.121300
RITC,9.37,9.37,9.39,218300.0,212500.0,0,0,0,0,0,0,578,2026-02-03 09:08:53.153144
COMP,24.23,24.11,24.23,154600.0,150100.0,0,0,0,0,0,0,578,2026-02-03 09:08:53.153144
RITC,9.37,9.37,9.39,215900.0,212500.0,0,0,0,0,0,0,579,2026-02-03 09:08:54.182693
COMP,24.23,24.11,24.23,154600.0,150100.0,0,0,0,0,0,0,579,2026-02-03 09:08:54.182693
RITC,9.36,9.36,9.39,220600.0,212500.0,0,0,0,0,0,0,580,2026-02-03 09:08:55.210214
COMP,24.23,24.23,24.29,154800.0,149800.0,0,0,0,0,0,0,580,2026-02-03 09:08:55.210214
RITC,9.35,9.35,9.39,222500.0,212500.0,0,0,0,0,0,0,581,2026-02-03 09:08:56.231325
COMP,24.23,24.23,24.29,152800.0,149800.0,0,0,0,0,0,0,581,2026-02-03 09:08:56.231325
RITC,9.35,9.35,9.36,222500.0,211900.0,0,0,0,0,0,0,582,2026-02-03 09:08:57.260850
COMP,24.23,24.23,24.29,154000.0,149800.0,0,0,0,0,0,0,582,2026-02-03 09:08:57.260850
RITC,9.35,9.34,9.35,221600.0,215100.0,0,0,0,0,0,0,583,2026-02-03 09:08:58.288085
COMP,24.23,24.23,24.29,152600.0,149800.0,0,0,0,0,0,0,583,2026-02-03 09:08:58.288085
RITC,9.34,9.34,9.35,221600.0,215500.0,0,0,0,0,0,0,584,2026-02-03 09:08:59.313004
COMP,24.23,24.25,24.29,152400.0,149800.0,0,0,0,0,0,0,584,2026-02-03 09:08:59.313004
RITC,9.33,9.33,9.35,222000.0,216700.0,0,0,0,0,0,0,585,2026-02-03 09:09:00.350740
COMP,24.23,24.28,24.29,149800.0,149800.0,0,0,0,0,0,0,585,2026-02-03 09:09:00.350740
RITC,9.32,9.31,9.32,217200.0,362400.0,0,0,0,0,0,0,586,2026-02-03 09:09:01.374528
COMP,24.23,24.28,24.29,149800.0,149800.0,0,0,0,0,0,0,586,2026-02-03 09:09:01.374528
RITC,9.28,9.27,9.28,176400.0,511100.0,0,0,0,0,0,0,587,2026-02-03 09:09:02.404880
COMP,24.23,24.28,24.29,302000.0,149800.0,0,0,0,0,0,0,587,2026-02-03 09:09:02.404880
RITC,9.28,9.27,9.28,176400.0,666500.0,0,0,0,0,0,0,588,2026-02-03 09:09:03.431017
COMP,24.3,24.31,24.33,457600.0,149000.0,0,0,0,0,0,0,588,2026-02-03 09:09:03.431017
RITC,9.28,9.27,9.28,176400.0,737400.0,0,0,0,0,0,0,589,2026-02-03 09:09:04.463359
COMP,24.3,24.32,24.33,516800.0,149000.0,0,0,0,0,0,0,589,2026-02-03 09:09:04.463359
RITC,9.24,9.21,9.23,132800.0,898500.0,0,0,0,0,0,0,590,2026-02-03 09:09:05.491675
COMP,24.35,24.35,24.36,644900.0,142800.0,0,0,0,0,0,0,590,2026-02-03 09:09:05.491675
RITC,9.17,9.14,9.16,356800.0,1041200.0,0,0,0,0,0,0,591,2026-02-03 09:09:06.516609
COMP,24.35,24.35,24.36,729500.0,142800.0,0,0,0,0,0,0,591,2026-02-03 09:09:06.516609
RITC,9.14,9.12,9.14,448700.0,1183900.0,0,0,0,0,0,0,592,2026-02-03 09:09:07.555279
COMP,24.35,24.35,24.36,886000.0,142800.0,0,0,0,0,0,0,592,2026-02-03 09:09:07.555279
RITC,9.14,9.12,9.14,448700.0,1350700.0,0,0,0,0,0,0,593,2026-02-03 09:09:08.582651
COMP,24.41,24.45,24.46,962200.0,138500.0,0,0,0,0,0,0,593,2026-02-03 09:09:08.582651
RITC,9.14,9.12,9.14,448700.0,1432300.0,0,0,0,0,0,0,594,2026-02-03 09:09:09.611782
COMP,24.46,24.47,24.48,1029800.0,138300.0,0,0,0,0,0,0,594,2026-02-03 09:09:09.611782
RITC,9.07,9.05,9.07,669100.0,1665800.0,0,0,0,0,0,0,595,2026-02-03 09:09:10.634258
COMP,24.49,24.49,24.5,1195300.0,137700.0,0,0,0,0,0,0,595,2026-02-03 09:09:10.634258
RITC,9.07,9.05,9.07,669100.0,1740900.0,0,0,0,0,0,0,596,2026-02-03 09:09:11.165116
COMP,24.49,24.49,24.5,1272000.0,137700.0,0,0,0,0,0,0,596,2026-02-03 09:09:11.165116
RITC,9.03,9.03,9.05,831600.0,1748700.0,0,0,0,0,0,0,597,2026-02-03 09:09:12.196569
COMP,24.49,24.49,24.5,1272000.0,228200.0,0,0,0,0,0,0,597,2026-02-03 09:09:12.196569
RITC,9.03,8.99,9.0,844300.0,1774700.0,0,0,0,0,0,0,598,2026-02-03 09:09:13.240493
COMP,24.52,24.49,24.52,1283800.0,227900.0,0,0,0,0,0,0,598,2026-02-03 09:09:13.240493
RITC,8.99,8.99,9.0,929700.0,1774700.0,0,0,0,0,0,0,599,2026-02-03 09:09:14.264280
COMP,24.52,24.49,24.52,1368200.0,227900.0,0,0,0,0,0,0,599,2026-02-03 09:09:14.264280
