ticker,last_price,bid_price,ask_price,BUY_ANON,SELL_ANON,BUY_GIOT-1,SELL_GIOT-2,BUY_GIOT-3,BUY_GIOT-2,SELL_GIOT-1,SELL_GIOT-3,tick,timestamp,news_news_id,news_period,news_tick,news_ticker,news_headline,news_body
RITC,10.01,10.0,10.01,200600.0,202400.0,0,0,0,0,0,0,1,2026-02-03 02:52:59.604503,1.0,1.0,1.0,,Welcome to the RITC 2026 Liquidity Risk Case - practice server,Good Luck!
COMP,25.01,25.01,25.02,135400.0,135000.0,0,0,0,0,0,0,1,2026-02-03 02:52:59.604503,,,,,,
RITC,10.01,10.0,10.01,200600.0,199200.0,0,0,0,0,0,0,2,2026-02-03 02:53:00.134118
COMP,25.02,25.01,25.02,135400.0,135000.0,0,0,0,0,0,0,2,2026-02-03 02:53:00.134118
RITC,10.01,10.01,10.02,199400.0,198100.0,0,0,0,0,0,0,3,2026-02-03 02:53:01.159278
COMP,25.03,25.01,25.03,135400.0,126800.0,0,0,0,0,0,0,3,2026-02-03 02:53:01.159278
RITC,10.02,10.02,10.03,198300.0,199300.0,0,0,0,0,0,0,4,2026-02-03 02:53:02.221763
COMP,25.09,25.01,25.09,135400.0,113800.0,0,0,0,0,0,0,4,2026-02-03 02:53:02.221763
RITC,10.03,10.02,10.03,198300.0,199600.0,0,0,0,0,0,0,5,2026-02-03 02:53:03.264461
COMP,25.09,25.05,25.09,134800.0,113800.0,0,0,0,0,0,0,5,2026-02-03 02:53:03.264461
RITC,10.03,10.03,10.04,197100.0,193700.0,0,0,0,0,0,0,6,2026-02-03 02:53:04.294701
COMP,25.09,25.05,25.09,134800.0,113800.0,0,0,0,0,0,0,6,2026-02-03 02:53:04.294701
RITC,10.03,10.03,10.04,197800.0,193700.0,0,0,0,0,0,0,7,2026-02-03 02:53:05.326082
COMP,25.09,25.07,25.09,135800.0,113800.0,0,0,0,0,0,0,7,2026-02-03 02:53:05.326082
RITC,10.03,10.03,10.04,197900.0,193700.0,0,0,0,0,0,0,8,2026-02-03 02:53:06.362008
COMP,25.1,25.07,25.1,135800.0,107700.0,0,0,0,0,0,0,8,2026-02-03 02:53:06.362008
RITC,10.03,10.03,10.04,197900.0,193700.0,0,0,0,0,0,0,9,2026-02-03 02:53:07.389327
COMP,25.23,25.16,25.23,136200.0,94900.0,0,0,0,0,0,0,9,2026-02-03 02:53:07.389327
RITC,10.04,10.03,10.04,196900.0,183400.0,0,0,0,0,0,0,10,2026-02-03 02:53:08.414420
COMP,25.23,25.25,25.27,136100.0,86900.0,0,0,0,0,0,0,10,2026-02-03 02:53:08.414420
RITC,10.04,10.04,10.05,197200.0,173500.0,0,0,0,0,0,0,11,2026-02-03 02:53:09.442984
COMP,25.23,25.26,25.27,135700.0,86900.0,0,0,0,0,0,0,11,2026-02-03 02:53:09.442984
RITC,10.04,10.04,10.05,197200.0,173500.0,0,0,0,0,0,0,12,2026-02-03 02:53:10.465538
COMP,25.27,25.26,25.27,135700.0,86900.0,0,0,0,0,0,0,12,2026-02-03 02:53:10.465538
RITC,10.05,10.04,10.05,197200.0,164500.0,0,0,0,0,0,0,13,2026-02-03 02:53:11.489024
COMP,25.27,25.26,25.27,136400.0,86900.0,0,0,0,0,0,0,13,2026-02-03 02:53:11.489024
RITC,10.05,10.04,10.05,198100.0,164500.0,0,0,0,0,0,0,14,2026-02-03 02:53:12.509449
COMP,25.28,25.26,25.29,136400.0,72200.0,0,0,0,0,0,0,14,2026-02-03 02:53:12.509449
RITC,10.05,10.04,10.05,196400.0,152500.0,0,0,0,0,0,0,15,2026-02-03 02:53:13.531759
COMP,25.28,25.26,25.29,133000.0,72200.0,0,0,0,0,0,0,15,2026-02-03 02:53:13.531759
RITC,10.07,10.04,10.07,196400.0,132300.0,0,0,0,0,0,0,16,2026-02-03 02:53:14.554271
COMP,25.3,25.26,25.3,133000.0,72400.0,0,0,0,0,0,0,16,2026-02-03 02:53:14.554271
RITC,10.07,10.04,10.07,197100.0,122600.0,0,0,0,0,0,0,17,2026-02-03 02:53:15.577148
COMP,25.32,25.26,25.32,133000.0,71400.0,0,0,0,0,0,0,17,2026-02-03 02:53:15.577148
RITC,10.07,10.04,10.07,197100.0,112300.0,0,0,0,0,0,0,18,2026-02-03 02:53:16.095762
COMP,25.32,25.26,25.32,133000.0,70900.0,0,0,0,0,0,0,18,2026-02-03 02:53:16.095762
RITC,10.07,10.05,10.07,199000.0,112300.0,0,0,0,0,0,0,19,2026-02-03 02:53:17.118228
COMP,25.1,25.29,25.32,133300.0,70900.0,0,0,0,0,0,0,19,2026-02-03 02:53:17.118228
RITC,10.08,10.07,10.08,202400.0,101100.0,,0,0,0,0,0,20,2026-02-03 02:53:18.173035
COMP,25.1,25.29,25.31,133300.0,76900.0,5000.0,0,0,0,0,0,20,2026-02-03 02:53:18.173035
RITC,10.08,10.07,10.08,200400.0,112300.0,,0,0,0,0,0,21,2026-02-03 02:53:19.196254
COMP,25.29,25.29,25.31,135200.0,76900.0,5000.0,0,0,0,0,0,21,2026-02-03 02:53:19.196254
RITC,10.08,10.07,10.08,201900.0,112300.0,,0,0,0,0,0,22,2026-02-03 02:53:20.217296
COMP,25.29,25.29,25.31,135200.0,76900.0,5000.0,0,0,0,0,0,22,2026-02-03 02:53:20.217296
RITC,10.08,10.07,10.08,204100.0,112300.0,,0,0,0,0,0,23,2026-02-03 02:53:21.238234
COMP,25.29,25.29,25.31,134500.0,76900.0,5000.0,0,0,0,0,0,23,2026-02-03 02:53:21.238234
RITC,10.09,10.07,10.09,205100.0,100500.0,,0,0,0,0,0,24,2026-02-03 02:53:22.261381
COMP,25.29,25.3,25.31,136400.0,76900.0,5000.0,0,0,0,0,0,24,2026-02-03 02:53:22.261381
RITC,10.1,10.07,10.09,205100.0,107100.0,,0,0,0,0,0,25,2026-02-03 02:53:23.292906
COMP,25.31,25.3,25.31,135700.0,70900.0,5000.0,0,0,0,0,0,25,2026-02-03 02:53:23.292906
RITC,10.09,10.09,10.1,207400.0,97800.0,,0,0,0,0,0,26,2026-02-03 02:53:24.326211
COMP,25.31,25.3,25.31,137400.0,78500.0,5000.0,0,0,0,0,0,26,2026-02-03 02:53:24.326211
RITC,10.09,10.08,10.09,206900.0,115400.0,0,0,0,0,0,0,27,2026-02-03 02:53:25.356626
COMP,25.32,25.3,25.32,137400.0,78500.0,0,0,0,0,0,0,27,2026-02-03 02:53:25.356626
RITC,10.08,10.08,10.09,206900.0,115400.0,,0,0,0,0,0,28,2026-02-03 02:53:26.396410
COMP,25.32,25.3,25.32,137400.0,78500.0,5000.0,0,0,0,0,0,28,2026-02-03 02:53:26.396410
RITC,10.1,10.08,10.1,206900.0,116500.0,,0,0,0,0,0,29,2026-02-03 02:53:27.427749
COMP,25.32,25.3,25.32,135500.0,84500.0,5000.0,0,0,0,0,0,29,2026-02-03 02:53:27.427749
RITC,10.07,10.07,10.09,203000.0,127800.0,,0,0,0,0,0,30,2026-02-03 02:53:28.465793
COMP,25.3,25.3,25.32,135500.0,84500.0,5000.0,0,0,0,0,0,30,2026-02-03 02:53:28.465793
RITC,10.07,10.08,10.09,201700.0,127800.0,,0,0,0,0,0,31,2026-02-03 02:53:29.488905
COMP,25.32,25.3,25.32,135000.0,77100.0,5000.0,0,0,0,0,0,31,2026-02-03 02:53:29.488905
RITC,10.07,10.08,10.09,200000.0,127800.0,,0,0,0,0,0,32,2026-02-03 02:53:30.510899
COMP,25.32,25.3,25.32,135400.0,77100.0,5000.0,0,0,0,0,0,32,2026-02-03 02:53:30.510899
RITC,10.09,10.08,10.09,200300.0,127800.0,,0,0,0,0,0,33,2026-02-03 02:53:31.534613
COMP,25.3,25.3,25.32,137300.0,82900.0,5000.0,0,0,0,0,0,33,2026-02-03 02:53:31.534613
RITC,10.11,10.08,10.11,203800.0,106600.0,,0,0,0,0,0,34,2026-02-03 02:53:32.562261
COMP,25.32,25.3,25.32,137300.0,76600.0,5000.0,0,0,0,0,0,34,2026-02-03 02:53:32.562261
RITC,10.07,10.07,10.11,206300.0,106600.0,,0,0,0,0,0,35,2026-02-03 02:53:33.590951
COMP,25.34,25.3,25.34,137300.0,76600.0,5000.0,0,0,0,0,0,35,2026-02-03 02:53:33.590951
RITC,10.07,10.1,10.11,202800.0,106600.0,,0,0,0,0,0,36,2026-02-03 02:53:34.619451
COMP,25.34,25.3,25.34,135900.0,76600.0,5000.0,0,0,0,0,0,36,2026-02-03 02:53:34.619451
RITC,10.1,10.09,10.1,204500.0,106600.0,,0,0,0,0,0,37,2026-02-03 02:53:35.648209
COMP,25.34,25.3,25.34,135900.0,76600.0,5000.0,0,0,0,0,0,37,2026-02-03 02:53:35.648209
RITC,10.1,10.09,10.1,205900.0,106600.0,0,0,0,0,0,0,38,2026-02-03 02:53:36.676552
COMP,25.36,25.3,25.36,135900.0,70600.0,0,0,0,0,0,0,38,2026-02-03 02:53:36.676552
RITC,10.09,10.07,10.09,207900.0,117000.0,,0,0,0,0,0,39,2026-02-03 02:53:37.218197
COMP,25.3,25.29,25.3,135500.0,78400.0,5000.0,0,0,0,0,0,39,2026-02-03 02:53:37.218197
RITC,10.09,10.07,10.09,203300.0,117000.0,0,0,0,0,0,0,40,2026-02-03 02:53:38.240228
COMP,25.28,25.28,25.3,133600.0,85800.0,0,0,0,0,0,0,40,2026-02-03 02:53:38.240228
RITC,10.07,10.07,10.09,204200.0,117000.0,0,0,0,0,0,0,41,2026-02-03 02:53:39.270925
COMP,25.25,25.29,25.3,133100.0,85800.0,0,0,0,0,0,0,41,2026-02-03 02:53:39.270925
RITC,10.1,10.1,10.11,201900.0,96800.0,0,0,0,0,0,0,42,2026-02-03 02:53:40.295375
COMP,25.25,25.25,25.3,132900.0,85800.0,0,0,0,0,0,0,42,2026-02-03 02:53:40.295375
RITC,10.08,10.08,10.11,205100.0,106900.0,0,0,0,0,0,0,43,2026-02-03 02:53:41.317829
COMP,25.24,25.26,25.3,132200.0,93000.0,0,0,0,0,0,0,43,2026-02-03 02:53:41.317829
RITC,10.1,10.08,10.1,205100.0,117700.0,0,0,0,0,0,0,44,2026-02-03 02:53:42.344061
COMP,25.32,25.26,25.32,132200.0,85200.0,0,0,0,0,0,0,44,2026-02-03 02:53:42.344061
RITC,10.11,10.08,10.09,205100.0,104100.0,0,0,0,0,0,0,45,2026-02-03 02:53:43.369914
COMP,25.32,25.26,25.32,132600.0,92900.0,0,0,0,0,0,0,45,2026-02-03 02:53:43.369914
RITC,10.09,10.09,10.11,202400.0,106200.0,0,0,0,0,0,0,46,2026-02-03 02:53:44.393714
COMP,25.32,25.26,25.32,132600.0,100400.0,0,0,0,0,0,0,46,2026-02-03 02:53:44.393714
RITC,10.09,10.09,10.11,201000.0,114400.0,0,0,0,0,0,0,47,2026-02-03 02:53:45.419057
COMP,25.32,25.27,25.32,132400.0,100400.0,0,0,0,0,0,0,47,2026-02-03 02:53:45.419057
RITC,10.09,10.1,10.11,203000.0,114400.0,0,0,0,0,0,0,48,2026-02-03 02:53:46.456715
COMP,25.32,25.27,25.29,132400.0,107500.0,0,0,0,0,0,0,48,2026-02-03 02:53:46.456715
RITC,10.11,10.1,10.11,200000.0,104300.0,0,0,0,0,0,0,49,2026-02-03 02:53:47.504980
COMP,25.32,25.28,25.29,131900.0,115000.0,0,0,0,0,0,0,49,2026-02-03 02:53:47.504980
RITC,10.11,10.11,10.13,202600.0,96100.0,0,0,0,0,0,0,50,2026-02-03 02:53:48.551096
COMP,25.29,25.28,25.29,131900.0,115000.0,0,0,0,0,0,0,50,2026-02-03 02:53:48.551096
RITC,10.13,10.11,10.13,202600.0,110200.0,0,0,0,0,0,0,51,2026-02-03 02:53:49.601214
COMP,25.29,25.28,25.29,133600.0,115000.0,0,0,0,0,0,0,51,2026-02-03 02:53:49.601214
RITC,10.12,10.11,10.12,202600.0,121000.0,0,0,0,0,0,0,52,2026-02-03 02:53:50.636070
COMP,25.27,25.27,25.29,133300.0,115000.0,0,0,0,0,0,0,52,2026-02-03 02:53:50.636070
RITC,10.13,10.11,10.13,202600.0,111700.0,0,0,0,0,0,0,53,2026-02-03 02:53:51.668385
COMP,25.26,25.26,25.29,132600.0,120500.0,0,0,0,0,0,0,53,2026-02-03 02:53:51.668385
RITC,10.11,10.1,10.11,202400.0,120800.0,0,0,0,0,0,0,54,2026-02-03 02:53:52.696706
COMP,25.24,25.24,25.29,132900.0,120500.0,0,0,0,0,0,0,54,2026-02-03 02:53:52.696706
RITC,10.11,10.11,10.13,202300.0,111700.0,0,0,0,0,0,0,55,2026-02-03 02:53:53.729407
COMP,25.23,25.23,25.25,133300.0,126400.0,0,0,0,0,0,0,55,2026-02-03 02:53:53.729407
RITC,10.11,10.11,10.13,199900.0,111700.0,0,0,0,0,0,0,56,2026-02-03 02:53:54.755307
COMP,25.25,25.28,25.29,133400.0,120500.0,0,0,0,0,0,0,56,2026-02-03 02:53:54.755307
RITC,10.11,10.12,10.13,197100.0,111700.0,0,0,0,0,0,0,57,2026-02-03 02:53:55.781119
COMP,25.25,25.28,25.29,134300.0,126100.0,0,0,0,0,0,0,57,2026-02-03 02:53:55.781119
RITC,10.13,10.12,10.13,197100.0,101200.0,0,0,0,0,0,0,58,2026-02-03 02:53:56.305238
COMP,25.25,25.28,25.29,134400.0,126100.0,0,0,0,0,0,0,58,2026-02-03 02:53:56.305238
RITC,10.13,10.12,10.13,197100.0,112800.0,0,0,0,0,0,0,59,2026-02-03 02:53:57.328144
COMP,25.25,25.28,25.29,134400.0,131600.0,0,0,0,0,0,0,59,2026-02-03 02:53:57.328144
RITC,10.13,10.12,10.13,197100.0,123900.0,0,0,0,0,0,0,60,2026-02-03 02:53:58.351925
COMP,25.32,25.28,25.32,134400.0,131400.0,0,0,0,0,0,0,60,2026-02-03 02:53:58.351925
RITC,10.11,10.11,10.13,199900.0,123900.0,0,0,0,0,0,0,61,2026-02-03 02:53:59.370701
COMP,25.32,25.28,25.32,134400.0,124000.0,0,0,0,0,0,0,61,2026-02-03 02:53:59.370701
RITC,10.11,10.11,10.13,199900.0,123900.0,0,0,0,0,0,0,62,2026-02-03 02:54:00.400376
COMP,25.28,25.28,25.32,135000.0,130500.0,0,0,0,0,0,0,62,2026-02-03 02:54:00.400376
RITC,10.11,10.11,10.12,196600.0,135100.0,0,0,0,0,0,0,63,2026-02-03 02:54:01.420699
COMP,25.28,25.28,25.3,135000.0,138800.0,0,0,0,0,0,0,63,2026-02-03 02:54:01.420699
RITC,10.12,10.11,10.12,196600.0,135100.0,0,0,0,0,0,0,64,2026-02-03 02:54:02.444781
COMP,25.28,25.28,25.3,135000.0,137500.0,0,0,0,0,0,0,64,2026-02-03 02:54:02.444781
RITC,10.12,10.12,10.13,194200.0,123900.0,0,0,0,0,0,0,65,2026-02-03 02:54:03.469906
COMP,25.28,25.28,25.3,135000.0,137500.0,0,0,0,0,0,0,65,2026-02-03 02:54:03.469906
RITC,10.13,10.12,10.13,195100.0,112100.0,0,0,0,0,0,0,66,2026-02-03 02:54:04.496125
COMP,25.3,25.3,25.32,135400.0,136700.0,0,0,0,0,0,0,66,2026-02-03 02:54:04.496125
RITC,10.13,10.12,10.13,194700.0,112100.0,0,0,0,0,0,0,67,2026-02-03 02:54:05.525778
COMP,25.3,25.3,25.32,135400.0,135200.0,0,0,0,0,0,0,67,2026-02-03 02:54:05.525778
RITC,10.13,10.13,10.14,195700.0,101400.0,0,0,0,0,0,0,68,2026-02-03 02:54:06.565275
COMP,25.3,25.3,25.32,134800.0,135200.0,0,0,0,0,0,0,68,2026-02-03 02:54:06.565275
RITC,10.14,10.13,10.14,194400.0,101500.0,0,0,0,0,0,0,69,2026-02-03 02:54:07.603251
COMP,25.28,25.28,25.32,133800.0,135200.0,0,0,0,0,0,0,69,2026-02-03 02:54:07.603251
RITC,10.16,10.13,10.16,194400.0,97900.0,0,0,0,0,0,0,70,2026-02-03 02:54:08.639417
COMP,25.28,25.26,25.27,134300.0,135200.0,0,0,0,0,0,0,70,2026-02-03 02:54:08.639417
RITC,10.16,10.14,10.16,192100.0,97900.0,0,0,0,0,0,0,71,2026-02-03 02:54:09.674092
COMP,25.28,25.26,25.27,135500.0,135200.0,0,0,0,0,0,0,71,2026-02-03 02:54:09.674092
RITC,10.17,10.14,10.16,192100.0,107600.0,0,0,0,0,0,0,72,2026-02-03 02:54:10.722318
COMP,25.28,25.26,25.27,135400.0,135200.0,0,0,0,0,0,0,72,2026-02-03 02:54:10.722318
RITC,10.17,10.14,10.16,192100.0,116600.0,0,0,0,0,0,0,73,2026-02-03 02:54:11.765554
COMP,25.28,25.26,25.27,135400.0,137700.0,0,0,0,0,0,0,73,2026-02-03 02:54:11.765554
RITC,10.16,10.14,10.16,193500.0,107200.0,0,0,0,0,0,0,74,2026-02-03 02:54:12.793118
COMP,25.28,25.26,25.27,135400.0,140400.0,0,0,0,0,0,0,74,2026-02-03 02:54:12.793118
RITC,10.14,10.14,10.16,192300.0,107200.0,0,0,0,0,0,0,75,2026-02-03 02:54:13.815970
COMP,25.27,25.26,25.27,135400.0,140000.0,0,0,0,0,0,0,75,2026-02-03 02:54:13.815970
RITC,10.17,10.15,10.17,191900.0,98200.0,0,0,0,0,0,0,76,2026-02-03 02:54:14.841299
COMP,25.29,25.29,25.32,137000.0,138500.0,0,0,0,0,0,0,76,2026-02-03 02:54:14.841299
RITC,10.16,10.16,10.17,190000.0,106100.0,0,0,0,0,0,0,77,2026-02-03 02:54:15.869040
COMP,25.29,25.31,25.32,137100.0,138500.0,0,0,0,0,0,0,77,2026-02-03 02:54:15.869040
RITC,10.19,10.16,10.19,190000.0,96100.0,0,0,0,0,0,0,78,2026-02-03 02:54:16.891467
COMP,25.31,25.31,25.32,137100.0,139300.0,0,0,0,0,0,0,78,2026-02-03 02:54:16.891467
RITC,10.19,10.16,10.17,190000.0,112600.0,0,0,0,0,0,0,79,2026-02-03 02:54:17.911130
COMP,25.31,25.31,25.32,137100.0,139400.0,0,0,0,0,0,0,79,2026-02-03 02:54:17.911130
RITC,10.16,10.15,10.16,191900.0,141500.0,0,0,0,0,0,0,80,2026-02-03 02:54:18.938907
COMP,25.26,25.26,25.28,135400.0,141000.0,0,0,0,0,0,0,80,2026-02-03 02:54:18.938907
RITC,10.15,10.15,10.16,5000.0,183800.0,141500.0,0,0,0,0,0,81,2026-02-03 02:54:19.964329
COMP,25.26,25.23,25.24,,134600.0,142500.0,0,0,0,0,0,81,2026-02-03 02:54:19.964329
RITC,10.15,10.15,10.16,5000.0,183800.0,153100.0,0,0,0,0,0,82,2026-02-03 02:54:20.486259
COMP,25.23,25.23,25.24,,132900.0,142500.0,0,0,0,0,0,82,2026-02-03 02:54:20.486259
RITC,10.15,10.15,10.16,184300.0,5000.0,153100.0,0,0,0,0,0,83,2026-02-03 02:54:21.507887
COMP,25.22,25.22,25.24,133700.0,,142500.0,0,0,0,0,0,83,2026-02-03 02:54:21.507887
RITC,10.14,10.14,10.16,183800.0,5000.0,163500.0,0,0,0,0,0,84,2026-02-03 02:54:22.534922
COMP,25.22,25.22,25.24,133700.0,,144400.0,0,0,0,0,0,84,2026-02-03 02:54:22.534922
RITC,10.14,10.14,10.16,186000.0,5000.0,183400.0,0,0,0,0,0,85,2026-02-03 02:54:23.558830
COMP,25.22,25.22,25.24,133700.0,,142600.0,0,0,0,0,0,85,2026-02-03 02:54:23.558830
RITC,10.13,10.13,10.16,194400.0,183400.0,0,0,0,0,0,0,86,2026-02-03 02:54:24.583913
COMP,25.22,25.22,25.24,133700.0,142600.0,0,0,0,0,0,0,86,2026-02-03 02:54:24.583913
RITC,10.12,10.12,10.16,183300.0,5000.0,183400.0,0,0,0,0,0,87,2026-02-03 02:54:25.610312
COMP,25.21,25.21,25.24,134100.0,,141200.0,0,0,0,0,0,87,2026-02-03 02:54:25.610312
RITC,10.12,10.12,10.16,186600.0,5000.0,194800.0,0,0,0,0,0,88,2026-02-03 02:54:26.637347
COMP,25.21,25.21,25.24,134100.0,,140700.0,0,0,0,0,0,88,2026-02-03 02:54:26.637347
RITC,10.12,10.12,10.16,186600.0,5000.0,198100.0,0,0,0,0,0,89,2026-02-03 02:54:27.660172
COMP,25.18,25.18,25.24,134500.0,,140700.0,0,0,0,0,0,89,2026-02-03 02:54:27.660172
RITC,10.12,10.12,10.13,187800.0,5000.0,196900.0,0,0,0,0,0,90,2026-02-03 02:54:28.699208
COMP,25.18,25.18,25.2,134500.0,,140400.0,0,0,0,0,0,90,2026-02-03 02:54:28.699208
RITC,10.12,10.12,10.13,5000.0,186400.0,196900.0,0,0,0,0,0,91,2026-02-03 02:54:29.734199
COMP,25.18,25.18,25.2,,134500.0,141700.0,0,0,0,0,0,91,2026-02-03 02:54:29.734199
RITC,10.12,10.12,10.13,5000.0,186400.0,199700.0,0,0,0,0,0,92,2026-02-03 02:54:30.762807
COMP,25.17,25.17,25.2,,135300.0,141700.0,0,0,0,0,0,92,2026-02-03 02:54:30.762807
RITC,10.11,10.11,10.12,194800.0,199100.0,0,0,0,0,0,0,93,2026-02-03 02:54:31.798688
COMP,25.16,25.16,25.2,133600.0,141700.0,0,0,0,0,0,0,93,2026-02-03 02:54:31.798688
RITC,10.14,10.11,10.14,184300.0,5000.0,199900.0,0,0,0,0,0,94,2026-02-03 02:54:32.831113
COMP,25.16,25.16,25.2,135100.0,,143900.0,0,0,0,0,0,94,2026-02-03 02:54:32.831113
RITC,10.14,10.12,10.14,184500.0,5000.0,200900.0,0,0,0,0,0,95,2026-02-03 02:54:33.873393
COMP,25.16,25.07,25.16,136100.0,,144200.0,0,0,0,0,0,95,2026-02-03 02:54:33.873393
RITC,10.14,10.13,10.14,184700.0,5000.0,199900.0,0,0,0,0,0,96,2026-02-03 02:54:34.900165
COMP,25.16,25.07,25.09,134700.0,,146100.0,0,0,0,0,0,96,2026-02-03 02:54:34.900165
RITC,10.14,10.13,10.14,193800.0,198200.0,0,0,0,0,0,0,97,2026-02-03 02:54:35.926804
COMP,25.16,25.07,25.09,134700.0,146100.0,0,0,0,0,0,0,97,2026-02-03 02:54:35.926804
RITC,10.13,10.13,10.16,193800.0,200000.0,0,0,0,0,0,0,98,2026-02-03 02:54:36.955647
COMP,25.07,25.07,25.09,134700.0,146100.0,0,0,0,0,0,0,98,2026-02-03 02:54:36.955647
RITC,10.16,10.13,10.16,193800.0,200000.0,0,0,0,0,0,0,99,2026-02-03 02:54:37.986624
COMP,25.09,25.11,25.16,136400.0,144200.0,0,0,0,0,0,0,99,2026-02-03 02:54:37.986624
RITC,10.16,10.13,10.15,193800.0,196800.0,0,0,0,0,0,0,100,2026-02-03 02:54:39.010610
COMP,25.07,25.07,25.16,135100.0,144200.0,0,0,0,0,0,0,100,2026-02-03 02:54:39.010610
RITC,10.15,10.15,10.16,196600.0,200200.0,0,0,0,0,0,0,101,2026-02-03 02:54:40.033006
COMP,25.05,25.05,25.13,135300.0,144700.0,0,0,0,0,0,0,101,2026-02-03 02:54:40.033006
RITC,10.15,10.15,10.16,196200.0,199000.0,0,0,0,0,0,0,102,2026-02-03 02:54:41.059410
COMP,25.05,25.05,25.13,135300.0,146900.0,0,0,0,0,0,0,102,2026-02-03 02:54:41.059410
RITC,10.15,10.15,10.16,194400.0,199000.0,0,0,0,0,0,0,103,2026-02-03 02:54:41.583480
COMP,25.05,25.05,25.13,133500.0,146900.0,0,0,0,0,0,0,103,2026-02-03 02:54:41.583480
RITC,10.16,10.15,10.16,192300.0,199000.0,0,0,0,0,0,0,104,2026-02-03 02:54:42.612492
COMP,25.02,25.02,25.13,132800.0,144300.0,0,0,0,0,0,0,104,2026-02-03 02:54:42.612492
RITC,10.16,10.15,10.16,192100.0,195600.0,0,0,0,0,0,0,105,2026-02-03 02:54:43.636654
COMP,25.02,25.08,25.13,134300.0,144300.0,0,0,0,0,0,0,105,2026-02-03 02:54:43.636654
RITC,10.16,10.15,10.16,192200.0,194600.0,0,0,0,0,0,0,106,2026-02-03 02:54:44.659293
COMP,25.02,25.08,25.13,134300.0,145400.0,0,0,0,0,0,0,106,2026-02-03 02:54:44.659293
RITC,10.16,10.15,10.16,191600.0,194600.0,0,0,0,0,0,0,107,2026-02-03 02:54:45.681976
COMP,25.08,25.08,25.13,134300.0,146800.0,0,0,0,0,0,0,107,2026-02-03 02:54:45.681976
RITC,10.16,10.15,10.16,194100.0,195200.0,0,0,0,0,0,0,108,2026-02-03 02:54:46.702966
COMP,25.01,25.01,25.12,133100.0,145700.0,0,0,0,0,0,0,108,2026-02-03 02:54:46.702966
RITC,10.16,10.15,10.16,194500.0,192200.0,0,0,0,0,0,0,109,2026-02-03 02:54:47.721768
COMP,25.01,25.01,25.05,133100.0,144800.0,0,0,0,0,0,0,109,2026-02-03 02:54:47.721768
RITC,10.16,10.15,10.16,194500.0,189700.0,0,0,0,0,0,0,110,2026-02-03 02:54:48.742504
COMP,25.01,24.99,25.01,133300.0,146900.0,0,0,0,0,0,0,110,2026-02-03 02:54:48.742504
RITC,10.16,10.15,10.16,193900.0,189300.0,0,0,0,0,0,0,111,2026-02-03 02:54:49.774687
COMP,24.99,24.99,25.01,133300.0,146200.0,0,0,0,0,0,0,111,2026-02-03 02:54:49.774687
RITC,10.16,10.15,10.16,192000.0,188700.0,0,0,0,0,0,0,112,2026-02-03 02:54:50.815237
COMP,24.99,24.99,25.01,133300.0,146200.0,0,0,0,0,0,0,112,2026-02-03 02:54:50.815237
RITC,10.16,10.15,10.16,192000.0,189100.0,0,0,0,0,0,0,113,2026-02-03 02:54:51.864767
COMP,24.99,24.99,25.01,132400.0,146000.0,0,0,0,0,0,0,113,2026-02-03 02:54:51.864767
RITC,10.17,10.15,10.17,194300.0,187800.0,0,0,0,0,0,0,114,2026-02-03 02:54:52.903337
COMP,24.99,24.99,25.01,132400.0,144900.0,0,0,0,0,0,0,114,2026-02-03 02:54:52.903337
RITC,10.18,10.15,10.18,196700.0,188200.0,0,0,0,0,0,0,115,2026-02-03 02:54:53.950327
COMP,24.99,24.99,25.01,132400.0,142000.0,0,0,0,0,0,0,115,2026-02-03 02:54:53.950327
RITC,10.18,10.17,10.18,198700.0,188200.0,0,0,0,0,0,0,116,2026-02-03 02:54:54.986153
COMP,24.98,24.98,25.01,135600.0,142000.0,0,0,0,0,0,0,116,2026-02-03 02:54:54.986153
RITC,10.18,10.17,10.18,202700.0,188200.0,0,0,0,0,0,0,117,2026-02-03 02:54:56.016707
COMP,24.98,24.98,25.01,135600.0,141400.0,0,0,0,0,0,0,117,2026-02-03 02:54:56.016707
RITC,10.19,10.17,10.19,199400.0,179500.0,0,0,0,0,0,0,118,2026-02-03 02:54:57.057354
COMP,24.98,24.98,25.01,135600.0,141400.0,0,0,0,0,0,0,118,2026-02-03 02:54:57.057354
RITC,10.19,10.17,10.19,199100.0,179500.0,0,0,0,0,0,0,119,2026-02-03 02:54:58.094615
COMP,24.97,24.97,25.01,135800.0,139600.0,0,0,0,0,0,0,119,2026-02-03 02:54:58.094615
RITC,10.19,10.17,10.19,201000.0,162200.0,0,0,0,0,0,0,120,2026-02-03 02:54:59.125579
COMP,24.97,24.97,24.99,135800.0,139600.0,0,0,0,0,0,0,120,2026-02-03 02:54:59.125579
RITC,10.19,10.17,10.19,201600.0,143800.0,0,0,0,0,0,0,121,2026-02-03 02:55:00.152896
COMP,24.96,24.96,24.99,137200.0,139600.0,0,0,0,0,0,0,121,2026-02-03 02:55:00.152896
RITC,10.19,10.17,10.19,202800.0,143800.0,0,0,0,0,0,0,122,2026-02-03 02:55:00.674043
COMP,24.96,24.96,24.99,137200.0,139600.0,0,0,0,0,0,0,122,2026-02-03 02:55:00.674043
RITC,10.19,10.17,10.19,202800.0,143800.0,0,0,0,0,0,0,123,2026-02-03 02:55:01.698518
COMP,24.96,24.96,24.99,136400.0,139600.0,0,0,0,0,0,0,123,2026-02-03 02:55:01.698518
RITC,10.19,10.17,10.19,203800.0,135500.0,0,0,0,0,0,0,124,2026-02-03 02:55:02.754810
COMP,24.96,24.96,24.99,136400.0,139900.0,0,0,0,0,0,0,124,2026-02-03 02:55:02.754810
RITC,10.19,10.17,10.19,202700.0,135500.0,0,0,0,0,0,0,125,2026-02-03 02:55:03.777728
COMP,24.95,24.95,24.99,137100.0,137900.0,0,0,0,0,0,0,125,2026-02-03 02:55:03.777728
RITC,10.2,10.17,10.2,200300.0,125100.0,0,0,0,0,0,0,126,2026-02-03 02:55:04.798220
COMP,24.95,24.95,24.96,137100.0,139200.0,0,0,0,0,0,0,126,2026-02-03 02:55:04.798220
RITC,10.22,10.17,10.22,200300.0,116500.0,0,0,0,0,0,0,127,2026-02-03 02:55:05.819997
COMP,24.95,24.95,24.96,137100.0,140700.0,0,0,0,0,0,0,127,2026-02-03 02:55:05.819997
RITC,10.22,10.18,10.22,199400.0,116500.0,0,0,0,0,0,0,128,2026-02-03 02:55:06.838924
COMP,24.92,24.92,24.96,136800.0,140700.0,0,0,0,0,0,0,128,2026-02-03 02:55:06.838924
RITC,10.17,10.17,10.2,200300.0,125800.0,0,0,0,0,0,0,129,2026-02-03 02:55:07.868039
COMP,24.92,24.92,24.96,136800.0,138800.0,0,0,0,0,0,0,129,2026-02-03 02:55:07.868039
RITC,10.2,10.17,10.18,200300.0,135900.0,0,0,0,0,0,0,130,2026-02-03 02:55:08.892849
COMP,24.92,24.92,24.96,136800.0,138600.0,0,0,0,0,0,0,130,2026-02-03 02:55:08.892849
RITC,10.18,10.18,10.2,200700.0,125800.0,0,0,0,0,0,0,131,2026-02-03 02:55:09.917436
COMP,24.92,24.92,24.96,136800.0,140600.0,0,0,0,0,0,0,131,2026-02-03 02:55:09.917436
RITC,10.22,10.22,10.23,203700.0,104700.0,0,0,0,0,0,0,132,2026-02-03 02:55:10.959967
COMP,24.92,24.92,24.96,136800.0,140600.0,0,0,0,0,0,0,132,2026-02-03 02:55:10.959967
RITC,10.24,10.22,10.24,203700.0,96800.0,0,0,0,0,0,0,133,2026-02-03 02:55:12.016211
COMP,24.92,24.92,24.94,136800.0,142400.0,0,0,0,0,0,0,133,2026-02-03 02:55:12.016211
RITC,10.22,10.2,10.22,201900.0,107400.0,0,0,0,0,0,0,134,2026-02-03 02:55:13.057448
COMP,24.92,24.92,24.94,136800.0,142100.0,0,0,0,0,0,0,134,2026-02-03 02:55:13.057448
RITC,10.22,10.2,10.22,202600.0,119000.0,0,0,0,0,0,0,135,2026-02-03 02:55:14.086582
COMP,24.92,24.92,24.94,136800.0,144700.0,0,0,0,0,0,0,135,2026-02-03 02:55:14.086582
RITC,10.2,10.2,10.22,202600.0,119000.0,0,0,0,0,0,0,136,2026-02-03 02:55:15.121491
COMP,24.92,24.92,24.94,136800.0,147000.0,0,0,0,0,0,0,136,2026-02-03 02:55:15.121491
RITC,10.18,10.18,10.22,200700.0,119000.0,0,0,0,0,0,0,137,2026-02-03 02:55:16.146276
COMP,24.92,24.92,24.94,136800.0,147000.0,0,0,0,0,0,0,137,2026-02-03 02:55:16.146276
RITC,10.17,10.17,10.22,201600.0,119000.0,0,0,0,0,0,0,138,2026-02-03 02:55:17.176309
COMP,24.92,24.91,24.92,137200.0,146700.0,0,0,0,0,0,0,138,2026-02-03 02:55:17.176309
RITC,10.17,10.17,10.2,202200.0,138600.0,0,0,0,0,0,0,139,2026-02-03 02:55:18.198390
COMP,24.92,24.91,24.92,137200.0,145400.0,0,0,0,0,0,0,139,2026-02-03 02:55:18.198390
RITC,10.17,10.17,10.2,202200.0,149700.0,0,0,0,0,0,0,140,2026-02-03 02:55:19.221149
COMP,24.91,24.91,24.92,138500.0,145500.0,0,0,0,0,0,0,140,2026-02-03 02:55:19.221149
RITC,10.17,10.17,10.18,202200.0,171500.0,0,0,0,0,0,0,141,2026-02-03 02:55:20.252589
COMP,24.91,24.91,24.92,138500.0,146000.0,0,0,0,0,0,0,141,2026-02-03 02:55:20.252589
RITC,10.17,10.17,10.18,202300.0,171500.0,0,0,0,0,0,0,142,2026-02-03 02:55:20.775764
COMP,24.91,24.91,24.92,138500.0,146300.0,0,0,0,0,0,0,142,2026-02-03 02:55:20.775764
RITC,10.17,10.17,10.18,202300.0,190400.0,0,0,0,0,0,0,143,2026-02-03 02:55:21.800357
COMP,24.91,24.91,24.92,138500.0,146300.0,0,0,0,0,0,0,143,2026-02-03 02:55:21.800357
RITC,10.17,10.17,10.18,204000.0,190400.0,0,0,0,0,0,0,144,2026-02-03 02:55:22.824627
COMP,24.91,24.91,24.92,138500.0,145800.0,0,0,0,0,0,0,144,2026-02-03 02:55:22.824627
RITC,10.18,10.17,10.18,204000.0,198800.0,0,0,0,0,0,0,145,2026-02-03 02:55:23.852228
COMP,24.91,24.89,24.9,139300.0,142800.0,0,0,0,0,0,0,145,2026-02-03 02:55:23.852228
RITC,10.18,10.17,10.18,202500.0,199000.0,0,0,0,0,0,0,146,2026-02-03 02:55:24.875034
COMP,24.91,24.89,24.9,139300.0,142900.0,0,0,0,0,0,0,146,2026-02-03 02:55:24.875034
RITC,10.17,10.17,10.18,206100.0,200000.0,0,0,0,0,0,0,147,2026-02-03 02:55:25.900213
COMP,24.91,24.89,24.9,139300.0,142900.0,0,0,0,0,0,0,147,2026-02-03 02:55:25.900213
RITC,10.17,10.17,10.18,206100.0,200300.0,0,0,0,0,0,0,148,2026-02-03 02:55:26.928986
COMP,24.89,24.89,24.9,137500.0,142900.0,0,0,0,0,0,0,148,2026-02-03 02:55:26.928986
RITC,10.17,10.17,10.18,206700.0,202000.0,0,0,0,0,0,0,149,2026-02-03 02:55:27.957360
COMP,24.87,24.87,24.9,136600.0,140800.0,0,0,0,0,0,0,149,2026-02-03 02:55:27.957360
RITC,10.17,10.17,10.18,204900.0,200200.0,0,0,0,0,0,0,150,2026-02-03 02:55:28.985918
COMP,24.85,24.85,24.9,138900.0,140800.0,0,0,0,0,0,0,150,2026-02-03 02:55:28.985918
RITC,10.17,10.17,10.18,206400.0,201300.0,0,0,0,0,0,0,151,2026-02-03 02:55:30.008512
COMP,24.85,24.85,24.9,138900.0,140600.0,0,0,0,0,0,0,151,2026-02-03 02:55:30.008512
RITC,10.16,10.16,10.18,205500.0,201200.0,0,0,0,0,0,0,152,2026-02-03 02:55:31.038597
COMP,24.85,24.85,24.9,138900.0,140200.0,0,0,0,0,0,0,152,2026-02-03 02:55:31.038597
RITC,10.16,10.16,10.18,207400.0,200200.0,0,0,0,0,0,0,153,2026-02-03 02:55:32.071321
COMP,24.85,24.85,24.9,141200.0,142000.0,0,0,0,0,0,0,153,2026-02-03 02:55:32.071321
RITC,10.16,10.16,10.18,205000.0,200200.0,0,0,0,0,0,0,154,2026-02-03 02:55:33.114583
COMP,24.84,24.84,24.9,134900.0,142000.0,0,0,0,0,0,0,154,2026-02-03 02:55:33.114583
RITC,10.16,10.16,10.18,205000.0,199000.0,0,0,0,0,0,0,155,2026-02-03 02:55:34.174501
COMP,24.84,24.84,24.85,134900.0,141300.0,0,0,0,0,0,0,155,2026-02-03 02:55:34.174501
RITC,10.16,10.16,10.17,203100.0,196200.0,0,0,0,0,0,0,156,2026-02-03 02:55:35.212477
COMP,24.83,24.82,24.85,127700.0,141300.0,0,0,0,0,0,0,156,2026-02-03 02:55:35.212477
RITC,10.15,10.15,10.17,202100.0,194200.0,0,0,0,0,0,0,157,2026-02-03 02:55:36.243147
COMP,24.82,24.82,24.85,127700.0,141300.0,0,0,0,0,0,0,157,2026-02-03 02:55:36.243147
RITC,10.15,10.15,10.17,200700.0,193800.0,0,0,0,0,0,0,158,2026-02-03 02:55:37.270887
COMP,24.85,24.82,24.85,133400.0,141300.0,0,0,0,0,0,0,158,2026-02-03 02:55:37.270887
RITC,10.15,10.15,10.16,200700.0,191000.0,0,0,0,0,0,0,159,2026-02-03 02:55:38.295899
COMP,24.81,24.81,24.85,127500.0,141300.0,0,0,0,0,0,0,159,2026-02-03 02:55:38.295899
RITC,10.15,10.15,10.16,201100.0,191000.0,0,0,0,0,0,0,160,2026-02-03 02:55:38.818391
COMP,24.81,24.81,24.85,133500.0,141300.0,0,0,0,0,0,0,160,2026-02-03 02:55:38.818391
RITC,10.15,10.15,10.16,201100.0,192100.0,0,0,0,0,0,0,161,2026-02-03 02:55:39.842319
COMP,24.81,24.81,24.83,133500.0,142100.0,0,0,0,0,0,0,161,2026-02-03 02:55:39.842319
RITC,10.15,10.15,10.16,201100.0,192500.0,0,0,0,0,0,0,162,2026-02-03 02:55:40.868282
COMP,24.81,24.81,24.83,139200.0,142100.0,0,0,0,0,0,0,162,2026-02-03 02:55:40.868282
RITC,10.15,10.15,10.16,201000.0,192500.0,0,0,0,0,0,0,163,2026-02-03 02:55:41.890719
COMP,24.81,24.81,24.83,139500.0,142100.0,0,0,0,0,0,0,163,2026-02-03 02:55:41.890719
RITC,10.16,10.15,10.16,201000.0,192000.0,0,0,0,0,0,0,164,2026-02-03 02:55:42.914278
COMP,24.81,24.81,24.83,140300.0,142100.0,0,0,0,0,0,0,164,2026-02-03 02:55:42.914278
RITC,10.15,10.15,10.16,199200.0,191300.0,0,0,0,0,0,0,165,2026-02-03 02:55:43.939491
COMP,24.83,24.81,24.83,140300.0,142000.0,0,0,0,0,0,0,165,2026-02-03 02:55:43.939491
RITC,10.15,10.15,10.16,195700.0,191300.0,0,0,0,0,0,0,166,2026-02-03 02:55:44.963384
COMP,24.83,24.81,24.82,140300.0,141600.0,0,0,0,0,0,0,166,2026-02-03 02:55:44.963384
RITC,10.16,10.15,10.16,195700.0,196700.0,0,0,0,0,0,0,167,2026-02-03 02:55:45.990507
COMP,24.81,24.81,24.82,141900.0,141600.0,0,0,0,0,0,0,167,2026-02-03 02:55:45.990507
RITC,10.15,10.15,10.17,195400.0,197000.0,0,0,0,0,0,0,168,2026-02-03 02:55:47.014446
COMP,24.81,24.81,24.82,141900.0,141000.0,0,0,0,0,0,0,168,2026-02-03 02:55:47.014446
RITC,10.15,10.15,10.17,197600.0,197000.0,0,0,0,0,0,0,169,2026-02-03 02:55:48.035
COMP,24.8,24.8,24.82,135100.0,140600.0,0,0,0,0,0,0,169,2026-02-03 02:55:48.035
RITC,10.15,10.15,10.17,198900.0,196700.0,0,0,0,0,0,0,170,2026-02-03 02:55:49.062242
COMP,24.8,24.8,24.82,127300.0,140600.0,0,0,0,0,0,0,170,2026-02-03 02:55:49.062242
RITC,10.17,10.15,10.17,197600.0,198600.0,0,0,0,0,0,0,171,2026-02-03 02:55:50.096259
COMP,24.79,24.79,24.82,119400.0,142300.0,0,0,0,0,0,0,171,2026-02-03 02:55:50.096259
RITC,10.17,10.16,10.17,198900.0,198600.0,0,0,0,0,0,0,172,2026-02-03 02:55:51.131633
COMP,24.79,24.79,24.82,113400.0,142300.0,0,0,0,0,0,0,172,2026-02-03 02:55:51.131633
RITC,10.18,10.16,10.18,201600.0,195800.0,0,0,0,0,0,0,173,2026-02-03 02:55:52.169238
COMP,24.79,24.79,24.82,113400.0,142400.0,0,0,0,0,0,0,173,2026-02-03 02:55:52.169238
RITC,10.18,10.16,10.18,203300.0,195800.0,0,0,0,0,0,0,174,2026-02-03 02:55:53.211465
COMP,24.79,24.79,24.8,113400.0,144100.0,0,0,0,0,0,0,174,2026-02-03 02:55:53.211465
RITC,10.18,10.16,10.18,203300.0,198200.0,0,0,0,0,0,0,175,2026-02-03 02:55:54.249306
COMP,24.79,24.79,24.8,113400.0,144900.0,0,0,0,0,0,0,175,2026-02-03 02:55:54.249306
RITC,10.18,10.16,10.18,202600.0,198900.0,0,0,0,0,0,0,176,2026-02-03 02:55:55.286176
COMP,24.78,24.78,24.8,105100.0,142300.0,0,0,0,0,0,0,176,2026-02-03 02:55:55.286176
RITC,10.18,10.16,10.18,205400.0,198900.0,0,0,0,0,0,0,177,2026-02-03 02:55:56.320203
COMP,24.78,24.78,24.79,105100.0,140800.0,0,0,0,0,0,0,177,2026-02-03 02:55:56.320203
RITC,10.18,10.17,10.18,201400.0,198900.0,0,0,0,0,0,0,178,2026-02-03 02:55:57.349952
COMP,24.74,24.74,24.79,91700.0,140800.0,0,0,0,0,0,0,178,2026-02-03 02:55:57.349952
RITC,10.18,10.17,10.18,199400.0,198900.0,0,0,0,0,0,0,179,2026-02-03 02:55:58.385120
COMP,24.74,24.74,24.79,91700.0,140800.0,0,0,0,0,0,0,179,2026-02-03 02:55:58.385120
RITC,10.18,10.17,10.18,199400.0,199800.0,0,0,0,0,0,0,180,2026-02-03 02:55:59.406560
COMP,24.74,24.74,24.75,91700.0,138700.0,0,0,0,0,0,0,180,2026-02-03 02:55:59.406560
RITC,10.18,10.17,10.18,202200.0,199800.0,0,0,0,0,0,0,181,2026-02-03 02:56:00.429015
COMP,24.74,24.74,24.75,91700.0,139100.0,0,0,0,0,0,0,181,2026-02-03 02:56:00.429015
RITC,10.18,10.17,10.18,202200.0,201300.0,0,0,0,0,0,0,182,2026-02-03 02:56:00.947310
COMP,24.73,24.73,24.75,85500.0,139100.0,0,0,0,0,0,0,182,2026-02-03 02:56:00.947310
RITC,10.18,10.17,10.18,201500.0,201300.0,0,0,0,0,0,0,183,2026-02-03 02:56:01.970724
COMP,24.73,24.68,24.69,79000.0,138600.0,0,0,0,0,0,0,183,2026-02-03 02:56:01.970724
RITC,10.18,10.17,10.18,201500.0,203600.0,0,0,0,0,0,0,184,2026-02-03 02:56:02.989174
COMP,24.68,24.67,24.68,72500.0,139900.0,0,0,0,0,0,0,184,2026-02-03 02:56:02.989174
RITC,10.19,10.17,10.19,199800.0,204900.0,0,0,0,0,0,0,185,2026-02-03 02:56:04.007847
COMP,24.68,24.67,24.68,72500.0,140100.0,0,0,0,0,0,0,185,2026-02-03 02:56:04.007847
RITC,10.19,10.17,10.19,199800.0,203400.0,0,0,0,0,0,0,186,2026-02-03 02:56:05.032875
COMP,24.68,24.67,24.68,72500.0,140400.0,0,0,0,0,0,0,186,2026-02-03 02:56:05.032875
RITC,10.19,10.17,10.19,198900.0,203200.0,0,0,0,0,0,0,187,2026-02-03 02:56:06.053453
COMP,24.69,24.67,24.69,72500.0,138200.0,0,0,0,0,0,0,187,2026-02-03 02:56:06.053453
RITC,10.19,10.17,10.19,201300.0,203100.0,0,0,0,0,0,0,188,2026-02-03 02:56:07.074806
COMP,24.69,24.67,24.69,72500.0,139300.0,0,0,0,0,0,0,188,2026-02-03 02:56:07.074806
RITC,10.19,10.18,10.19,203200.0,203100.0,0,0,0,0,0,0,189,2026-02-03 02:56:08.098469
COMP,24.65,24.65,24.69,73400.0,138900.0,0,0,0,0,0,0,189,2026-02-03 02:56:08.098469
RITC,10.19,10.18,10.19,202700.0,203100.0,0,0,0,0,0,0,190,2026-02-03 02:56:09.120206
COMP,24.65,24.6,24.69,74500.0,138900.0,0,0,0,0,0,0,190,2026-02-03 02:56:09.120206
RITC,10.19,10.19,10.2,201000.0,204200.0,0,0,0,0,0,0,191,2026-02-03 02:56:10.142410
COMP,24.65,24.63,24.69,81900.0,138900.0,0,0,0,0,0,0,191,2026-02-03 02:56:10.142410
RITC,10.2,10.19,10.2,201000.0,203300.0,0,0,0,0,0,0,192,2026-02-03 02:56:11.171842
COMP,24.6,24.6,24.69,74500.0,139500.0,0,0,0,0,0,0,192,2026-02-03 02:56:11.171842
RITC,10.22,10.2,10.22,200300.0,181900.0,0,0,0,0,0,0,193,2026-02-03 02:56:12.199377
COMP,24.65,24.6,24.63,74500.0,139000.0,0,0,0,0,0,0,193,2026-02-03 02:56:12.199377
RITC,10.22,10.2,10.22,196700.0,181900.0,0,0,0,0,0,0,194,2026-02-03 02:56:13.231510
COMP,24.63,24.63,24.69,82200.0,139500.0,0,0,0,0,0,0,194,2026-02-03 02:56:13.231510
RITC,10.23,10.2,10.23,196700.0,174000.0,0,0,0,0,0,0,195,2026-02-03 02:56:14.278084
COMP,24.63,24.63,24.66,88600.0,140700.0,0,0,0,0,0,0,195,2026-02-03 02:56:14.278084
RITC,10.23,10.21,10.23,195300.0,174000.0,0,0,0,0,0,0,196,2026-02-03 02:56:15.323438
COMP,24.66,24.63,24.66,88600.0,140700.0,0,0,0,0,0,0,196,2026-02-03 02:56:15.323438
RITC,10.24,10.22,10.24,195200.0,152000.0,0,0,0,0,0,0,197,2026-02-03 02:56:16.376719
COMP,24.6,24.6,24.66,74500.0,140700.0,0,0,0,0,0,0,197,2026-02-03 02:56:16.376719
RITC,10.24,10.23,10.24,198400.0,152000.0,0,0,0,0,0,0,198,2026-02-03 02:56:17.419513
COMP,24.63,24.6,24.61,74500.0,139400.0,0,0,0,0,0,0,198,2026-02-03 02:56:17.419513
RITC,10.24,10.23,10.24,196600.0,142100.0,0,0,0,0,0,0,199,2026-02-03 02:56:18.448302
COMP,24.61,24.63,24.66,80300.0,139400.0,0,0,0,0,0,0,199,2026-02-03 02:56:18.448302
RITC,10.24,10.25,10.26,195600.0,130600.0,0,0,0,0,0,0,200,2026-02-03 02:56:19.472010
COMP,24.6,24.6,24.66,74500.0,139400.0,0,0,0,0,0,0,200,2026-02-03 02:56:19.472010
RITC,10.26,10.26,10.32,194000.0,121800.0,0,0,0,0,0,0,201,2026-02-03 02:56:20.499502
COMP,24.59,24.59,24.63,74600.0,138800.0,0,0,0,0,0,0,201,2026-02-03 02:56:20.499502
RITC,10.26,10.3,10.32,194300.0,121800.0,0,0,0,0,0,0,202,2026-02-03 02:56:21.032732
COMP,24.67,24.59,24.67,74600.0,139200.0,0,0,0,0,0,0,202,2026-02-03 02:56:21.032732
RITC,10.32,10.31,10.32,195500.0,121800.0,0,0,0,0,0,0,203,2026-02-03 02:56:22.060064
COMP,24.58,24.58,24.67,72700.0,139200.0,0,0,0,0,0,0,203,2026-02-03 02:56:22.060064
RITC,10.32,10.31,10.32,195500.0,110300.0,0,0,0,0,0,0,204,2026-02-03 02:56:23.090103
COMP,24.58,24.58,24.65,73100.0,137300.0,0,0,0,0,0,0,204,2026-02-03 02:56:23.090103
RITC,10.32,10.31,10.32,194600.0,110300.0,0,0,0,0,0,0,205,2026-02-03 02:56:24.116921
COMP,24.56,24.56,24.65,72900.0,137300.0,0,0,0,0,0,0,205,2026-02-03 02:56:24.116921
RITC,10.33,10.31,10.33,191600.0,98700.0,0,0,0,0,0,0,206,2026-02-03 02:56:25.140440
COMP,24.56,24.56,24.65,73900.0,139000.0,0,0,0,0,0,0,206,2026-02-03 02:56:25.140440
RITC,10.33,10.31,10.33,192900.0,98700.0,0,0,0,0,0,0,207,2026-02-03 02:56:26.163093
COMP,24.67,24.56,24.67,81100.0,139300.0,0,0,0,0,0,0,207,2026-02-03 02:56:26.163093
RITC,10.33,10.31,10.33,192600.0,98700.0,0,0,0,0,0,0,208,2026-02-03 02:56:27.185430
COMP,24.67,24.64,24.67,88900.0,139300.0,0,0,0,0,0,0,208,2026-02-03 02:56:27.185430
RITC,10.33,10.31,10.33,191500.0,107500.0,0,0,0,0,0,0,209,2026-02-03 02:56:28.213100
COMP,24.67,24.64,24.67,88900.0,139400.0,0,0,0,0,0,0,209,2026-02-03 02:56:28.213100
RITC,10.33,10.32,10.33,188900.0,107500.0,0,0,0,0,0,0,210,2026-02-03 02:56:29.237594
COMP,24.64,24.56,24.67,81100.0,139400.0,0,0,0,0,0,0,210,2026-02-03 02:56:29.237594
RITC,10.33,10.32,10.33,187900.0,96100.0,0,0,0,0,0,0,211,2026-02-03 02:56:30.261265
COMP,24.49,24.49,24.5,74100.0,140300.0,0,0,0,0,0,0,211,2026-02-03 02:56:30.261265
RITC,10.34,10.32,10.34,188100.0,95400.0,0,0,0,0,0,0,212,2026-02-03 02:56:31.280965
COMP,24.49,24.49,24.5,81200.0,140300.0,0,0,0,0,0,0,212,2026-02-03 02:56:31.280965
RITC,10.34,10.32,10.34,187800.0,95400.0,0,0,0,0,0,0,213,2026-02-03 02:56:32.304137
COMP,24.5,24.55,24.67,80100.0,139400.0,0,0,0,0,0,0,213,2026-02-03 02:56:32.304137
RITC,10.34,10.32,10.34,187800.0,96200.0,0,0,0,0,0,0,214,2026-02-03 02:56:33.327138
COMP,24.44,24.48,24.67,74200.0,139400.0,0,0,0,0,0,0,214,2026-02-03 02:56:33.327138
RITC,10.34,10.32,10.34,187800.0,97000.0,0,0,0,0,0,0,215,2026-02-03 02:56:34.350460
COMP,24.44,24.48,24.54,74200.0,140200.0,0,0,0,0,0,0,215,2026-02-03 02:56:34.350460
RITC,10.35,10.33,10.35,189900.0,98300.0,0,0,0,0,0,0,216,2026-02-03 02:56:35.380072
COMP,24.44,24.48,24.51,82400.0,139300.0,0,0,0,0,0,0,216,2026-02-03 02:56:35.380072
RITC,10.36,10.33,10.36,189900.0,105200.0,0,0,0,0,0,0,217,2026-02-03 02:56:36.406932
COMP,24.54,24.48,24.54,82400.0,140200.0,0,0,0,0,0,0,217,2026-02-03 02:56:36.406932
RITC,10.36,10.35,10.36,188900.0,113700.0,0,0,0,0,0,0,218,2026-02-03 02:56:37.441505
COMP,24.51,24.53,24.54,90800.0,140200.0,0,0,0,0,0,0,218,2026-02-03 02:56:37.441505
RITC,10.33,10.33,10.35,189900.0,122500.0,0,0,0,0,0,0,219,2026-02-03 02:56:38.471021
COMP,24.48,24.48,24.54,82400.0,140400.0,0,0,0,0,0,0,219,2026-02-03 02:56:38.471021
RITC,10.33,10.33,10.35,189900.0,142100.0,0,0,0,0,0,0,220,2026-02-03 02:56:39.499259
COMP,24.55,24.48,24.55,82400.0,140800.0,0,0,0,0,0,0,220,2026-02-03 02:56:39.499259
RITC,10.33,10.33,10.35,190300.0,151800.0,0,0,0,0,0,0,221,2026-02-03 02:56:40.526214
COMP,24.55,24.48,24.52,82400.0,141300.0,0,0,0,0,0,0,221,2026-02-03 02:56:40.526214
RITC,10.33,10.34,10.35,187900.0,151800.0,0,0,0,0,0,0,222,2026-02-03 02:56:41.553646
COMP,24.47,24.47,24.48,74700.0,142900.0,0,0,0,0,0,0,222,2026-02-03 02:56:41.553646
RITC,10.32,10.32,10.35,188100.0,151800.0,0,0,0,0,0,0,223,2026-02-03 02:56:42.576396
COMP,24.47,24.47,24.48,74700.0,142000.0,0,0,0,0,0,0,223,2026-02-03 02:56:42.576396
RITC,10.32,10.32,10.33,188100.0,172700.0,0,0,0,0,0,0,224,2026-02-03 02:56:43.600642
COMP,24.47,24.47,24.48,74700.0,143100.0,0,0,0,0,0,0,224,2026-02-03 02:56:43.600642
RITC,10.33,10.32,10.33,189500.0,172700.0,0,0,0,0,0,0,225,2026-02-03 02:56:44.623171
COMP,24.44,24.44,24.48,75300.0,143100.0,0,0,0,0,0,0,225,2026-02-03 02:56:44.623171
RITC,10.33,10.33,10.34,189700.0,170000.0,0,0,0,0,0,0,226,2026-02-03 02:56:45.646436
COMP,24.43,24.43,24.48,74900.0,143800.0,0,0,0,0,0,0,226,2026-02-03 02:56:45.646436
RITC,10.33,10.33,10.34,189700.0,180300.0,0,0,0,0,0,0,227,2026-02-03 02:56:46.168797
COMP,24.43,24.43,24.48,74900.0,143600.0,0,0,0,0,0,0,227,2026-02-03 02:56:46.168797
RITC,10.33,10.33,10.34,189700.0,180300.0,0,0,0,0,0,0,228,2026-02-03 02:56:47.196427
COMP,24.43,24.43,24.48,74900.0,143600.0,0,0,0,0,0,0,228,2026-02-03 02:56:47.196427
RITC,10.32,10.32,10.33,189500.0,191700.0,0,0,0,0,0,0,229,2026-02-03 02:56:48.220554
COMP,24.43,24.43,24.44,74900.0,146400.0,0,0,0,0,0,0,229,2026-02-03 02:56:48.220554
RITC,10.33,10.32,10.33,189500.0,191700.0,0,0,0,0,0,0,230,2026-02-03 02:56:49.245991
COMP,24.43,24.43,24.44,74900.0,145300.0,0,0,0,0,0,0,230,2026-02-03 02:56:49.245991
RITC,10.34,10.32,10.34,189500.0,180300.0,0,0,0,0,0,0,231,2026-02-03 02:56:50.270447
COMP,24.37,24.37,24.38,75100.0,145700.0,0,0,0,0,0,0,231,2026-02-03 02:56:50.270447
RITC,10.34,10.32,10.34,190500.0,170700.0,0,0,0,0,0,0,232,2026-02-03 02:56:51.300990
COMP,24.37,24.26,24.29,75000.0,145200.0,0,0,0,0,0,0,232,2026-02-03 02:56:51.300990
RITC,10.34,10.32,10.34,193500.0,170700.0,0,0,0,0,0,0,233,2026-02-03 02:56:52.322885
COMP,24.37,24.26,24.29,82200.0,145600.0,0,0,0,0,0,0,233,2026-02-03 02:56:52.322885
RITC,10.35,10.34,10.35,195400.0,162100.0,0,0,0,0,0,0,234,2026-02-03 02:56:53.356559
COMP,24.37,24.26,24.29,82200.0,145900.0,0,0,0,0,0,0,234,2026-02-03 02:56:53.356559
RITC,10.36,10.34,10.36,195400.0,135200.0,0,0,0,0,0,0,235,2026-02-03 02:56:54.376426
COMP,24.26,24.26,24.28,82200.0,145200.0,0,0,0,0,0,0,235,2026-02-03 02:56:54.376426
RITC,10.36,10.35,10.36,196500.0,126700.0,0,0,0,0,0,0,236,2026-02-03 02:56:55.404116
COMP,24.26,24.26,24.27,75400.0,143000.0,0,0,0,0,0,0,236,2026-02-03 02:56:55.404116
RITC,10.38,10.35,10.38,196500.0,116400.0,0,0,0,0,0,0,237,2026-02-03 02:56:56.431586
COMP,24.22,24.22,24.27,75400.0,143300.0,0,0,0,0,0,0,237,2026-02-03 02:56:56.431586
RITC,10.38,10.38,10.39,194900.0,106900.0,0,0,0,0,0,0,238,2026-02-03 02:56:57.453891
COMP,24.22,24.22,24.23,75400.0,142900.0,0,0,0,0,0,0,238,2026-02-03 02:56:57.453891
RITC,10.38,10.38,10.39,195100.0,106900.0,0,0,0,0,0,0,239,2026-02-03 02:56:58.479157
COMP,24.22,24.21,24.22,75800.0,144000.0,0,0,0,0,0,0,239,2026-02-03 02:56:58.479157
RITC,10.4,10.38,10.4,195100.0,98400.0,0,0,0,0,0,0,240,2026-02-03 02:56:59.504159
COMP,24.17,24.17,24.22,75100.0,144000.0,0,0,0,0,0,0,240,2026-02-03 02:56:59.504159
RITC,10.4,10.38,10.4,194500.0,98400.0,0,0,0,0,0,0,241,2026-02-03 02:57:00.538879
COMP,24.17,24.17,24.22,75100.0,145500.0,0,0,0,0,0,0,241,2026-02-03 02:57:00.538879
RITC,10.43,10.38,10.43,191900.0,98400.0,0,0,0,0,0,0,242,2026-02-03 02:57:01.576297
COMP,24.13,24.13,24.22,74600.0,145500.0,0,0,0,0,0,0,242,2026-02-03 02:57:01.576297
RITC,10.43,10.41,10.43,193000.0,98400.0,0,0,0,0,0,0,243,2026-02-03 02:57:02.614067
COMP,24.13,24.2,24.22,87800.0,145500.0,0,0,0,0,0,0,243,2026-02-03 02:57:02.614067
RITC,10.43,10.41,10.43,193500.0,98800.0,0,0,0,0,0,0,244,2026-02-03 02:57:03.648882
COMP,24.13,24.2,24.22,87800.0,145500.0,0,0,0,0,0,0,244,2026-02-03 02:57:03.648882
RITC,10.45,10.41,10.45,193800.0,98300.0,0,0,0,0,0,0,245,2026-02-03 02:57:04.679916
COMP,24.2,24.2,24.22,87800.0,146000.0,0,0,0,0,0,0,245,2026-02-03 02:57:04.679916
RITC,10.45,10.43,10.45,194400.0,98300.0,0,0,0,0,0,0,246,2026-02-03 02:57:05.722174
COMP,24.2,24.2,24.22,87800.0,145000.0,0,0,0,0,0,0,246,2026-02-03 02:57:05.722174
RITC,10.45,10.43,10.45,193600.0,98300.0,0,0,0,0,0,0,247,2026-02-03 02:57:06.749724
COMP,24.2,24.13,24.14,81000.0,145200.0,0,0,0,0,0,0,247,2026-02-03 02:57:06.749724
RITC,10.45,10.43,10.45,191800.0,98300.0,0,0,0,0,0,0,248,2026-02-03 02:57:07.785199
COMP,24.1,24.1,24.14,72500.0,145700.0,0,0,0,0,0,0,248,2026-02-03 02:57:07.785199
RITC,10.46,10.43,10.46,191800.0,98200.0,0,0,0,0,0,0,249,2026-02-03 02:57:08.332546
COMP,24.1,24.1,24.14,72500.0,145700.0,0,0,0,0,0,0,249,2026-02-03 02:57:08.332546
RITC,10.48,10.43,10.47,191800.0,98800.0,0,0,0,0,0,0,250,2026-02-03 02:57:09.368969
COMP,24.1,24.1,24.14,72500.0,144800.0,0,0,0,0,0,0,250,2026-02-03 02:57:09.368969
RITC,10.48,10.46,10.47,193100.0,98800.0,0,0,0,0,0,0,251,2026-02-03 02:57:10.390706
COMP,24.1,24.1,24.14,72500.0,143800.0,0,0,0,0,0,0,251,2026-02-03 02:57:10.390706
RITC,10.47,10.46,10.47,194200.0,98800.0,0,0,0,0,0,0,252,2026-02-03 02:57:11.412789
COMP,24.1,24.1,24.14,72500.0,143300.0,0,0,0,0,0,0,252,2026-02-03 02:57:11.412789
RITC,10.47,10.46,10.47,194000.0,98800.0,0,0,0,0,0,0,253,2026-02-03 02:57:12.432188
COMP,24.1,24.1,24.14,72500.0,141600.0,0,0,0,0,0,0,253,2026-02-03 02:57:12.432188
RITC,10.47,10.47,10.48,193900.0,97600.0,0,0,0,0,0,0,254,2026-02-03 02:57:13.452622
COMP,24.1,24.1,24.11,72500.0,140500.0,0,0,0,0,0,0,254,2026-02-03 02:57:13.452622
RITC,10.47,10.47,10.48,195300.0,97600.0,0,0,0,0,0,0,255,2026-02-03 02:57:14.484365
COMP,24.06,23.95,24.03,74400.0,140900.0,0,0,0,0,0,0,255,2026-02-03 02:57:14.484365
RITC,10.48,10.49,10.5,195000.0,97300.0,0,0,0,0,0,0,256,2026-02-03 02:57:15.503886
COMP,24.06,23.95,23.97,74400.0,140100.0,0,0,0,0,0,0,256,2026-02-03 02:57:15.503886
RITC,10.5,10.51,10.56,194900.0,94900.0,0,0,0,0,0,0,257,2026-02-03 02:57:16.526263
COMP,23.95,23.95,23.97,74400.0,140100.0,0,0,0,0,0,0,257,2026-02-03 02:57:16.526263
RITC,10.56,10.54,10.56,196700.0,94900.0,0,0,0,0,0,0,258,2026-02-03 02:57:17.556178
COMP,23.95,23.95,23.97,74400.0,139700.0,0,0,0,0,0,0,258,2026-02-03 02:57:17.556178
RITC,10.56,10.54,10.56,198900.0,94900.0,0,0,0,0,0,0,259,2026-02-03 02:57:18.589993
COMP,23.89,23.89,23.93,73900.0,140900.0,0,0,0,0,0,0,259,2026-02-03 02:57:18.589993
RITC,10.56,10.54,10.56,199700.0,93600.0,0,0,0,0,0,0,260,2026-02-03 02:57:19.629787
COMP,23.89,23.89,23.93,73900.0,142300.0,0,0,0,0,0,0,260,2026-02-03 02:57:19.629787
RITC,10.57,10.56,10.57,200200.0,93000.0,0,0,0,0,0,0,261,2026-02-03 02:57:20.669813
COMP,23.89,23.89,23.93,73900.0,143200.0,0,0,0,0,0,0,261,2026-02-03 02:57:20.669813
RITC,10.58,10.56,10.58,200200.0,92400.0,0,0,0,0,0,0,262,2026-02-03 02:57:21.721955
COMP,23.88,23.88,23.93,72200.0,141500.0,0,0,0,0,0,0,262,2026-02-03 02:57:21.721955
RITC,10.58,10.56,10.58,197700.0,92400.0,0,0,0,0,0,0,263,2026-02-03 02:57:22.748254
COMP,23.79,23.79,23.9,71900.0,141100.0,0,0,0,0,0,0,263,2026-02-03 02:57:22.748254
RITC,10.58,10.57,10.58,197500.0,92400.0,0,0,0,0,0,0,264,2026-02-03 02:57:23.774681
COMP,23.79,23.79,23.85,71900.0,142300.0,0,0,0,0,0,0,264,2026-02-03 02:57:23.774681
RITC,10.58,10.59,10.62,194000.0,92600.0,0,0,0,0,0,0,265,2026-02-03 02:57:24.807735
COMP,23.85,23.89,23.9,78200.0,141100.0,0,0,0,0,0,0,265,2026-02-03 02:57:24.807735
RITC,10.58,10.61,10.62,193000.0,92600.0,0,0,0,0,0,0,266,2026-02-03 02:57:25.838746
COMP,23.89,23.79,23.85,71900.0,143300.0,0,0,0,0,0,0,266,2026-02-03 02:57:25.838746
RITC,10.62,10.61,10.62,192300.0,93800.0,0,0,0,0,0,0,267,2026-02-03 02:57:26.861238
COMP,23.89,23.79,23.85,71900.0,144000.0,0,0,0,0,0,0,267,2026-02-03 02:57:26.861238
RITC,10.63,10.62,10.63,191400.0,93400.0,0,0,0,0,0,0,268,2026-02-03 02:57:27.886237
COMP,23.89,23.8,23.85,86300.0,144000.0,0,0,0,0,0,0,268,2026-02-03 02:57:27.886237
RITC,10.64,10.62,10.64,191400.0,92300.0,0,0,0,0,0,0,269,2026-02-03 02:57:28.407557
COMP,23.89,23.8,23.85,86300.0,144900.0,0,0,0,0,0,0,269,2026-02-03 02:57:28.407557
RITC,10.64,10.62,10.64,190100.0,92300.0,0,0,0,0,0,0,270,2026-02-03 02:57:29.433249
COMP,23.85,23.8,23.85,86300.0,143700.0,0,0,0,0,0,0,270,2026-02-03 02:57:29.433249
RITC,10.67,10.62,10.67,190100.0,88000.0,0,0,0,0,0,0,271,2026-02-03 02:57:30.458031
COMP,23.8,23.79,23.8,78200.0,143600.0,0,0,0,0,0,0,271,2026-02-03 02:57:30.458031
RITC,10.67,10.67,10.69,191200.0,91100.0,0,0,0,0,0,0,272,2026-02-03 02:57:31.480817
COMP,23.79,23.79,23.8,78200.0,143600.0,0,0,0,0,0,0,272,2026-02-03 02:57:31.480817
RITC,10.7,10.68,10.7,188600.0,94000.0,0,0,0,0,0,0,273,2026-02-03 02:57:32.503038
COMP,23.79,23.79,23.8,78200.0,145300.0,0,0,0,0,0,0,273,2026-02-03 02:57:32.503038
RITC,10.7,10.69,10.7,195100.0,94000.0,0,0,0,0,0,0,274,2026-02-03 02:57:33.524766
COMP,23.79,23.79,23.8,70400.0,144700.0,0,0,0,0,0,0,274,2026-02-03 02:57:33.524766
RITC,10.7,10.71,10.73,193000.0,93200.0,0,0,0,0,0,0,275,2026-02-03 02:57:34.547935
COMP,23.79,23.79,23.8,70400.0,145600.0,0,0,0,0,0,0,275,2026-02-03 02:57:34.547935
RITC,10.7,10.71,10.73,190400.0,93200.0,0,0,0,0,0,0,276,2026-02-03 02:57:35.575709
COMP,23.79,23.79,23.8,79000.0,146800.0,0,0,0,0,0,0,276,2026-02-03 02:57:35.575709
RITC,10.76,10.71,10.76,189600.0,94400.0,0,0,0,0,0,0,277,2026-02-03 02:57:36.595037
COMP,23.79,23.79,23.8,86700.0,146800.0,0,0,0,0,0,0,277,2026-02-03 02:57:36.595037
RITC,10.76,10.72,10.76,191400.0,95600.0,0,0,0,0,0,0,278,2026-02-03 02:57:37.623346
COMP,23.78,23.78,23.8,80600.0,148700.0,0,0,0,0,0,0,278,2026-02-03 02:57:37.623346
RITC,10.76,10.75,10.76,188300.0,105400.0,0,0,0,0,0,0,279,2026-02-03 02:57:38.647089
COMP,23.78,23.74,23.78,73600.0,147700.0,0,0,0,0,0,0,279,2026-02-03 02:57:38.647089
RITC,10.77,10.75,10.77,185800.0,94900.0,0,0,0,0,0,0,280,2026-02-03 02:57:39.668408
COMP,23.74,23.74,23.76,73600.0,147500.0,0,0,0,0,0,0,280,2026-02-03 02:57:39.668408
RITC,10.86,10.75,10.86,185800.0,94000.0,0,0,0,0,0,0,281,2026-02-03 02:57:40.693881
COMP,23.74,23.7,23.74,73700.0,146400.0,0,0,0,0,0,0,281,2026-02-03 02:57:40.693881
RITC,10.86,10.78,10.86,184400.0,94000.0,0,0,0,0,0,0,282,2026-02-03 02:57:41.740469
COMP,23.74,23.7,23.74,73700.0,146400.0,0,0,0,0,0,0,282,2026-02-03 02:57:41.740469
RITC,10.76,10.83,10.86,187200.0,94000.0,0,0,0,0,0,0,283,2026-02-03 02:57:42.771321
COMP,23.7,23.7,23.74,73700.0,146400.0,0,0,0,0,0,0,283,2026-02-03 02:57:42.771321
RITC,10.84,10.83,10.84,187200.0,103600.0,0,0,0,0,0,0,284,2026-02-03 02:57:43.815042
COMP,23.7,23.7,23.74,73700.0,146400.0,0,0,0,0,0,0,284,2026-02-03 02:57:43.815042
RITC,10.84,10.83,10.84,186300.0,103600.0,0,0,0,0,0,0,285,2026-02-03 02:57:44.844504
COMP,23.67,23.67,23.74,75900.0,146400.0,0,0,0,0,0,0,285,2026-02-03 02:57:44.844504
RITC,10.86,10.83,10.86,184400.0,95900.0,0,0,0,0,0,0,286,2026-02-03 02:57:45.871373
COMP,23.67,23.67,23.69,75900.0,143800.0,0,0,0,0,0,0,286,2026-02-03 02:57:45.871373
RITC,10.86,10.85,10.86,182900.0,95900.0,0,0,0,0,0,0,287,2026-02-03 02:57:46.897426
COMP,23.67,23.67,23.69,75900.0,145900.0,0,0,0,0,0,0,287,2026-02-03 02:57:46.897426
RITC,10.87,10.85,10.87,184000.0,93900.0,0,0,0,0,0,0,288,2026-02-03 02:57:47.928106
COMP,23.67,23.67,23.69,75900.0,147000.0,0,0,0,0,0,0,288,2026-02-03 02:57:47.928106
RITC,10.87,10.85,10.86,183700.0,103000.0,0,0,0,0,0,0,289,2026-02-03 02:57:48.954219
COMP,23.67,23.56,23.65,76500.0,146200.0,0,0,0,0,0,0,289,2026-02-03 02:57:48.954219
RITC,10.88,10.86,10.87,184600.0,99400.0,0,0,0,0,0,0,290,2026-02-03 02:57:49.982446
COMP,23.56,23.55,23.56,78900.0,145300.0,0,0,0,0,0,0,290,2026-02-03 02:57:49.982446
RITC,10.85,10.85,10.87,183700.0,99400.0,0,0,0,0,0,0,291,2026-02-03 02:57:51.008623
COMP,23.5,23.5,23.56,79900.0,147100.0,0,0,0,0,0,0,291,2026-02-03 02:57:51.008623
RITC,10.83,10.83,10.85,184400.0,107400.0,0,0,0,0,0,0,292,2026-02-03 02:57:52.036506
COMP,23.5,23.5,23.56,79900.0,147100.0,0,0,0,0,0,0,292,2026-02-03 02:57:52.036506
RITC,10.87,10.83,10.87,184400.0,99400.0,0,0,0,0,0,0,293,2026-02-03 02:57:53.060841
COMP,23.48,23.48,23.51,80600.0,146300.0,0,0,0,0,0,0,293,2026-02-03 02:57:53.060841
RITC,10.87,10.83,10.86,184400.0,117600.0,0,0,0,0,0,0,294,2026-02-03 02:57:53.589739
COMP,23.48,23.48,23.51,80600.0,144600.0,0,0,0,0,0,0,294,2026-02-03 02:57:53.589739
RITC,10.83,10.83,10.85,184200.0,127200.0,0,0,0,0,0,0,295,2026-02-03 02:57:54.612507
COMP,23.48,23.48,23.51,80600.0,146500.0,0,0,0,0,0,0,295,2026-02-03 02:57:54.612507
RITC,10.82,10.82,10.85,185000.0,127200.0,0,0,0,0,0,0,296,2026-02-03 02:57:55.644625
COMP,23.48,23.48,23.51,80600.0,146500.0,0,0,0,0,0,0,296,2026-02-03 02:57:55.644625
RITC,10.82,10.82,10.85,185000.0,144500.0,0,0,0,0,0,0,297,2026-02-03 02:57:56.669313
COMP,23.45,23.45,23.51,78300.0,146500.0,0,0,0,0,0,0,297,2026-02-03 02:57:56.669313
RITC,10.82,10.82,10.85,185000.0,164800.0,0,0,0,0,0,0,298,2026-02-03 02:57:57.694053
COMP,23.38,23.38,23.51,80500.0,146500.0,0,0,0,0,0,0,298,2026-02-03 02:57:57.694053
RITC,10.79,10.79,10.82,186900.0,172800.0,0,0,0,0,0,0,299,2026-02-03 02:57:58.714850
COMP,23.38,23.28,23.36,78000.0,145300.0,0,0,0,0,0,0,299,2026-02-03 02:57:58.714850
RITC,10.79,10.79,10.8,186900.0,181600.0,0,0,0,0,0,0,300,2026-02-03 02:57:59.744363
COMP,23.38,23.28,23.36,86500.0,145300.0,0,0,0,0,0,0,300,2026-02-03 02:57:59.744363
RITC,10.76,10.76,10.8,186700.0,182500.0,0,0,0,0,0,0,301,2026-02-03 02:58:00.765030
COMP,23.27,23.27,23.32,79500.0,144800.0,0,0,0,0,0,0,301,2026-02-03 02:58:00.765030
RITC,10.76,10.76,10.78,186700.0,180800.0,0,0,0,0,0,0,302,2026-02-03 02:58:01.785088
COMP,23.32,23.32,23.36,86700.0,145300.0,0,0,0,0,0,0,302,2026-02-03 02:58:01.785088
RITC,10.75,10.75,10.78,186700.0,180700.0,0,0,0,0,0,0,303,2026-02-03 02:58:02.805359
COMP,23.27,23.27,23.36,79500.0,145300.0,0,0,0,0,0,0,303,2026-02-03 02:58:02.805359
RITC,10.75,10.74,10.75,189900.0,183400.0,0,0,0,0,0,0,304,2026-02-03 02:58:03.824704
COMP,23.27,23.27,23.36,79500.0,145900.0,0,0,0,0,0,0,304,2026-02-03 02:58:03.824704
RITC,10.74,10.72,10.73,189300.0,184400.0,0,0,0,0,0,0,305,2026-02-03 02:58:04.848968
COMP,23.27,23.27,23.31,79500.0,147700.0,0,0,0,0,0,0,305,2026-02-03 02:58:04.848968
RITC,10.72,10.72,10.73,189300.0,185400.0,0,0,0,0,0,0,306,2026-02-03 02:58:05.869178
COMP,23.31,23.27,23.31,79500.0,146800.0,0,0,0,0,0,0,306,2026-02-03 02:58:05.869178
RITC,10.7,10.7,10.73,190200.0,186900.0,0,0,0,0,0,0,307,2026-02-03 02:58:06.889018
COMP,23.27,23.18,23.22,77100.0,147700.0,0,0,0,0,0,0,307,2026-02-03 02:58:06.889018
RITC,10.7,10.7,10.72,191100.0,183900.0,0,0,0,0,0,0,308,2026-02-03 02:58:07.907387
COMP,23.27,23.18,23.22,77100.0,148900.0,0,0,0,0,0,0,308,2026-02-03 02:58:07.907387
RITC,10.7,10.69,10.7,193200.0,181900.0,0,0,0,0,0,0,309,2026-02-03 02:58:08.927282
COMP,23.23,23.18,23.23,77100.0,147400.0,0,0,0,0,0,0,309,2026-02-03 02:58:08.927282
RITC,10.69,10.69,10.7,191700.0,181900.0,0,0,0,0,0,0,310,2026-02-03 02:58:09.950386
COMP,23.23,23.22,23.23,90900.0,147400.0,0,0,0,0,0,0,310,2026-02-03 02:58:09.950386
RITC,10.68,10.68,10.7,192800.0,181900.0,0,0,0,0,0,0,311,2026-02-03 02:58:10.968853
COMP,23.18,23.18,23.23,83700.0,147400.0,0,0,0,0,0,0,311,2026-02-03 02:58:10.968853
RITC,10.68,10.68,10.7,191300.0,182600.0,0,0,0,0,0,0,312,2026-02-03 02:58:11.987228
COMP,23.23,23.24,23.31,90600.0,145700.0,0,0,0,0,0,0,312,2026-02-03 02:58:11.987228
RITC,10.67,10.67,10.7,190800.0,181400.0,0,0,0,0,0,0,313,2026-02-03 02:58:13.012583
COMP,23.23,23.28,23.31,105700.0,145700.0,0,0,0,0,0,0,313,2026-02-03 02:58:13.012583
RITC,10.67,10.66,10.67,191200.0,182500.0,0,0,0,0,0,0,314,2026-02-03 02:58:14.036397
COMP,23.28,23.28,23.31,105700.0,145600.0,0,0,0,0,0,0,314,2026-02-03 02:58:14.036397
RITC,10.67,10.66,10.67,191200.0,183200.0,0,0,0,0,0,0,315,2026-02-03 02:58:15.056380
COMP,23.28,23.28,23.31,105700.0,147100.0,0,0,0,0,0,0,315,2026-02-03 02:58:15.056380
RITC,10.62,10.66,10.67,5000.0,180300.0,183200.0,0,0,0,0,0,316,2026-02-03 02:58:16.081809
COMP,23.28,23.28,23.31,,104800.0,147100.0,0,0,0,0,0,316,2026-02-03 02:58:16.081809
RITC,10.62,10.62,10.65,182000.0,5000.0,181600.0,0,0,0,0,0,317,2026-02-03 02:58:17.101862
COMP,23.28,23.28,23.31,113300.0,,147100.0,0,0,0,0,0,317,2026-02-03 02:58:17.101862
RITC,10.62,10.62,10.64,5000.0,183300.0,181200.0,0,0,0,0,0,318,2026-02-03 02:58:18.124832
COMP,23.28,23.28,23.31,,120300.0,148200.0,0,0,0,0,0,318,2026-02-03 02:58:18.124832
RITC,10.61,10.61,10.62,183300.0,5000.0,182000.0,0,0,0,0,0,319,2026-02-03 02:58:19.148529
COMP,23.28,23.27,23.28,112400.0,,149000.0,0,0,0,0,0,319,2026-02-03 02:58:19.148529
RITC,10.61,10.59,10.6,192000.0,182600.0,0,0,0,0,0,0,320,2026-02-03 02:58:20.168470
COMP,23.27,23.25,23.27,105400.0,151700.0,0,0,0,0,0,0,320,2026-02-03 02:58:20.168470
RITC,10.59,10.57,10.59,192500.0,187800.0,0,0,0,0,0,0,321,2026-02-03 02:58:21.186814
COMP,23.27,23.25,23.27,112800.0,151100.0,0,0,0,0,0,0,321,2026-02-03 02:58:21.186814
RITC,10.57,10.57,10.59,183100.0,5000.0,188900.0,0,0,0,0,0,322,2026-02-03 02:58:22.215371
COMP,23.27,23.25,23.27,112800.0,,151300.0,0,0,0,0,0,322,2026-02-03 02:58:22.215371
RITC,10.57,10.57,10.58,183100.0,5000.0,187700.0,0,0,0,0,0,323,2026-02-03 02:58:23.236844
COMP,23.25,23.25,23.27,106500.0,,151300.0,0,0,0,0,0,323,2026-02-03 02:58:23.236844
RITC,10.57,10.57,10.58,5000.0,184200.0,188000.0,0,0,0,0,0,324,2026-02-03 02:58:24.257998
COMP,23.28,23.27,23.28,,114400.0,149900.0,0,0,0,0,0,324,2026-02-03 02:58:24.257998
RITC,10.57,10.56,10.57,184200.0,5000.0,187000.0,0,0,0,0,0,325,2026-02-03 02:58:25.283602
COMP,23.25,23.25,23.28,106500.0,,149900.0,0,0,0,0,0,325,2026-02-03 02:58:25.283602
RITC,10.57,10.56,10.57,184200.0,5000.0,186200.0,0,0,0,0,0,326,2026-02-03 02:58:25.804457
COMP,23.24,23.24,23.28,99100.0,,149900.0,0,0,0,0,0,326,2026-02-03 02:58:25.804457
RITC,10.56,10.56,10.57,185000.0,5000.0,186200.0,0,0,0,0,0,327,2026-02-03 02:58:26.827255
COMP,23.28,23.24,23.28,99100.0,,150700.0,0,0,0,0,0,327,2026-02-03 02:58:26.827255
RITC,10.56,10.56,10.57,183900.0,5000.0,187300.0,0,0,0,0,0,328,2026-02-03 02:58:27.849090
COMP,23.28,23.24,23.27,99100.0,,150300.0,0,0,0,0,0,328,2026-02-03 02:58:27.849090
RITC,10.55,10.55,10.57,186000.0,5000.0,187900.0,0,0,0,0,0,329,2026-02-03 02:58:28.886667
COMP,23.28,23.24,23.27,99100.0,,150900.0,0,0,0,0,0,329,2026-02-03 02:58:28.886667
RITC,10.55,10.55,10.56,5000.0,188600.0,188400.0,0,0,0,0,0,330,2026-02-03 02:58:29.906335
COMP,23.24,23.18,23.19,,92200.0,148800.0,0,0,0,0,0,330,2026-02-03 02:58:29.906335
RITC,10.57,10.55,10.56,5000.0,188600.0,191000.0,0,0,0,0,0,331,2026-02-03 02:58:30.929896
COMP,23.18,23.1,23.18,,84600.0,148700.0,0,0,0,0,0,331,2026-02-03 02:58:30.929896
RITC,10.57,10.55,10.56,5000.0,185100.0,191000.0,0,0,0,0,0,332,2026-02-03 02:58:31.948414
COMP,23.18,23.14,23.18,,99700.0,148700.0,0,0,0,0,0,332,2026-02-03 02:58:31.948414
RITC,10.55,10.55,10.56,185100.0,5000.0,191000.0,0,0,0,0,0,333,2026-02-03 02:58:32.968725
COMP,23.18,23.18,23.19,116300.0,,148800.0,0,0,0,0,0,333,2026-02-03 02:58:32.968725
RITC,10.55,10.54,10.55,188300.0,5000.0,192200.0,0,0,0,0,0,334,2026-02-03 02:58:33.992665
COMP,23.18,23.14,23.18,108000.0,,149400.0,0,0,0,0,0,334,2026-02-03 02:58:33.992665
RITC,10.54,10.54,10.55,5000.0,192100.0,192200.0,0,0,0,0,0,335,2026-02-03 02:58:35.013283
COMP,23.19,23.14,23.19,,114200.0,148800.0,0,0,0,0,0,335,2026-02-03 02:58:35.013283
RITC,10.54,10.54,10.55,5000.0,192100.0,188200.0,0,0,0,0,0,336,2026-02-03 02:58:36.034716
COMP,23.19,23.14,23.19,,123300.0,148800.0,0,0,0,0,0,336,2026-02-03 02:58:36.034716
RITC,10.54,10.53,10.54,191200.0,5000.0,188100.0,0,0,0,0,0,337,2026-02-03 02:58:37.053217
COMP,23.14,23.14,23.19,130700.0,,148800.0,0,0,0,0,0,337,2026-02-03 02:58:37.053217
RITC,10.53,10.53,10.54,191200.0,5000.0,186900.0,0,0,0,0,0,338,2026-02-03 02:58:38.072501
COMP,23.14,23.14,23.19,139700.0,,148800.0,0,0,0,0,0,338,2026-02-03 02:58:38.072501
RITC,10.53,10.53,10.54,191200.0,5000.0,188200.0,0,0,0,0,0,339,2026-02-03 02:58:39.094052
COMP,23.19,23.19,23.27,148200.0,,148200.0,0,0,0,0,0,339,2026-02-03 02:58:39.094052
RITC,10.53,10.53,10.54,201100.0,188200.0,0,0,0,0,0,0,340,2026-02-03 02:58:40.117487
COMP,23.14,23.14,23.27,131500.0,150000.0,0,0,0,0,0,0,340,2026-02-03 02:58:40.117487
RITC,10.53,10.53,10.54,5000.0,190700.0,189700.0,0,0,0,0,0,341,2026-02-03 02:58:41.139128
COMP,23.14,23.18,23.22,,137600.0,150000.0,0,0,0,0,0,341,2026-02-03 02:58:41.139128
RITC,10.53,10.53,10.54,5000.0,190700.0,191000.0,0,0,0,0,0,342,2026-02-03 02:58:42.163267
COMP,23.14,23.18,23.22,,137600.0,151700.0,0,0,0,0,0,342,2026-02-03 02:58:42.163267
RITC,10.52,10.52,10.53,190700.0,5000.0,190900.0,0,0,0,0,0,343,2026-02-03 02:58:43.185023
COMP,23.22,23.18,23.22,137600.0,,150100.0,0,0,0,0,0,343,2026-02-03 02:58:43.185023
RITC,10.51,10.51,10.53,195000.0,190900.0,0,0,0,0,0,0,344,2026-02-03 02:58:44.208243
COMP,23.22,23.2,23.22,153100.0,150100.0,0,0,0,0,0,0,344,2026-02-03 02:58:44.208243
RITC,10.51,10.51,10.52,5000.0,187100.0,192900.0,0,0,0,0,0,345,2026-02-03 02:58:45.231821
COMP,23.22,23.25,23.27,,151500.0,150000.0,0,0,0,0,0,345,2026-02-03 02:58:45.231821
RITC,10.49,10.47,10.48,182500.0,4000.0,193800.0,0,0,0,0,0,346,2026-02-03 02:58:46.259283
COMP,23.27,23.25,23.27,151500.0,,149600.0,0,0,0,0,0,346,2026-02-03 02:58:46.259283
RITC,10.47,10.46,10.47,194600.0,191800.0,0,0,0,0,0,0,347,2026-02-03 02:58:47.281003
COMP,23.28,23.27,23.28,151900.0,151900.0,0,0,0,0,0,0,347,2026-02-03 02:58:47.281003
RITC,10.49,10.46,10.47,194600.0,194000.0,0,0,0,0,0,0,348,2026-02-03 02:58:48.302714
COMP,23.28,23.27,23.28,149500.0,151900.0,0,0,0,0,0,0,348,2026-02-03 02:58:48.302714
RITC,10.46,10.46,10.47,193400.0,194700.0,0,0,0,0,0,0,349,2026-02-03 02:58:49.322507
COMP,23.28,23.27,23.28,147200.0,150800.0,0,0,0,0,0,0,349,2026-02-03 02:58:49.322507
RITC,10.46,10.46,10.47,193400.0,194800.0,0,0,0,0,0,0,350,2026-02-03 02:58:50.345921
COMP,23.28,23.27,23.28,147800.0,150800.0,0,0,0,0,0,0,350,2026-02-03 02:58:50.345921
RITC,10.45,10.45,10.47,193000.0,195900.0,0,0,0,0,0,0,351,2026-02-03 02:58:51.372964
COMP,23.28,23.27,23.28,147800.0,150400.0,0,0,0,0,0,0,351,2026-02-03 02:58:51.372964
RITC,10.44,10.44,10.47,193800.0,195900.0,0,0,0,0,0,0,352,2026-02-03 02:58:52.395386
COMP,23.28,23.29,23.31,146300.0,151100.0,0,0,0,0,0,0,352,2026-02-03 02:58:52.395386
RITC,10.44,10.43,10.44,193200.0,194500.0,0,0,0,0,0,0,353,2026-02-03 02:58:53.425114
COMP,23.31,23.29,23.31,146300.0,148900.0,0,0,0,0,0,0,353,2026-02-03 02:58:53.425114
RITC,10.43,10.43,10.44,194400.0,194500.0,0,0,0,0,0,0,354,2026-02-03 02:58:53.944052
COMP,23.27,23.26,23.27,146900.0,150600.0,0,0,0,0,0,0,354,2026-02-03 02:58:53.944052
RITC,10.43,10.43,10.44,191900.0,194500.0,0,0,0,0,0,0,355,2026-02-03 02:58:54.965693
COMP,23.27,23.26,23.27,146900.0,151200.0,0,0,0,0,0,0,355,2026-02-03 02:58:54.965693
RITC,10.44,10.44,10.47,192200.0,195800.0,0,0,0,0,0,0,356,2026-02-03 02:58:55.988032
COMP,23.3,23.26,23.3,146900.0,150800.0,0,0,0,0,0,0,356,2026-02-03 02:58:55.988032
RITC,10.43,10.43,10.47,193100.0,192800.0,0,0,0,0,0,0,357,2026-02-03 02:58:57.010867
COMP,23.25,23.25,23.3,149200.0,150800.0,0,0,0,0,0,0,357,2026-02-03 02:58:57.010867
RITC,10.43,10.43,10.45,193100.0,193700.0,0,0,0,0,0,0,358,2026-02-03 02:58:58.031636
COMP,23.25,23.25,23.29,149400.0,152400.0,0,0,0,0,0,0,358,2026-02-03 02:58:58.031636
RITC,10.43,10.43,10.44,193100.0,194300.0,0,0,0,0,0,0,359,2026-02-03 02:58:59.054622
COMP,23.25,23.25,23.29,149400.0,152400.0,0,0,0,0,0,0,359,2026-02-03 02:58:59.054622
RITC,10.43,10.43,10.44,193100.0,193000.0,0,0,0,0,0,0,360,2026-02-03 02:59:00.073799
COMP,23.3,23.25,23.3,149400.0,151200.0,0,0,0,0,0,0,360,2026-02-03 02:59:00.073799
RITC,10.43,10.43,10.44,190300.0,193000.0,0,0,0,0,0,0,361,2026-02-03 02:59:01.096611
COMP,23.3,23.25,23.3,149400.0,148500.0,0,0,0,0,0,0,361,2026-02-03 02:59:01.096611
RITC,10.43,10.41,10.43,190600.0,194300.0,0,0,0,0,0,0,362,2026-02-03 02:59:02.122817
COMP,23.24,23.24,23.3,152700.0,148500.0,0,0,0,0,0,0,362,2026-02-03 02:59:02.122817
RITC,10.43,10.41,10.42,190600.0,194800.0,0,0,0,0,0,0,363,2026-02-03 02:59:03.648776
COMP,23.24,23.24,23.26,152700.0,149800.0,0,0,0,0,0,0,363,2026-02-03 02:59:03.648776
RITC,10.43,10.41,10.42,190600.0,194800.0,0,0,0,0,0,0,364,2026-02-03 02:59:04.171025
COMP,23.23,23.23,23.26,150900.0,149800.0,0,0,0,0,0,0,364,2026-02-03 02:59:04.171025
RITC,10.41,10.41,10.42,190600.0,196700.0,0,0,0,0,0,0,365,2026-02-03 02:59:05.191097
COMP,23.2,23.2,23.26,153100.0,149800.0,0,0,0,0,0,0,365,2026-02-03 02:59:05.191097
RITC,10.41,10.41,10.42,190600.0,197100.0,0,0,0,0,0,0,366,2026-02-03 02:59:06.226856
COMP,23.2,23.2,23.26,153100.0,149000.0,0,0,0,0,0,0,366,2026-02-03 02:59:06.226856
RITC,10.4,10.4,10.42,191600.0,197100.0,0,0,0,0,0,0,367,2026-02-03 02:59:07.256402
COMP,23.2,23.2,23.22,153100.0,149600.0,0,0,0,0,0,0,367,2026-02-03 02:59:07.256402
RITC,10.39,10.39,10.42,193800.0,197700.0,0,0,0,0,0,0,368,2026-02-03 02:59:08.283325
COMP,23.18,23.18,23.22,144700.0,149700.0,0,0,0,0,0,0,368,2026-02-03 02:59:08.283325
RITC,10.39,10.39,10.4,193800.0,201400.0,0,0,0,0,0,0,369,2026-02-03 02:59:09.322037
COMP,23.18,23.14,23.17,138600.0,148000.0,0,0,0,0,0,0,369,2026-02-03 02:59:09.322037
RITC,10.39,10.39,10.4,193800.0,203500.0,0,0,0,0,0,0,370,2026-02-03 02:59:10.357995
COMP,23.18,23.14,23.16,138600.0,148300.0,0,0,0,0,0,0,370,2026-02-03 02:59:10.357995
RITC,10.39,10.39,10.4,193800.0,204200.0,0,0,0,0,0,0,371,2026-02-03 02:59:11.405853
COMP,23.13,23.13,23.16,130300.0,148300.0,0,0,0,0,0,0,371,2026-02-03 02:59:11.405853
RITC,10.39,10.39,10.4,193800.0,205000.0,0,0,0,0,0,0,372,2026-02-03 02:59:12.442902
COMP,23.17,23.13,23.17,130300.0,149800.0,0,0,0,0,0,0,372,2026-02-03 02:59:12.442902
RITC,10.39,10.38,10.39,195300.0,202200.0,0,0,0,0,0,0,373,2026-02-03 02:59:13.481885
COMP,23.12,23.12,23.17,124100.0,149800.0,0,0,0,0,0,0,373,2026-02-03 02:59:13.481885
RITC,10.38,10.38,10.39,196100.0,200700.0,0,0,0,0,0,0,374,2026-02-03 02:59:14.509166
COMP,23.17,23.12,23.17,132100.0,151600.0,0,0,0,0,0,0,374,2026-02-03 02:59:14.509166
RITC,10.38,10.38,10.39,196100.0,197100.0,0,0,0,0,0,0,375,2026-02-03 02:59:15.538370
COMP,23.12,23.12,23.17,124700.0,149900.0,0,0,0,0,0,0,375,2026-02-03 02:59:15.538370
RITC,10.38,10.38,10.39,201200.0,197100.0,0,0,0,0,0,0,376,2026-02-03 02:59:16.563744
COMP,23.12,23.13,23.17,132600.0,149900.0,0,0,0,0,0,0,376,2026-02-03 02:59:16.563744
RITC,10.38,10.38,10.39,200900.0,195400.0,0,0,0,0,0,0,377,2026-02-03 02:59:17.583443
COMP,23.12,23.13,23.17,132600.0,150400.0,0,0,0,0,0,0,377,2026-02-03 02:59:17.583443
RITC,10.37,10.37,10.38,199000.0,192600.0,0,0,0,0,0,0,378,2026-02-03 02:59:18.608485
COMP,23.12,23.12,23.17,124700.0,150400.0,0,0,0,0,0,0,378,2026-02-03 02:59:18.608485
RITC,10.37,10.37,10.38,199000.0,192500.0,0,0,0,0,0,0,379,2026-02-03 02:59:19.129291
COMP,23.12,23.12,23.14,124700.0,151800.0,0,0,0,0,0,0,379,2026-02-03 02:59:19.129291
RITC,10.37,10.37,10.38,199000.0,195000.0,0,0,0,0,0,0,380,2026-02-03 02:59:20.154812
COMP,22.96,23.12,23.14,133400.0,151800.0,0,0,0,0,0,0,380,2026-02-03 02:59:20.154812
RITC,10.37,10.37,10.38,199000.0,190900.0,0,0,0,0,0,0,381,2026-02-03 02:59:21.176186
COMP,23.1,23.1,23.17,110700.0,149200.0,0,0,0,0,0,0,381,2026-02-03 02:59:21.176186
RITC,10.37,10.37,10.38,199000.0,189700.0,0,0,0,0,0,0,382,2026-02-03 02:59:22.195271
COMP,23.06,23.09,23.12,102900.0,149300.0,0,0,0,0,0,0,382,2026-02-03 02:59:22.195271
RITC,10.36,10.36,10.38,197000.0,191400.0,0,0,0,0,0,0,383,2026-02-03 02:59:23.220737
COMP,23.05,23.05,23.12,84900.0,149300.0,0,0,0,0,0,0,383,2026-02-03 02:59:23.220737
RITC,10.34,10.34,10.38,197300.0,191400.0,0,0,0,0,0,0,384,2026-02-03 02:59:24.248938
COMP,23.05,23.05,23.1,84900.0,148700.0,0,0,0,0,0,0,384,2026-02-03 02:59:24.248938
RITC,10.32,10.32,10.37,193500.0,190300.0,0,0,0,0,0,0,385,2026-02-03 02:59:25.270644
COMP,23.05,23.05,23.1,84900.0,148400.0,0,0,0,0,0,0,385,2026-02-03 02:59:25.270644
RITC,10.32,10.32,10.37,191500.0,190300.0,0,0,0,0,0,0,386,2026-02-03 02:59:26.298074
COMP,23.1,23.06,23.1,91000.0,148400.0,0,0,0,0,0,0,386,2026-02-03 02:59:26.298074
RITC,10.32,10.32,10.36,190400.0,189700.0,0,0,0,0,0,0,387,2026-02-03 02:59:27.328170
COMP,23.1,23.06,23.1,91000.0,149700.0,0,0,0,0,0,0,387,2026-02-03 02:59:27.328170
RITC,10.32,10.32,10.36,189500.0,189700.0,0,0,0,0,0,0,388,2026-02-03 02:59:28.355703
COMP,23.12,23.05,23.12,84900.0,149300.0,0,0,0,0,0,0,388,2026-02-03 02:59:28.355703
RITC,10.31,10.31,10.35,189100.0,188100.0,0,0,0,0,0,0,389,2026-02-03 02:59:29.379835
COMP,23.12,23.1,23.12,93200.0,149300.0,0,0,0,0,0,0,389,2026-02-03 02:59:29.379835
RITC,10.31,10.31,10.32,189100.0,184100.0,0,0,0,0,0,0,390,2026-02-03 02:59:30.411307
COMP,23.12,23.12,23.17,108100.0,149200.0,0,0,0,0,0,0,390,2026-02-03 02:59:30.411307
RITC,10.31,10.31,10.32,189100.0,184300.0,0,0,0,0,0,0,391,2026-02-03 02:59:31.444072
COMP,23.12,23.12,23.13,108100.0,149200.0,0,0,0,0,0,0,391,2026-02-03 02:59:31.444072
RITC,10.31,10.31,10.32,187400.0,185200.0,0,0,0,0,0,0,392,2026-02-03 02:59:32.506981
COMP,23.1,23.1,23.13,108500.0,149200.0,0,0,0,0,0,0,392,2026-02-03 02:59:32.506981
RITC,10.31,10.31,10.32,184500.0,185200.0,0,0,0,0,0,0,393,2026-02-03 02:59:33.562350
COMP,23.14,23.1,23.14,108500.0,149400.0,0,0,0,0,0,0,393,2026-02-03 02:59:33.562350
RITC,10.31,10.31,10.32,183700.0,185200.0,0,0,0,0,0,0,394,2026-02-03 02:59:34.589992
COMP,23.17,23.1,23.17,108500.0,149200.0,0,0,0,0,0,0,394,2026-02-03 02:59:34.589992
RITC,10.31,10.31,10.32,183700.0,188300.0,0,0,0,0,0,0,395,2026-02-03 02:59:35.626743
COMP,23.22,23.1,23.22,108500.0,148300.0,0,0,0,0,0,0,395,2026-02-03 02:59:35.626743
RITC,10.31,10.31,10.32,185000.0,189100.0,0,0,0,0,0,0,396,2026-02-03 02:59:36.655155
COMP,23.22,23.1,23.21,108500.0,148100.0,0,0,0,0,0,0,396,2026-02-03 02:59:36.655155
RITC,10.31,10.31,10.32,184700.0,190500.0,0,0,0,0,0,0,397,2026-02-03 02:59:37.676162
COMP,23.08,23.08,23.14,100200.0,148400.0,0,0,0,0,0,0,397,2026-02-03 02:59:37.676162
RITC,10.31,10.31,10.32,184700.0,190500.0,0,0,0,0,0,0,398,2026-02-03 02:59:38.197115
COMP,23.08,23.08,23.14,100200.0,148400.0,0,0,0,0,0,0,398,2026-02-03 02:59:38.197115
RITC,10.31,10.31,10.32,184500.0,190500.0,0,0,0,0,0,0,399,2026-02-03 02:59:39.215553
COMP,23.21,23.08,23.21,100200.0,148100.0,0,0,0,0,0,0,399,2026-02-03 02:59:39.215553
RITC,10.3,10.3,10.32,182000.0,190500.0,0,0,0,0,0,0,400,2026-02-03 02:59:40.242191
COMP,23.21,23.11,23.19,107400.0,147900.0,0,0,0,0,0,0,400,2026-02-03 02:59:40.242191
RITC,10.3,10.3,10.32,184200.0,190500.0,0,0,0,0,0,0,401,2026-02-03 02:59:41.263517
COMP,23.21,23.11,23.14,107400.0,148500.0,0,0,0,0,0,0,401,2026-02-03 02:59:41.263517
RITC,10.3,10.3,10.31,184200.0,193400.0,0,0,0,0,0,0,402,2026-02-03 02:59:42.289493
COMP,23.21,23.11,23.21,107400.0,148100.0,0,0,0,0,0,0,402,2026-02-03 02:59:42.289493
RITC,10.3,10.3,10.31,187100.0,190900.0,0,0,0,0,0,0,403,2026-02-03 02:59:43.309857
COMP,23.11,23.11,23.21,107400.0,148100.0,0,0,0,0,0,0,403,2026-02-03 02:59:43.309857
RITC,10.3,10.3,10.31,190700.0,190900.0,0,0,0,0,0,0,404,2026-02-03 02:59:44.329642
COMP,23.11,23.11,23.21,107400.0,148300.0,0,0,0,0,0,0,404,2026-02-03 02:59:44.329642
RITC,10.3,10.3,10.31,192000.0,192700.0,0,0,0,0,0,0,405,2026-02-03 02:59:45.351383
COMP,23.08,23.08,23.1,100200.0,148900.0,0,0,0,0,0,0,405,2026-02-03 02:59:45.351383
RITC,10.3,10.28,10.29,193500.0,193600.0,0,0,0,0,0,0,406,2026-02-03 02:59:46.372659
COMP,23.08,23.08,23.1,100200.0,148000.0,0,0,0,0,0,0,406,2026-02-03 02:59:46.372659
RITC,10.28,10.28,10.29,193500.0,191200.0,0,0,0,0,0,0,407,2026-02-03 02:59:47.393190
COMP,23.1,23.11,23.14,107400.0,148000.0,0,0,0,0,0,0,407,2026-02-03 02:59:47.393190
RITC,10.28,10.28,10.29,192300.0,191500.0,0,0,0,0,0,0,408,2026-02-03 02:59:48.412396
COMP,23.14,23.19,23.21,122600.0,148300.0,0,0,0,0,0,0,408,2026-02-03 02:59:48.412396
RITC,10.28,10.28,10.29,192300.0,192300.0,0,0,0,0,0,0,409,2026-02-03 02:59:49.436437
COMP,23.14,23.19,23.21,122600.0,148300.0,0,0,0,0,0,0,409,2026-02-03 02:59:49.436437
RITC,10.28,10.28,10.29,192300.0,195000.0,0,0,0,0,0,0,410,2026-02-03 02:59:50.459933
COMP,23.14,23.19,23.21,137700.0,148300.0,0,0,0,0,0,0,410,2026-02-03 02:59:50.459933
RITC,10.27,10.27,10.29,193000.0,195600.0,0,0,0,0,0,0,411,2026-02-03 02:59:51.480060
COMP,23.14,23.19,23.21,144900.0,148300.0,0,0,0,0,0,0,411,2026-02-03 02:59:51.480060
RITC,10.27,10.27,10.29,192400.0,193600.0,0,0,0,0,0,0,412,2026-02-03 02:59:52.502474
COMP,23.18,23.18,23.21,139000.0,148300.0,0,0,0,0,0,0,412,2026-02-03 02:59:52.502474
RITC,10.27,10.27,10.28,192400.0,193000.0,0,0,0,0,0,0,413,2026-02-03 02:59:53.522235
COMP,23.18,23.18,23.21,145600.0,148300.0,0,0,0,0,0,0,413,2026-02-03 02:59:53.522235
RITC,10.26,10.26,10.28,194000.0,193000.0,0,0,0,0,0,0,414,2026-02-03 02:59:54.551588
COMP,23.22,23.18,23.22,145600.0,147600.0,0,0,0,0,0,0,414,2026-02-03 02:59:54.551588
RITC,10.25,10.25,10.28,193900.0,193000.0,0,0,0,0,0,0,415,2026-02-03 02:59:55.571187
COMP,23.22,23.18,23.22,152600.0,147600.0,0,0,0,0,0,0,415,2026-02-03 02:59:55.571187
RITC,10.25,10.25,10.27,193900.0,192300.0,0,0,0,0,0,0,416,2026-02-03 02:59:56.605922
COMP,23.19,23.19,23.22,150100.0,147600.0,0,0,0,0,0,0,416,2026-02-03 02:59:56.605922
RITC,10.25,10.23,10.25,193500.0,190000.0,0,0,0,0,0,0,417,2026-02-03 02:59:57.647099
COMP,23.18,23.18,23.22,144600.0,147600.0,0,0,0,0,0,0,417,2026-02-03 02:59:57.647099
RITC,10.25,10.23,10.25,193500.0,189000.0,0,0,0,0,0,0,418,2026-02-03 02:59:58.683687
COMP,23.18,23.18,23.21,144600.0,148800.0,0,0,0,0,0,0,418,2026-02-03 02:59:58.683687
RITC,10.23,10.23,10.25,193400.0,186300.0,0,0,0,0,0,0,419,2026-02-03 02:59:59.716831
COMP,23.18,23.18,23.21,144600.0,147700.0,0,0,0,0,0,0,419,2026-02-03 02:59:59.716831
RITC,10.25,10.23,10.25,193400.0,188000.0,0,0,0,0,0,0,420,2026-02-03 03:00:00.738066
COMP,23.18,23.18,23.21,144600.0,147200.0,0,0,0,0,0,0,420,2026-02-03 03:00:00.738066
RITC,10.23,10.22,10.23,194700.0,187000.0,0,0,0,0,0,0,421,2026-02-03 03:00:01.762519
COMP,23.18,23.18,23.21,137400.0,148000.0,0,0,0,0,0,0,421,2026-02-03 03:00:01.762519
RITC,10.23,10.22,10.23,194700.0,187000.0,0,0,0,0,0,0,422,2026-02-03 03:00:02.292806
COMP,23.18,23.18,23.21,137400.0,148000.0,0,0,0,0,0,0,422,2026-02-03 03:00:02.292806
RITC,10.23,10.22,10.23,194700.0,188500.0,0,0,0,0,0,0,423,2026-02-03 03:00:03.314706
COMP,23.18,23.18,23.21,137400.0,147800.0,0,0,0,0,0,0,423,2026-02-03 03:00:03.314706
RITC,10.22,10.21,10.22,194500.0,190900.0,0,0,0,0,0,0,424,2026-02-03 03:00:04.337232
COMP,23.16,23.16,23.21,130400.0,147800.0,0,0,0,0,0,0,424,2026-02-03 03:00:04.337232
RITC,10.21,10.21,10.22,194500.0,189500.0,0,0,0,0,0,0,425,2026-02-03 03:00:05.361252
COMP,23.16,23.16,23.21,130400.0,148200.0,0,0,0,0,0,0,425,2026-02-03 03:00:05.361252
RITC,10.21,10.21,10.22,192100.0,187100.0,0,0,0,0,0,0,426,2026-02-03 03:00:06.387420
COMP,23.16,23.12,23.14,122900.0,148700.0,0,0,0,0,0,0,426,2026-02-03 03:00:06.387420
RITC,10.21,10.21,10.22,192100.0,189400.0,0,0,0,0,0,0,427,2026-02-03 03:00:07.409669
COMP,23.12,23.11,23.12,114000.0,147400.0,0,0,0,0,0,0,427,2026-02-03 03:00:07.409669
RITC,10.2,10.2,10.22,193200.0,191500.0,0,0,0,0,0,0,428,2026-02-03 03:00:08.436945
COMP,23.11,23.11,23.12,106800.0,147100.0,0,0,0,0,0,0,428,2026-02-03 03:00:08.436945
RITC,10.2,10.19,10.2,194100.0,194700.0,0,0,0,0,0,0,429,2026-02-03 03:00:09.461530
COMP,23.11,23.11,23.12,106800.0,148100.0,0,0,0,0,0,0,429,2026-02-03 03:00:09.461530
RITC,10.19,10.19,10.2,196100.0,194700.0,0,0,0,0,0,0,430,2026-02-03 03:00:10.482279
COMP,23.04,23.04,23.12,77700.0,148100.0,0,0,0,0,0,0,430,2026-02-03 03:00:10.482279
RITC,10.19,10.19,10.2,196100.0,196200.0,0,0,0,0,0,0,431,2026-02-03 03:00:11.502331
COMP,23.04,23.04,23.12,77700.0,147000.0,0,0,0,0,0,0,431,2026-02-03 03:00:11.502331
RITC,10.19,10.19,10.2,199100.0,198700.0,0,0,0,0,0,0,432,2026-02-03 03:00:12.528385
COMP,22.98,22.98,23.06,78700.0,146600.0,0,0,0,0,0,0,432,2026-02-03 03:00:12.528385
RITC,10.19,10.19,10.2,199100.0,198800.0,0,0,0,0,0,0,433,2026-02-03 03:00:13.554007
COMP,23.02,23.02,23.06,87700.0,146600.0,0,0,0,0,0,0,433,2026-02-03 03:00:13.554007
RITC,10.18,10.18,10.19,198800.0,201400.0,0,0,0,0,0,0,434,2026-02-03 03:00:14.577289
COMP,23.02,23.02,23.03,87700.0,146700.0,0,0,0,0,0,0,434,2026-02-03 03:00:14.577289
RITC,10.18,10.18,10.19,197800.0,201400.0,0,0,0,0,0,0,435,2026-02-03 03:00:15.600759
COMP,22.93,22.93,23.03,79200.0,146300.0,0,0,0,0,0,0,435,2026-02-03 03:00:15.600759
RITC,10.18,10.18,10.19,197800.0,202700.0,0,0,0,0,0,0,436,2026-02-03 03:00:16.619774
COMP,22.93,22.93,23.03,79200.0,146300.0,0,0,0,0,0,0,436,2026-02-03 03:00:16.619774
RITC,10.17,10.17,10.19,199100.0,202700.0,0,0,0,0,0,0,437,2026-02-03 03:00:17.639766
COMP,22.93,22.93,22.95,79200.0,147500.0,0,0,0,0,0,0,437,2026-02-03 03:00:17.639766
RITC,10.17,10.17,10.19,200900.0,204400.0,0,0,0,0,0,0,438,2026-02-03 03:00:18.659488
COMP,22.93,22.93,22.95,79200.0,145700.0,0,0,0,0,0,0,438,2026-02-03 03:00:18.659488
RITC,10.17,10.17,10.19,200400.0,201000.0,0,0,0,0,0,0,439,2026-02-03 03:00:19.678640
COMP,22.92,22.92,22.95,79800.0,145000.0,0,0,0,0,0,0,439,2026-02-03 03:00:19.678640
RITC,10.17,10.17,10.19,201600.0,201300.0,0,0,0,0,0,0,440,2026-02-03 03:00:20.703172
COMP,22.92,22.75,22.92,78600.0,144800.0,0,0,0,0,0,0,440,2026-02-03 03:00:20.703172
RITC,10.17,10.18,10.19,200800.0,201300.0,0,0,0,0,0,0,441,2026-02-03 03:00:21.724967
COMP,22.75,22.75,22.83,79900.0,144800.0,0,0,0,0,0,0,441,2026-02-03 03:00:21.724967
RITC,10.18,10.18,10.19,200800.0,201300.0,0,0,0,0,0,0,442,2026-02-03 03:00:22.746427
COMP,22.75,22.82,22.83,88900.0,144800.0,0,0,0,0,0,0,442,2026-02-03 03:00:22.746427
RITC,10.19,10.18,10.19,200800.0,199600.0,0,0,0,0,0,0,443,2026-02-03 03:00:23.767159
COMP,22.83,22.9,22.92,105200.0,144800.0,0,0,0,0,0,0,443,2026-02-03 03:00:23.767159
RITC,10.16,10.16,10.19,201900.0,199600.0,0,0,0,0,0,0,444,2026-02-03 03:00:24.806917
COMP,22.89,22.82,22.89,88900.0,144000.0,0,0,0,0,0,0,444,2026-02-03 03:00:24.806917
RITC,10.16,10.16,10.19,202500.0,199600.0,0,0,0,0,0,0,445,2026-02-03 03:00:25.840052
COMP,22.89,22.85,22.89,95900.0,145700.0,0,0,0,0,0,0,445,2026-02-03 03:00:25.840052
RITC,10.16,10.16,10.17,202500.0,202800.0,0,0,0,0,0,0,446,2026-02-03 03:00:26.879092
COMP,22.82,22.82,22.89,88900.0,145500.0,0,0,0,0,0,0,446,2026-02-03 03:00:26.879092
RITC,10.15,10.15,10.17,206000.0,202800.0,0,0,0,0,0,0,447,2026-02-03 03:00:27.424874
COMP,22.82,22.82,22.89,88900.0,145500.0,0,0,0,0,0,0,447,2026-02-03 03:00:27.424874
RITC,10.15,10.15,10.17,206000.0,202800.0,0,0,0,0,0,0,448,2026-02-03 03:00:28.445481
COMP,22.82,22.82,22.83,88900.0,145400.0,0,0,0,0,0,0,448,2026-02-03 03:00:28.445481
RITC,10.15,10.15,10.16,205500.0,205200.0,0,0,0,0,0,0,449,2026-02-03 03:00:29.471408
COMP,22.89,22.82,22.89,88900.0,144300.0,0,0,0,0,0,0,449,2026-02-03 03:00:29.471408
RITC,10.15,10.15,10.16,205500.0,203700.0,0,0,0,0,0,0,450,2026-02-03 03:00:30.498859
COMP,22.89,22.82,22.89,95400.0,144300.0,0,0,0,0,0,0,450,2026-02-03 03:00:30.498859
RITC,10.16,10.15,10.16,205500.0,203700.0,0,0,0,0,0,0,451,2026-02-03 03:00:31.526360
COMP,22.89,22.86,22.89,113800.0,144300.0,0,0,0,0,0,0,451,2026-02-03 03:00:31.526360
RITC,10.16,10.15,10.16,205500.0,202300.0,0,0,0,0,0,0,452,2026-02-03 03:00:32.557842
COMP,22.86,22.86,22.89,122900.0,144300.0,0,0,0,0,0,0,452,2026-02-03 03:00:32.557842
RITC,10.16,10.16,10.17,203400.0,203200.0,0,0,0,0,0,0,453,2026-02-03 03:00:33.583731
COMP,22.86,22.86,22.89,122900.0,146000.0,0,0,0,0,0,0,453,2026-02-03 03:00:33.583731
RITC,10.15,10.15,10.17,202300.0,204100.0,0,0,0,0,0,0,454,2026-02-03 03:00:34.605866
COMP,22.92,22.86,22.92,122900.0,147000.0,0,0,0,0,0,0,454,2026-02-03 03:00:34.605866
RITC,10.17,10.15,10.17,202300.0,205300.0,0,0,0,0,0,0,455,2026-02-03 03:00:35.630048
COMP,22.92,22.86,22.92,122900.0,146600.0,0,0,0,0,0,0,455,2026-02-03 03:00:35.630048
RITC,10.17,10.15,10.17,199200.0,205300.0,0,0,0,0,0,0,456,2026-02-03 03:00:36.649662
COMP,22.86,22.86,22.93,113700.0,146500.0,0,0,0,0,0,0,456,2026-02-03 03:00:36.649662
RITC,10.17,10.15,10.17,195400.0,205300.0,0,0,0,0,0,0,457,2026-02-03 03:00:37.678110
COMP,22.95,22.89,22.95,121900.0,144800.0,0,0,0,0,0,0,457,2026-02-03 03:00:37.678110
RITC,10.17,10.15,10.17,193700.0,205300.0,0,0,0,0,0,0,458,2026-02-03 03:00:38.701399
COMP,22.95,22.91,22.95,128100.0,144800.0,0,0,0,0,0,0,458,2026-02-03 03:00:38.701399
RITC,10.17,10.15,10.17,193700.0,205900.0,0,0,0,0,0,0,459,2026-02-03 03:00:39.729994
COMP,22.86,22.86,22.95,113700.0,144800.0,0,0,0,0,0,0,459,2026-02-03 03:00:39.729994
RITC,10.17,10.15,10.17,195800.0,205900.0,0,0,0,0,0,0,460,2026-02-03 03:00:40.752643
COMP,22.95,22.86,22.95,113700.0,144400.0,0,0,0,0,0,0,460,2026-02-03 03:00:40.752643
RITC,10.18,10.16,10.18,195800.0,206700.0,0,0,0,0,0,0,461,2026-02-03 03:00:41.776191
COMP,23.0,22.91,23.0,122300.0,144900.0,0,0,0,0,0,0,461,2026-02-03 03:00:41.776191
RITC,10.19,10.16,10.19,195800.0,205000.0,0,0,0,0,0,0,462,2026-02-03 03:00:42.797410
COMP,23.0,22.91,23.0,129200.0,144900.0,0,0,0,0,0,0,462,2026-02-03 03:00:42.797410
RITC,10.19,10.16,10.19,195800.0,204000.0,0,0,0,0,0,0,463,2026-02-03 03:00:43.817642
COMP,22.91,22.97,23.0,136000.0,144900.0,0,0,0,0,0,0,463,2026-02-03 03:00:43.817642
RITC,10.2,10.18,10.2,194800.0,201200.0,0,0,0,0,0,0,464,2026-02-03 03:00:44.843986
COMP,22.91,22.97,23.0,136000.0,145200.0,0,0,0,0,0,0,464,2026-02-03 03:00:44.843986
RITC,10.16,10.16,10.2,195800.0,201500.0,0,0,0,0,0,0,465,2026-02-03 03:00:45.867136
COMP,23.01,22.97,23.01,143700.0,146500.0,0,0,0,0,0,0,465,2026-02-03 03:00:45.867136
RITC,10.16,10.19,10.2,196300.0,201500.0,0,0,0,0,0,0,466,2026-02-03 03:00:46.892053
COMP,23.01,22.97,23.01,143700.0,146000.0,0,0,0,0,0,0,466,2026-02-03 03:00:46.892053
RITC,10.2,10.19,10.2,196300.0,200900.0,0,0,0,0,0,0,467,2026-02-03 03:00:47.913333
COMP,23.01,22.97,23.01,143700.0,148000.0,0,0,0,0,0,0,467,2026-02-03 03:00:47.913333
RITC,10.19,10.16,10.17,195800.0,200100.0,0,0,0,0,0,0,468,2026-02-03 03:00:48.949176
COMP,23.01,22.97,23.01,143700.0,146500.0,0,0,0,0,0,0,468,2026-02-03 03:00:48.949176
RITC,10.17,10.18,10.2,194300.0,200600.0,0,0,0,0,0,0,469,2026-02-03 03:00:49.983108
COMP,23.01,22.97,23.0,143700.0,146900.0,0,0,0,0,0,0,469,2026-02-03 03:00:49.983108
RITC,10.2,10.18,10.2,194300.0,198300.0,0,0,0,0,0,0,470,2026-02-03 03:00:50.534272
COMP,23.01,22.97,23.0,151900.0,146900.0,0,0,0,0,0,0,470,2026-02-03 03:00:50.534272
RITC,10.18,10.18,10.2,196200.0,198300.0,0,0,0,0,0,0,471,2026-02-03 03:00:51.566486
COMP,23.01,22.97,23.0,151900.0,147600.0,0,0,0,0,0,0,471,2026-02-03 03:00:51.566486
RITC,10.2,10.19,10.2,199500.0,198300.0,0,0,0,0,0,0,472,2026-02-03 03:00:52.592076
COMP,22.91,22.86,22.91,128800.0,147800.0,0,0,0,0,0,0,472,2026-02-03 03:00:52.592076
RITC,10.18,10.18,10.2,196200.0,198300.0,0,0,0,0,0,0,473,2026-02-03 03:00:53.624074
COMP,22.91,22.97,23.0,137300.0,147600.0,0,0,0,0,0,0,473,2026-02-03 03:00:53.624074
RITC,10.18,10.18,10.2,199100.0,197300.0,0,0,0,0,0,0,474,2026-02-03 03:00:54.645139
COMP,22.97,22.97,23.0,137300.0,147600.0,0,0,0,0,0,0,474,2026-02-03 03:00:54.645139
RITC,10.16,10.18,10.19,197400.0,197300.0,0,0,0,0,0,0,475,2026-02-03 03:00:55.667983
COMP,22.97,22.97,23.0,153700.0,147600.0,0,0,0,0,0,0,475,2026-02-03 03:00:55.667983
RITC,10.18,10.18,10.19,197400.0,195500.0,0,0,0,0,0,0,476,2026-02-03 03:00:56.692210
COMP,22.95,22.95,23.0,145200.0,147600.0,0,0,0,0,0,0,476,2026-02-03 03:00:56.692210
RITC,10.18,10.18,10.19,197400.0,198300.0,0,0,0,0,0,0,477,2026-02-03 03:00:57.717399
COMP,23.0,22.98,23.0,152100.0,147500.0,0,0,0,0,0,0,477,2026-02-03 03:00:57.717399
RITC,10.18,10.18,10.19,197400.0,199600.0,0,0,0,0,0,0,478,2026-02-03 03:00:58.743771
COMP,23.01,22.98,23.01,152100.0,144300.0,0,0,0,0,0,0,478,2026-02-03 03:00:58.743771
RITC,10.16,10.15,10.16,195300.0,198400.0,0,0,0,0,0,0,479,2026-02-03 03:00:59.825514
COMP,22.95,22.95,23.01,154000.0,144300.0,0,0,0,0,0,0,479,2026-02-03 03:00:59.825514
RITC,10.15,10.15,10.16,197600.0,198800.0,0,0,0,0,0,0,480,2026-02-03 03:01:00.886628
COMP,22.95,22.98,23.01,160200.0,144600.0,0,0,0,0,0,0,480,2026-02-03 03:01:00.886628
RITC,10.15,10.15,10.16,197600.0,199200.0,0,0,0,0,0,0,481,2026-02-03 03:01:01.913299
COMP,22.95,22.98,23.01,160100.0,144600.0,0,0,0,0,0,0,481,2026-02-03 03:01:01.913299
RITC,10.15,10.15,10.16,195400.0,199200.0,0,0,0,0,0,0,482,2026-02-03 03:01:02.938295
COMP,23.03,23.02,23.03,158900.0,142600.0,0,0,0,0,0,0,482,2026-02-03 03:01:02.938295
RITC,10.15,10.15,10.16,193500.0,198700.0,0,0,0,0,0,0,483,2026-02-03 03:01:03.959215
COMP,23.03,23.02,23.06,158900.0,144100.0,0,0,0,0,0,0,483,2026-02-03 03:01:03.959215
RITC,10.15,10.15,10.16,193500.0,198900.0,0,0,0,0,0,0,484,2026-02-03 03:01:04.981241
COMP,23.03,23.02,23.04,158900.0,142200.0,0,0,0,0,0,0,484,2026-02-03 03:01:04.981241
RITC,10.15,10.15,10.16,196300.0,200600.0,0,0,0,0,0,0,485,2026-02-03 03:01:06.024864
COMP,23.03,23.02,23.04,158900.0,142100.0,0,0,0,0,0,0,485,2026-02-03 03:01:06.024864
RITC,10.15,10.15,10.16,200600.0,200600.0,0,0,0,0,0,0,486,2026-02-03 03:01:07.068084
COMP,23.04,23.02,23.04,158900.0,142100.0,0,0,0,0,0,0,486,2026-02-03 03:01:07.068084
RITC,10.14,10.14,10.16,198200.0,200600.0,0,0,0,0,0,0,487,2026-02-03 03:01:08.100319
COMP,23.04,23.02,23.04,156400.0,142100.0,0,0,0,0,0,0,487,2026-02-03 03:01:08.100319
RITC,10.14,10.14,10.16,198200.0,200600.0,0,0,0,0,0,0,488,2026-02-03 03:01:08.625809
COMP,23.04,23.02,23.04,158200.0,142100.0,0,0,0,0,0,0,488,2026-02-03 03:01:08.625809
RITC,10.14,10.14,10.16,199100.0,200600.0,0,0,0,0,0,0,489,2026-02-03 03:01:09.647198
COMP,23.04,23.02,23.04,158200.0,142100.0,0,0,0,0,0,0,489,2026-02-03 03:01:09.647198
RITC,10.14,10.14,10.16,197000.0,200600.0,0,0,0,0,0,0,490,2026-02-03 03:01:10.669457
COMP,23.06,23.02,23.03,158200.0,143400.0,0,0,0,0,0,0,490,2026-02-03 03:01:10.669457
RITC,10.14,10.14,10.15,198200.0,198200.0,0,0,0,0,0,0,491,2026-02-03 03:01:11.699752
COMP,23.02,23.02,23.03,158200.0,143400.0,0,0,0,0,0,0,491,2026-02-03 03:01:11.699752
RITC,10.14,10.14,10.15,200400.0,198200.0,0,0,0,0,0,0,492,2026-02-03 03:01:12.719554
COMP,22.99,22.99,23.03,158000.0,143400.0,0,0,0,0,0,0,492,2026-02-03 03:01:12.719554
RITC,10.14,10.14,10.15,200200.0,198200.0,0,0,0,0,0,0,493,2026-02-03 03:01:13.744176
COMP,22.99,23.0,23.03,157700.0,143400.0,0,0,0,0,0,0,493,2026-02-03 03:01:13.744176
RITC,10.14,10.14,10.15,201000.0,198400.0,0,0,0,0,0,0,494,2026-02-03 03:01:14.772301
COMP,22.99,22.99,23.03,158000.0,143600.0,0,0,0,0,0,0,494,2026-02-03 03:01:14.772301
RITC,10.14,10.13,10.14,197600.0,202500.0,0,0,0,0,0,0,495,2026-02-03 03:01:15.793691
COMP,22.99,22.99,23.03,156900.0,143600.0,0,0,0,0,0,0,495,2026-02-03 03:01:15.793691
RITC,10.13,10.13,10.14,196300.0,202900.0,0,0,0,0,0,0,496,2026-02-03 03:01:16.813590
COMP,22.98,22.98,23.03,157100.0,143600.0,0,0,0,0,0,0,496,2026-02-03 03:01:16.813590
RITC,10.13,10.13,10.14,193400.0,201500.0,0,0,0,0,0,0,497,2026-02-03 03:01:17.842265
COMP,22.98,22.98,22.99,157100.0,143300.0,0,0,0,0,0,0,497,2026-02-03 03:01:17.842265
RITC,10.13,10.13,10.14,193400.0,201200.0,0,0,0,0,0,0,498,2026-02-03 03:01:18.865600
COMP,22.98,22.98,22.99,157400.0,143300.0,0,0,0,0,0,0,498,2026-02-03 03:01:18.865600
RITC,10.13,10.13,10.14,193100.0,202500.0,0,0,0,0,0,0,499,2026-02-03 03:01:19.890518
COMP,22.99,22.98,22.99,157400.0,144800.0,0,0,0,0,0,0,499,2026-02-03 03:01:19.890518
RITC,10.13,10.13,10.14,192300.0,202500.0,0,0,0,0,0,0,500,2026-02-03 03:01:20.913159
COMP,22.99,22.98,22.99,157400.0,145800.0,0,0,0,0,0,0,500,2026-02-03 03:01:20.913159
RITC,10.12,10.12,10.14,192000.0,202500.0,0,0,0,0,0,0,501,2026-02-03 03:01:21.933451
COMP,22.99,22.98,22.99,157400.0,147600.0,0,0,0,0,0,0,501,2026-02-03 03:01:21.933451
RITC,10.12,10.12,10.14,193600.0,200200.0,0,0,0,0,0,0,502,2026-02-03 03:01:22.956677
COMP,22.99,22.99,23.0,157600.0,147200.0,0,0,0,0,0,0,502,2026-02-03 03:01:22.956677
RITC,10.12,10.12,10.14,193400.0,198600.0,0,0,0,0,0,0,503,2026-02-03 03:01:23.983962
COMP,22.98,22.98,23.0,158400.0,147200.0,0,0,0,0,0,0,503,2026-02-03 03:01:23.983962
RITC,10.12,10.12,10.14,192000.0,195400.0,0,0,0,0,0,0,504,2026-02-03 03:01:25.004766
COMP,22.98,22.96,22.98,160100.0,148400.0,0,0,0,0,0,0,504,2026-02-03 03:01:25.004766
RITC,10.12,10.12,10.14,192000.0,194700.0,0,0,0,0,0,0,505,2026-02-03 03:01:26.031036
COMP,22.98,22.96,22.98,160100.0,148500.0,0,0,0,0,0,0,505,2026-02-03 03:01:26.031036
RITC,10.11,10.11,10.14,190900.0,198200.0,0,0,0,0,0,0,506,2026-02-03 03:01:27.052534
COMP,22.98,22.99,23.0,161000.0,147200.0,0,0,0,0,0,0,506,2026-02-03 03:01:27.052534
RITC,10.11,10.11,10.14,190900.0,198000.0,0,0,0,0,0,0,507,2026-02-03 03:01:28.075136
COMP,22.96,22.96,23.0,160100.0,144700.0,0,0,0,0,0,0,507,2026-02-03 03:01:28.075136
RITC,10.11,10.11,10.13,190900.0,199000.0,0,0,0,0,0,0,508,2026-02-03 03:01:29.096166
COMP,22.96,22.96,23.0,160100.0,144700.0,0,0,0,0,0,0,508,2026-02-03 03:01:29.096166
RITC,10.11,10.11,10.13,193500.0,199000.0,0,0,0,0,0,0,509,2026-02-03 03:01:30.121478
COMP,22.96,22.96,23.0,160300.0,145300.0,0,0,0,0,0,0,509,2026-02-03 03:01:30.121478
RITC,10.11,10.11,10.12,193500.0,197200.0,0,0,0,0,0,0,510,2026-02-03 03:01:31.151130
COMP,22.96,22.96,23.0,160300.0,144500.0,0,0,0,0,0,0,510,2026-02-03 03:01:31.151130
RITC,10.11,10.11,10.12,193500.0,197200.0,0,0,0,0,0,0,511,2026-02-03 03:01:32.181387
COMP,23.0,22.96,23.0,159700.0,144200.0,0,0,0,0,0,0,511,2026-02-03 03:01:32.181387
RITC,10.12,10.11,10.12,193500.0,197500.0,0,0,0,0,0,0,512,2026-02-03 03:01:33.216199
COMP,23.0,22.96,23.0,159700.0,145400.0,0,0,0,0,0,0,512,2026-02-03 03:01:33.216199
RITC,10.12,10.11,10.12,194300.0,198400.0,0,0,0,0,0,0,513,2026-02-03 03:01:34.246951
COMP,22.95,22.95,23.0,156900.0,145400.0,0,0,0,0,0,0,513,2026-02-03 03:01:34.246951
RITC,10.12,10.11,10.12,194300.0,196700.0,0,0,0,0,0,0,514,2026-02-03 03:01:34.790937
COMP,22.95,22.95,22.99,156900.0,144700.0,0,0,0,0,0,0,514,2026-02-03 03:01:34.790937
RITC,10.12,10.11,10.12,195500.0,196700.0,0,0,0,0,0,0,515,2026-02-03 03:01:35.828226
COMP,22.99,22.95,22.99,156900.0,144700.0,0,0,0,0,0,0,515,2026-02-03 03:01:35.828226
RITC,10.12,10.11,10.12,196800.0,196700.0,0,0,0,0,0,0,516,2026-02-03 03:01:36.853234
COMP,23.0,22.95,22.97,156900.0,145500.0,0,0,0,0,0,0,516,2026-02-03 03:01:36.853234
RITC,10.12,10.11,10.12,199700.0,197100.0,0,0,0,0,0,0,517,2026-02-03 03:01:37.884375
COMP,22.94,22.94,22.97,156600.0,145500.0,0,0,0,0,0,0,517,2026-02-03 03:01:37.884375
RITC,10.13,10.11,10.13,199700.0,196000.0,0,0,0,0,0,0,518,2026-02-03 03:01:38.910361
COMP,22.93,22.93,22.96,157800.0,146100.0,0,0,0,0,0,0,518,2026-02-03 03:01:38.910361
RITC,10.14,10.11,10.14,199700.0,195600.0,0,0,0,0,0,0,519,2026-02-03 03:01:39.935155
COMP,22.93,22.93,22.96,155400.0,146100.0,0,0,0,0,0,0,519,2026-02-03 03:01:39.935155
RITC,10.14,10.11,10.14,199700.0,194800.0,0,0,0,0,0,0,520,2026-02-03 03:01:40.960111
COMP,22.93,22.93,22.94,155400.0,147700.0,0,0,0,0,0,0,520,2026-02-03 03:01:40.960111
RITC,10.14,10.11,10.14,197600.0,194300.0,0,0,0,0,0,0,521,2026-02-03 03:01:41.979267
COMP,22.92,22.92,22.94,157100.0,147700.0,0,0,0,0,0,0,521,2026-02-03 03:01:41.979267
RITC,10.14,10.11,10.14,197900.0,194300.0,0,0,0,0,0,0,522,2026-02-03 03:01:43.001006
COMP,22.92,22.92,22.93,157100.0,147500.0,0,0,0,0,0,0,522,2026-02-03 03:01:43.001006
RITC,10.14,10.11,10.14,197900.0,194300.0,0,0,0,0,0,0,523,2026-02-03 03:01:44.021780
COMP,22.92,22.92,22.93,157100.0,149100.0,0,0,0,0,0,0,523,2026-02-03 03:01:44.021780
RITC,10.14,10.11,10.14,197900.0,191800.0,0,0,0,0,0,0,524,2026-02-03 03:01:45.041399
COMP,22.94,22.92,22.94,157100.0,148900.0,0,0,0,0,0,0,524,2026-02-03 03:01:45.041399
RITC,10.14,10.14,10.15,197000.0,195700.0,0,0,0,0,0,0,525,2026-02-03 03:01:46.064227
COMP,22.91,22.91,22.94,156700.0,150600.0,0,0,0,0,0,0,525,2026-02-03 03:01:46.064227
RITC,10.15,10.14,10.15,197000.0,197500.0,0,0,0,0,0,0,526,2026-02-03 03:01:47.086399
COMP,22.91,22.9,22.91,158700.0,152300.0,0,0,0,0,0,0,526,2026-02-03 03:01:47.086399
RITC,10.15,10.14,10.15,197000.0,196100.0,0,0,0,0,0,0,527,2026-02-03 03:01:48.110975
COMP,22.83,22.83,22.91,142900.0,152300.0,0,0,0,0,0,0,527,2026-02-03 03:01:48.110975
RITC,10.16,10.14,10.16,197000.0,197900.0,0,0,0,0,0,0,528,2026-02-03 03:01:49.133491
COMP,22.83,22.83,22.91,150900.0,152300.0,0,0,0,0,0,0,528,2026-02-03 03:01:49.133491
RITC,10.16,10.14,10.16,197000.0,194300.0,0,0,0,0,0,0,529,2026-02-03 03:01:50.155147
COMP,22.83,22.83,22.91,150900.0,151400.0,0,0,0,0,0,0,529,2026-02-03 03:01:50.155147
RITC,10.16,10.14,10.16,197000.0,194300.0,0,0,0,0,0,0,530,2026-02-03 03:01:51.179274
COMP,22.83,22.83,22.9,150900.0,152500.0,0,0,0,0,0,0,530,2026-02-03 03:01:51.179274
RITC,10.16,10.14,10.16,197000.0,192600.0,0,0,0,0,0,0,531,2026-02-03 03:01:52.205698
COMP,22.9,22.83,22.9,150900.0,152500.0,0,0,0,0,0,0,531,2026-02-03 03:01:52.205698
RITC,10.16,10.14,10.16,195600.0,193900.0,0,0,0,0,0,0,532,2026-02-03 03:01:53.227900
COMP,22.82,22.82,22.9,141700.0,152500.0,0,0,0,0,0,0,532,2026-02-03 03:01:53.227900
RITC,10.16,10.15,10.16,198000.0,193900.0,0,0,0,0,0,0,533,2026-02-03 03:01:54.258473
COMP,22.82,22.88,22.9,156000.0,152500.0,0,0,0,0,0,0,533,2026-02-03 03:01:54.258473
RITC,10.16,10.15,10.16,195100.0,190100.0,0,0,0,0,0,0,534,2026-02-03 03:01:55.297151
COMP,22.88,22.84,22.87,148400.0,152600.0,0,0,0,0,0,0,534,2026-02-03 03:01:55.297151
RITC,10.16,10.15,10.16,198300.0,190600.0,0,0,0,0,0,0,535,2026-02-03 03:01:56.330045
COMP,22.87,22.88,22.9,157200.0,152500.0,0,0,0,0,0,0,535,2026-02-03 03:01:56.330045
RITC,10.15,10.15,10.16,198600.0,192600.0,0,0,0,0,0,0,536,2026-02-03 03:01:56.855184
COMP,22.88,22.84,22.87,148400.0,150700.0,0,0,0,0,0,0,536,2026-02-03 03:01:56.855184
RITC,10.16,10.15,10.16,198600.0,191200.0,0,0,0,0,0,0,537,2026-02-03 03:01:57.879475
COMP,22.82,22.82,22.87,141700.0,150700.0,0,0,0,0,0,0,537,2026-02-03 03:01:57.879475
RITC,10.16,10.15,10.16,200700.0,191200.0,0,0,0,0,0,0,538,2026-02-03 03:01:58.909555
COMP,22.82,22.82,22.87,141700.0,150100.0,0,0,0,0,0,0,538,2026-02-03 03:01:58.909555
RITC,10.15,10.14,10.15,197500.0,192800.0,0,0,0,0,0,0,539,2026-02-03 03:01:59.936269
COMP,22.82,22.82,22.9,132700.0,150900.0,0,0,0,0,0,0,539,2026-02-03 03:01:59.936269
RITC,10.14,10.14,10.15,198400.0,191700.0,0,0,0,0,0,0,540,2026-02-03 03:02:00.960339
COMP,22.82,22.82,22.84,132700.0,152300.0,0,0,0,0,0,0,540,2026-02-03 03:02:00.960339
RITC,10.13,10.13,10.15,195400.0,193200.0,0,0,0,0,0,0,541,2026-02-03 03:02:01.985233
COMP,22.73,22.73,22.84,117700.0,152300.0,0,0,0,0,0,0,541,2026-02-03 03:02:01.985233
RITC,10.12,10.12,10.15,198700.0,189400.0,0,0,0,0,0,0,542,2026-02-03 03:02:03.010350
COMP,22.72,22.72,22.81,111300.0,150900.0,0,0,0,0,0,0,542,2026-02-03 03:02:03.010350
RITC,10.12,10.11,10.12,198100.0,187200.0,0,0,0,0,0,0,543,2026-02-03 03:02:04.035397
COMP,22.72,22.72,22.75,111300.0,151700.0,0,0,0,0,0,0,543,2026-02-03 03:02:04.035397
RITC,10.11,10.11,10.12,199300.0,187000.0,0,0,0,0,0,0,544,2026-02-03 03:02:05.057056
COMP,22.72,22.72,22.74,111300.0,151000.0,0,0,0,0,0,0,544,2026-02-03 03:02:05.057056
RITC,10.11,10.11,10.12,201400.0,186100.0,0,0,0,0,0,0,545,2026-02-03 03:02:06.085679
COMP,22.74,22.67,22.74,102800.0,151000.0,0,0,0,0,0,0,545,2026-02-03 03:02:06.085679
RITC,10.11,10.11,10.12,200200.0,186200.0,0,0,0,0,0,0,546,2026-02-03 03:02:07.109286
COMP,22.74,22.67,22.7,102800.0,150300.0,0,0,0,0,0,0,546,2026-02-03 03:02:07.109286
RITC,10.11,10.11,10.12,200200.0,184800.0,0,0,0,0,0,0,547,2026-02-03 03:02:08.130526
COMP,22.74,22.67,22.7,109200.0,150300.0,0,0,0,0,0,0,547,2026-02-03 03:02:08.130526
RITC,10.11,10.11,10.12,202500.0,188000.0,0,0,0,0,0,0,548,2026-02-03 03:02:09.155445
COMP,22.74,22.67,22.7,118300.0,150300.0,0,0,0,0,0,0,548,2026-02-03 03:02:09.155445
RITC,10.11,10.11,10.12,202500.0,190300.0,0,0,0,0,0,0,549,2026-02-03 03:02:10.183797
COMP,22.7,22.73,22.74,127200.0,151100.0,0,0,0,0,0,0,549,2026-02-03 03:02:10.183797
RITC,10.11,10.11,10.12,202500.0,191900.0,0,0,0,0,0,0,550,2026-02-03 03:02:11.202805
COMP,22.7,22.73,22.74,127200.0,151100.0,0,0,0,0,0,0,550,2026-02-03 03:02:11.202805
RITC,10.11,10.11,10.12,201300.0,194300.0,0,0,0,0,0,0,551,2026-02-03 03:02:12.224066
COMP,22.73,22.67,22.72,118300.0,151900.0,0,0,0,0,0,0,551,2026-02-03 03:02:12.224066
RITC,10.11,10.11,10.12,199700.0,194100.0,0,0,0,0,0,0,552,2026-02-03 03:02:13.244490
COMP,22.73,22.67,22.72,118300.0,151900.0,0,0,0,0,0,0,552,2026-02-03 03:02:13.244490
RITC,10.11,10.11,10.12,199400.0,194100.0,0,0,0,0,0,0,553,2026-02-03 03:02:14.263738
COMP,22.67,22.67,22.72,118300.0,151900.0,0,0,0,0,0,0,553,2026-02-03 03:02:14.263738
RITC,10.11,10.11,10.12,198500.0,194100.0,0,0,0,0,0,0,554,2026-02-03 03:02:15.284223
COMP,22.64,22.64,22.72,109500.0,154200.0,0,0,0,0,0,0,554,2026-02-03 03:02:15.284223
RITC,10.1,10.1,10.11,197900.0,197600.0,0,0,0,0,0,0,555,2026-02-03 03:02:16.303482
COMP,22.64,22.64,22.72,100600.0,154200.0,0,0,0,0,0,0,555,2026-02-03 03:02:16.303482
RITC,10.1,10.1,10.11,197900.0,196000.0,0,0,0,0,0,0,556,2026-02-03 03:02:17.333401
COMP,22.72,22.64,22.69,100600.0,156600.0,0,0,0,0,0,0,556,2026-02-03 03:02:17.333401
RITC,10.1,10.1,10.11,197900.0,195900.0,0,0,0,0,0,0,557,2026-02-03 03:02:18.352536
COMP,22.72,22.64,22.67,100600.0,155400.0,0,0,0,0,0,0,557,2026-02-03 03:02:18.352536
RITC,10.1,10.1,10.11,201600.0,197200.0,0,0,0,0,0,0,558,2026-02-03 03:02:19.378470
COMP,22.69,22.61,22.69,84600.0,156600.0,0,0,0,0,0,0,558,2026-02-03 03:02:19.378470
RITC,10.1,10.1,10.11,202500.0,200500.0,,0,0,0,0,0,559,2026-02-03 03:02:20.425538
COMP,22.61,22.61,22.69,84600.0,156600.0,5000.0,0,0,0,0,0,559,2026-02-03 03:02:20.425538
RITC,10.1,10.1,10.11,202500.0,198300.0,,0,0,0,0,0,560,2026-02-03 03:02:21.451310
COMP,22.61,22.61,22.69,84600.0,156400.0,5000.0,0,0,0,0,0,560,2026-02-03 03:02:21.451310
RITC,10.1,10.1,10.11,204700.0,198300.0,,0,0,0,0,0,561,2026-02-03 03:02:22.473817
COMP,22.61,22.61,22.62,84600.0,158400.0,5000.0,0,0,0,0,0,561,2026-02-03 03:02:22.473817
RITC,10.1,10.1,10.11,203500.0,199400.0,,0,0,0,0,0,562,2026-02-03 03:02:23.492964
COMP,22.61,22.61,22.62,84600.0,157000.0,5000.0,0,0,0,0,0,562,2026-02-03 03:02:23.492964
RITC,10.1,10.09,10.1,203300.0,203700.0,,0,0,0,0,0,563,2026-02-03 03:02:24.515107
COMP,22.61,22.61,22.62,76400.0,157400.0,5000.0,0,0,0,0,0,563,2026-02-03 03:02:24.515107
RITC,10.09,10.09,10.1,205500.0,203700.0,,0,0,0,0,0,564,2026-02-03 03:02:25.034712
COMP,22.61,22.61,22.62,76400.0,157200.0,5000.0,0,0,0,0,0,564,2026-02-03 03:02:25.034712
RITC,10.09,10.09,10.1,206000.0,204700.0,,0,0,0,0,0,565,2026-02-03 03:02:26.061976
COMP,22.61,22.61,22.62,76400.0,157400.0,5000.0,0,0,0,0,0,565,2026-02-03 03:02:26.061976
RITC,10.09,10.09,10.1,206000.0,204900.0,,0,0,0,0,0,566,2026-02-03 03:02:27.090837
COMP,22.61,22.61,22.62,76400.0,159800.0,5000.0,0,0,0,0,0,566,2026-02-03 03:02:27.090837
RITC,10.09,10.09,10.1,202400.0,204900.0,0,0,0,0,0,0,567,2026-02-03 03:02:28.112535
COMP,22.61,22.59,22.61,76100.0,159300.0,0,0,0,0,0,0,567,2026-02-03 03:02:28.112535
RITC,10.09,10.09,10.1,201000.0,207600.0,,0,0,0,0,0,568,2026-02-03 03:02:29.148261
COMP,22.61,22.59,22.61,76100.0,159500.0,5000.0,0,0,0,0,0,568,2026-02-03 03:02:29.148261
RITC,10.09,10.09,10.1,201000.0,208500.0,,0,0,0,0,0,569,2026-02-03 03:02:30.171660
COMP,22.61,22.59,22.6,76100.0,157700.0,5000.0,0,0,0,0,0,569,2026-02-03 03:02:30.171660
RITC,10.09,10.09,10.1,202400.0,208500.0,,0,0,0,0,0,570,2026-02-03 03:02:31.193720
COMP,22.61,22.59,22.6,76100.0,157800.0,5000.0,0,0,0,0,0,570,2026-02-03 03:02:31.193720
RITC,10.09,10.09,10.1,202400.0,208500.0,,0,0,0,0,0,571,2026-02-03 03:02:32.216687
COMP,22.59,22.59,22.6,78500.0,157800.0,5000.0,0,0,0,0,0,571,2026-02-03 03:02:32.216687
RITC,10.09,10.09,10.1,202400.0,208500.0,0,0,0,0,0,0,572,2026-02-03 03:02:33.244748
COMP,22.59,22.56,22.57,78500.0,157000.0,0,0,0,0,0,0,572,2026-02-03 03:02:33.244748
RITC,10.09,10.09,10.1,201000.0,208500.0,0,0,0,0,0,0,573,2026-02-03 03:02:34.273679
COMP,22.62,22.56,22.62,78500.0,158400.0,0,0,0,0,0,0,573,2026-02-03 03:02:34.273679
RITC,10.09,10.09,10.1,201900.0,209300.0,0,0,0,0,0,0,574,2026-02-03 03:02:35.299400
COMP,22.63,22.54,22.63,80100.0,158900.0,0,0,0,0,0,0,574,2026-02-03 03:02:35.299400
RITC,10.1,10.08,10.1,202900.0,208100.0,0,0,0,0,0,0,575,2026-02-03 03:02:36.325951
COMP,22.55,22.54,22.55,80100.0,159900.0,0,0,0,0,0,0,575,2026-02-03 03:02:36.325951
RITC,10.08,10.08,10.1,202900.0,208100.0,0,0,0,0,0,0,576,2026-02-03 03:02:37.350813
COMP,22.54,22.51,22.55,79400.0,158700.0,0,0,0,0,0,0,576,2026-02-03 03:02:37.350813
RITC,10.11,10.1,10.11,204600.0,202000.0,0,0,0,0,0,0,577,2026-02-03 03:02:38.371370
COMP,22.54,22.51,22.55,79400.0,159500.0,0,0,0,0,0,0,577,2026-02-03 03:02:38.371370
RITC,10.11,10.1,10.11,204000.0,199900.0,0,0,0,0,0,0,578,2026-02-03 03:02:39.395227
COMP,22.48,22.48,22.55,80600.0,159500.0,0,0,0,0,0,0,578,2026-02-03 03:02:39.395227
RITC,10.11,10.1,10.11,202800.0,199900.0,0,0,0,0,0,0,579,2026-02-03 03:02:40.416400
COMP,22.47,22.47,22.55,80400.0,159200.0,0,0,0,0,0,0,579,2026-02-03 03:02:40.416400
RITC,10.11,10.1,10.11,202800.0,197200.0,0,0,0,0,0,0,580,2026-02-03 03:02:41.436926
COMP,22.47,22.42,22.47,81400.0,159600.0,0,0,0,0,0,0,580,2026-02-03 03:02:41.436926
RITC,10.11,10.1,10.11,200700.0,197200.0,0,0,0,0,0,0,581,2026-02-03 03:02:42.459173
COMP,22.47,22.42,22.45,81400.0,161300.0,0,0,0,0,0,0,581,2026-02-03 03:02:42.459173
RITC,10.11,10.1,10.11,199000.0,196200.0,0,0,0,0,0,0,582,2026-02-03 03:02:43.479236
COMP,22.43,22.43,22.45,88800.0,161300.0,0,0,0,0,0,0,582,2026-02-03 03:02:43.479236
RITC,10.11,10.1,10.11,199000.0,192800.0,0,0,0,0,0,0,583,2026-02-03 03:02:44.501789
COMP,22.42,22.35,22.42,80500.0,161300.0,0,0,0,0,0,0,583,2026-02-03 03:02:44.501789
RITC,10.12,10.1,10.12,196600.0,195300.0,0,0,0,0,0,0,584,2026-02-03 03:02:45.524671
COMP,22.34,22.34,22.42,80500.0,161300.0,0,0,0,0,0,0,584,2026-02-03 03:02:45.524671
RITC,10.12,10.1,10.12,196600.0,191200.0,0,0,0,0,0,0,585,2026-02-03 03:02:46.543825
COMP,22.42,22.42,22.45,165700.0,161300.0,0,0,0,0,0,0,585,2026-02-03 03:02:46.543825
RITC,10.14,10.1,10.14,196600.0,185300.0,0,0,0,0,0,0,586,2026-02-03 03:02:47.570162
COMP,22.42,22.42,22.45,264200.0,161300.0,0,0,0,0,0,0,586,2026-02-03 03:02:47.570162
RITC,10.14,10.1,10.14,263300.0,185300.0,0,0,0,0,0,0,587,2026-02-03 03:02:48.591716
COMP,22.42,22.42,22.45,353700.0,161300.0,0,0,0,0,0,0,587,2026-02-03 03:02:48.591716
RITC,10.14,10.14,10.15,409100.0,187600.0,0,0,0,0,0,0,588,2026-02-03 03:02:49.612028
COMP,22.4,22.4,22.44,276300.0,231600.0,0,0,0,0,0,0,588,2026-02-03 03:02:49.612028
RITC,10.17,10.14,10.17,465600.0,189500.0,0,0,0,0,0,0,589,2026-02-03 03:02:50.633047
COMP,22.4,22.41,22.44,374200.0,231600.0,0,0,0,0,0,0,589,2026-02-03 03:02:50.633047
RITC,10.19,10.15,10.19,543700.0,200500.0,0,0,0,0,0,0,590,2026-02-03 03:02:51.653331
COMP,22.41,22.41,22.43,374200.0,302100.0,0,0,0,0,0,0,590,2026-02-03 03:02:51.653331
RITC,10.19,10.15,10.19,602400.0,200500.0,0,0,0,0,0,0,591,2026-02-03 03:02:52.175101
COMP,22.4,22.35,22.39,177800.0,391800.0,0,0,0,0,0,0,591,2026-02-03 03:02:52.175101
RITC,10.19,10.18,10.19,810200.0,200500.0,0,0,0,0,0,0,592,2026-02-03 03:02:53.198582
COMP,22.39,22.42,22.43,271700.0,302100.0,0,0,0,0,0,0,592,2026-02-03 03:02:53.198582
RITC,10.2,10.19,10.2,881900.0,195700.0,0,0,0,0,0,0,593,2026-02-03 03:02:54.222454
COMP,22.39,22.42,22.43,271700.0,364100.0,0,0,0,0,0,0,593,2026-02-03 03:02:54.222454
RITC,10.22,10.2,10.22,965100.0,187800.0,0,0,0,0,0,0,594,2026-02-03 03:02:55.253154
COMP,22.39,22.42,22.43,350500.0,429600.0,0,0,0,0,0,0,594,2026-02-03 03:02:55.253154
RITC,10.22,10.22,10.23,1121600.0,188800.0,0,0,0,0,0,0,595,2026-02-03 03:02:56.284661
COMP,22.44,22.42,22.44,350500.0,356700.0,0,0,0,0,0,0,595,2026-02-03 03:02:56.284661
RITC,10.22,10.22,10.23,1245100.0,188800.0,0,0,0,0,0,0,596,2026-02-03 03:02:57.304655
COMP,22.44,22.42,22.44,350500.0,349300.0,0,0,0,0,0,0,596,2026-02-03 03:02:57.304655
RITC,10.22,10.22,10.23,1338600.0,188800.0,0,0,0,0,0,0,597,2026-02-03 03:02:58.341859
