ticker,last_price,bid_price,ask_price,BUY_ANON,SELL_ANON,BUY_GIOT-1,SELL_GIOT-2,BUY_GIOT-3,BUY_GIOT-2,SELL_GIOT-1,SELL_GIOT-3,tick,timestamp,news_news_id,news_period,news_tick,news_ticker,news_headline,news_body
RITC,9.99,9.99,10.01,203400.0,203800.0,0,0,0,0,0,0,2,2026-02-03 07:08:16.238419,1.0,1.0,1.0,,Welcome to the RITC 2026 Liquidity Risk Case - practice server,Good Luck!
COMP,25.05,25.0,25.05,146100.0,149000.0,0,0,0,0,0,0,2,2026-02-03 07:08:16.238419,,,,,,
RITC,9.99,9.99,10.01,207000.0,204400.0,0,0,0,0,0,0,3,2026-02-03 07:08:17.277967
COMP,25.1,25.0,25.06,146100.0,150200.0,0,0,0,0,0,0,3,2026-02-03 07:08:17.277967
RITC,9.98,9.98,10.01,206400.0,204400.0,0,0,0,0,0,0,4,2026-02-03 07:08:18.312571
COMP,25.1,25.0,25.06,146600.0,150200.0,0,0,0,0,0,0,4,2026-02-03 07:08:18.312571
RITC,9.98,9.98,10.0,206400.0,205000.0,0,0,0,0,0,0,5,2026-02-03 07:08:19.353101
COMP,25.1,25.03,25.06,146800.0,152000.0,0,0,0,0,0,0,5,2026-02-03 07:08:19.353101
RITC,9.98,9.98,10.0,208200.0,205200.0,0,0,0,0,0,0,6,2026-02-03 07:08:20.390351
COMP,25.03,25.03,25.06,146300.0,152000.0,0,0,0,0,0,0,6,2026-02-03 07:08:20.390351
RITC,9.98,9.98,9.99,208200.0,205200.0,0,0,0,0,0,0,7,2026-02-03 07:08:21.483646
COMP,25.06,25.03,25.06,146300.0,152000.0,0,0,0,0,0,0,7,2026-02-03 07:08:21.483646
RITC,9.98,9.97,9.98,209300.0,206500.0,0,0,0,0,0,0,8,2026-02-03 07:08:22.526135
COMP,25.1,25.03,25.1,146700.0,150300.0,0,0,0,0,0,0,8,2026-02-03 07:08:22.526135
RITC,9.98,9.97,9.98,209300.0,200100.0,0,0,0,0,0,0,9,2026-02-03 07:08:23.553743
COMP,25.1,25.03,25.09,146700.0,150900.0,0,0,0,0,0,0,9,2026-02-03 07:08:23.553743
RITC,9.98,9.97,9.98,209300.0,201300.0,0,0,0,0,0,0,10,2026-02-03 07:08:24.622569
COMP,25.1,25.11,25.13,144800.0,143200.0,0,0,0,0,0,0,10,2026-02-03 07:08:24.622569
RITC,9.97,9.97,9.98,209300.0,198400.0,0,0,0,0,0,0,11,2026-02-03 07:08:25.712256
COMP,25.1,25.11,25.13,145000.0,143200.0,0,0,0,0,0,0,11,2026-02-03 07:08:25.712256
RITC,9.97,9.97,9.98,207000.0,198300.0,0,0,0,0,0,0,12,2026-02-03 07:08:26.745552
COMP,25.1,25.11,25.13,141300.0,143200.0,0,0,0,0,0,0,12,2026-02-03 07:08:26.745552
RITC,9.97,9.97,9.98,207000.0,198300.0,0,0,0,0,0,0,13,2026-02-03 07:08:27.268225
COMP,25.1,25.1,25.13,140900.0,143200.0,0,0,0,0,0,0,13,2026-02-03 07:08:27.268225
RITC,9.97,9.97,9.98,207000.0,199400.0,0,0,0,0,0,0,14,2026-02-03 07:08:28.297425
COMP,25.13,25.1,25.13,140900.0,143200.0,0,0,0,0,0,0,14,2026-02-03 07:08:28.297425
RITC,9.97,9.97,9.98,206900.0,199400.0,0,0,0,0,0,0,15,2026-02-03 07:08:29.328559
COMP,25.1,25.09,25.1,139700.0,149100.0,0,0,0,0,0,0,15,2026-02-03 07:08:29.328559
RITC,9.97,9.96,9.97,208000.0,200500.0,0,0,0,0,0,0,16,2026-02-03 07:08:30.361236
COMP,25.1,25.1,25.13,138800.0,143200.0,0,0,0,0,0,0,16,2026-02-03 07:08:30.361236
RITC,9.96,9.96,9.97,208000.0,201000.0,0,0,0,0,0,0,17,2026-02-03 07:08:31.397268
COMP,25.13,25.1,25.12,138800.0,140700.0,0,0,0,0,0,0,17,2026-02-03 07:08:31.397268
RITC,9.96,9.96,9.97,208000.0,202600.0,0,0,0,0,0,0,18,2026-02-03 07:08:32.424385
COMP,25.13,25.1,25.12,138800.0,148900.0,0,0,0,0,0,0,18,2026-02-03 07:08:32.424385
RITC,9.96,9.96,9.97,196200.0,202600.0,0,0,0,0,0,0,19,2026-02-03 07:08:33.451657
COMP,25.09,25.09,25.13,139700.0,143200.0,0,0,0,0,0,0,19,2026-02-03 07:08:33.451657
RITC,9.96,9.96,9.97,185900.0,204100.0,0,0,0,0,0,0,20,2026-02-03 07:08:34.481736
COMP,25.15,25.09,25.15,139700.0,135000.0,0,0,0,0,0,0,20,2026-02-03 07:08:34.481736
RITC,9.96,9.96,9.97,185900.0,204600.0,0,0,0,0,0,0,21,2026-02-03 07:08:35.507503
COMP,25.15,25.09,25.15,140200.0,135000.0,0,0,0,0,0,0,21,2026-02-03 07:08:35.507503
RITC,9.95,9.95,9.97,175400.0,204600.0,0,0,0,0,0,0,22,2026-02-03 07:08:36.529065
COMP,25.15,25.12,25.15,141600.0,135000.0,0,0,0,0,0,0,22,2026-02-03 07:08:36.529065
RITC,9.94,9.94,9.96,157400.0,202300.0,0,0,0,0,0,0,23,2026-02-03 07:08:37.561079
COMP,25.12,25.09,25.12,140000.0,142800.0,0,0,0,0,0,0,23,2026-02-03 07:08:37.561079
RITC,9.94,9.94,9.96,157400.0,202400.0,0,0,0,0,0,0,24,2026-02-03 07:08:38.596741
COMP,25.09,25.09,25.12,141600.0,142800.0,0,0,0,0,0,0,24,2026-02-03 07:08:38.596741
RITC,9.94,9.94,9.96,149100.0,201500.0,0,0,0,0,0,0,25,2026-02-03 07:08:39.623572
COMP,25.09,25.09,25.12,143000.0,142800.0,0,0,0,0,0,0,25,2026-02-03 07:08:39.623572
RITC,9.93,9.93,9.96,127400.0,201500.0,0,0,0,0,0,0,26,2026-02-03 07:08:40.653444
COMP,25.09,25.09,25.12,144000.0,142800.0,0,0,0,0,0,0,26,2026-02-03 07:08:40.653444
RITC,9.93,9.93,9.96,117100.0,201500.0,0,0,0,0,0,0,27,2026-02-03 07:08:41.682837
COMP,25.12,25.14,25.15,143000.0,135000.0,0,0,0,0,0,0,27,2026-02-03 07:08:41.682837
RITC,9.93,9.93,9.96,117100.0,200600.0,0,0,0,0,0,0,28,2026-02-03 07:08:42.703280
COMP,25.16,25.15,25.16,142500.0,126900.0,0,0,0,0,0,0,28,2026-02-03 07:08:42.703280
RITC,9.93,9.93,9.94,117100.0,203100.0,0,0,0,0,0,0,29,2026-02-03 07:08:43.729141
COMP,25.16,25.16,25.17,140300.0,125100.0,0,0,0,0,0,0,29,2026-02-03 07:08:43.729141
RITC,9.92,9.92,9.94,106800.0,203100.0,0,0,0,0,0,0,30,2026-02-03 07:08:44.750135
COMP,25.15,25.15,25.17,142500.0,125100.0,0,0,0,0,0,0,30,2026-02-03 07:08:44.750135
RITC,9.92,9.92,9.94,104400.0,201600.0,0,0,0,0,0,0,31,2026-02-03 07:08:45.772403
COMP,25.17,25.15,25.17,142500.0,125100.0,0,0,0,0,0,0,31,2026-02-03 07:08:45.772403
RITC,9.92,9.91,9.92,102500.0,203600.0,0,0,0,0,0,0,32,2026-02-03 07:08:46.794251
COMP,25.17,25.17,25.19,141600.0,126300.0,0,0,0,0,0,0,32,2026-02-03 07:08:46.794251
RITC,9.92,9.91,9.92,102500.0,203500.0,0,0,0,0,0,0,33,2026-02-03 07:08:47.817400
COMP,25.17,25.17,25.19,141400.0,126300.0,0,0,0,0,0,0,33,2026-02-03 07:08:47.817400
RITC,9.91,9.91,9.92,102500.0,203500.0,0,0,0,0,0,0,34,2026-02-03 07:08:48.349704
COMP,25.16,25.16,25.19,141500.0,126300.0,0,0,0,0,0,0,34,2026-02-03 07:08:48.349704
RITC,9.91,9.91,9.92,102500.0,199700.0,0,0,0,0,0,0,35,2026-02-03 07:08:49.381135
COMP,25.19,25.16,25.19,141500.0,126300.0,0,0,0,0,0,0,35,2026-02-03 07:08:49.381135
RITC,9.91,9.91,9.92,102500.0,198900.0,0,0,0,0,0,0,36,2026-02-03 07:08:50.406800
COMP,25.21,25.16,25.21,141500.0,118200.0,0,0,0,0,0,0,36,2026-02-03 07:08:50.406800
RITC,9.91,9.91,9.92,98200.0,198900.0,0,0,0,0,0,0,37,2026-02-03 07:08:51.427834
COMP,25.21,25.19,25.21,141800.0,126100.0,0,0,0,0,0,0,37,2026-02-03 07:08:51.427834
RITC,9.9,9.9,9.92,97700.0,198200.0,0,0,0,0,0,0,38,2026-02-03 07:08:52.450258
COMP,25.21,25.19,25.21,141800.0,133500.0,0,0,0,0,0,0,38,2026-02-03 07:08:52.450258
RITC,9.9,9.9,9.91,99500.0,200700.0,0,0,0,0,0,0,39,2026-02-03 07:08:53.475719
COMP,25.19,25.19,25.21,141800.0,139500.0,0,0,0,0,0,0,39,2026-02-03 07:08:53.475719
RITC,9.86,9.86,9.9,100600.0,199600.0,0,0,0,0,0,0,40,2026-02-03 07:08:54.508037
COMP,25.19,25.19,25.21,141800.0,146300.0,0,0,0,0,0,0,40,2026-02-03 07:08:54.508037
RITC,9.86,9.86,9.87,100600.0,201300.0,0,0,0,0,0,0,41,2026-02-03 07:08:55.535785
COMP,25.16,25.15,25.17,142500.0,146100.0,0,0,0,0,0,0,41,2026-02-03 07:08:55.535785
RITC,9.86,9.86,9.87,100600.0,198200.0,0,0,0,0,0,0,42,2026-02-03 07:08:56.559392
COMP,25.16,25.15,25.17,142500.0,144800.0,0,0,0,0,0,0,42,2026-02-03 07:08:56.559392
RITC,9.85,9.85,9.86,100700.0,195600.0,0,0,0,0,0,0,43,2026-02-03 07:08:57.584163
COMP,25.14,25.14,25.15,143000.0,145200.0,0,0,0,0,0,0,43,2026-02-03 07:08:57.584163
RITC,9.84,9.84,9.85,102800.0,198700.0,0,0,0,0,0,0,44,2026-02-03 07:08:58.610798
COMP,25.14,25.14,25.15,143000.0,145200.0,0,0,0,0,0,0,44,2026-02-03 07:08:58.610798
RITC,9.84,9.84,9.85,102800.0,198700.0,0,0,0,0,0,0,45,2026-02-03 07:08:59.636929
COMP,25.14,25.14,25.15,144800.0,143200.0,0,0,0,0,0,0,45,2026-02-03 07:08:59.636929
RITC,9.84,9.82,9.84,104000.0,201000.0,0,0,0,0,0,0,46,2026-02-03 07:09:00.672082
COMP,25.08,25.08,25.1,144800.0,141100.0,0,0,0,0,0,0,46,2026-02-03 07:09:00.672082
RITC,9.82,9.8,9.82,105500.0,203200.0,0,0,0,0,0,0,47,2026-02-03 07:09:01.696721
COMP,25.08,25.08,25.1,142300.0,140200.0,0,0,0,0,0,0,47,2026-02-03 07:09:01.696721
RITC,9.78,9.75,9.78,106700.0,204100.0,0,0,0,0,0,0,48,2026-02-03 07:09:02.719692
COMP,25.07,25.07,25.1,142700.0,140200.0,0,0,0,0,0,0,48,2026-02-03 07:09:02.719692
RITC,9.78,9.8,9.81,117100.0,203400.0,0,0,0,0,0,0,49,2026-02-03 07:09:03.745141
COMP,25.07,25.07,25.1,146800.0,140200.0,0,0,0,0,0,0,49,2026-02-03 07:09:03.745141
RITC,9.8,9.75,9.8,118400.0,202900.0,0,0,0,0,0,0,50,2026-02-03 07:09:04.777940
COMP,25.07,25.07,25.09,146800.0,140900.0,0,0,0,0,0,0,50,2026-02-03 07:09:04.777940
RITC,9.8,9.77,9.8,128100.0,202900.0,0,0,0,0,0,0,51,2026-02-03 07:09:05.810048
COMP,25.07,25.07,25.09,145800.0,140900.0,0,0,0,0,0,0,51,2026-02-03 07:09:05.810048
RITC,9.8,9.78,9.8,136800.0,202900.0,0,0,0,0,0,0,52,2026-02-03 07:09:06.839304
COMP,25.07,25.07,25.09,145800.0,141300.0,0,0,0,0,0,0,52,2026-02-03 07:09:06.839304
RITC,9.8,9.78,9.8,146000.0,203000.0,0,0,0,0,0,0,53,2026-02-03 07:09:07.870705
COMP,25.05,25.07,25.09,146000.0,141300.0,0,0,0,0,0,0,53,2026-02-03 07:09:07.870705
RITC,9.8,9.78,9.8,155300.0,202800.0,0,0,0,0,0,0,54,2026-02-03 07:09:08.898370
COMP,25.05,25.07,25.09,146000.0,141200.0,0,0,0,0,0,0,54,2026-02-03 07:09:08.898370
RITC,9.8,9.78,9.79,167500.0,204100.0,0,0,0,0,0,0,55,2026-02-03 07:09:09.931306
COMP,25.05,25.07,25.08,146000.0,139200.0,0,0,0,0,0,0,55,2026-02-03 07:09:09.931306
RITC,9.78,9.78,9.79,158800.0,204100.0,0,0,0,0,0,0,56,2026-02-03 07:09:10.456271
COMP,25.07,25.07,25.08,146000.0,139200.0,0,0,0,0,0,0,56,2026-02-03 07:09:10.456271
RITC,9.79,9.78,9.79,170200.0,204100.0,0,0,0,0,0,0,57,2026-02-03 07:09:11.509789
COMP,25.07,25.07,25.08,146000.0,138400.0,0,0,0,0,0,0,57,2026-02-03 07:09:11.509789
RITC,9.78,9.78,9.8,170200.0,202800.0,0,0,0,0,0,0,58,2026-02-03 07:09:12.532149
COMP,25.07,25.07,25.08,146300.0,138400.0,0,0,0,0,0,0,58,2026-02-03 07:09:12.532149
RITC,9.8,9.8,9.81,192000.0,203400.0,0,0,0,0,0,0,59,2026-02-03 07:09:13.553091
COMP,25.07,25.07,25.08,146300.0,142100.0,0,0,0,0,0,0,59,2026-02-03 07:09:13.553091
RITC,9.81,9.8,9.81,203700.0,203400.0,0,0,0,0,0,0,60,2026-02-03 07:09:14.581662
COMP,25.07,25.07,25.08,146300.0,143000.0,0,0,0,0,0,0,60,2026-02-03 07:09:14.581662
RITC,9.84,9.8,9.84,215800.0,203000.0,0,0,0,0,0,0,61,2026-02-03 07:09:15.616666
COMP,25.05,25.05,25.08,145600.0,142600.0,0,0,0,0,0,0,61,2026-02-03 07:09:15.616666
RITC,9.84,9.83,9.84,214900.0,200800.0,0,0,0,0,0,0,62,2026-02-03 07:09:16.639952
COMP,25.05,25.05,25.07,145600.0,142600.0,0,0,0,0,0,0,62,2026-02-03 07:09:16.639952
RITC,9.84,9.83,9.84,215700.0,201000.0,0,0,0,0,0,0,63,2026-02-03 07:09:17.664810
COMP,25.05,25.03,25.05,146700.0,143300.0,0,0,0,0,0,0,63,2026-02-03 07:09:17.664810
RITC,9.85,9.84,9.85,214100.0,200500.0,0,0,0,0,0,0,64,2026-02-03 07:09:18.690187
COMP,25.03,25.03,25.05,145900.0,143300.0,0,0,0,0,0,0,64,2026-02-03 07:09:18.690187
RITC,9.85,9.84,9.85,210500.0,200500.0,0,0,0,0,0,0,65,2026-02-03 07:09:19.707912
COMP,25.08,25.03,25.08,145900.0,142600.0,0,0,0,0,0,0,65,2026-02-03 07:09:19.707912
RITC,9.86,9.84,9.86,210500.0,198900.0,0,0,0,0,0,0,66,2026-02-03 07:09:20.734066
COMP,25.01,25.01,25.08,146100.0,142600.0,0,0,0,0,0,0,66,2026-02-03 07:09:20.734066
RITC,9.87,9.86,9.87,207800.0,198300.0,0,0,0,0,0,0,67,2026-02-03 07:09:21.759761
COMP,25.01,25.01,25.02,146100.0,143500.0,0,0,0,0,0,0,67,2026-02-03 07:09:21.759761
RITC,9.89,9.86,9.89,207800.0,200300.0,0,0,0,0,0,0,68,2026-02-03 07:09:22.783112
COMP,25.01,25.01,25.02,146100.0,143700.0,0,0,0,0,0,0,68,2026-02-03 07:09:22.783112
RITC,9.89,9.88,9.89,207500.0,200300.0,0,0,0,0,0,0,69,2026-02-03 07:09:23.806223
COMP,25.01,25.01,25.02,145400.0,143200.0,0,0,0,0,0,0,69,2026-02-03 07:09:23.806223
RITC,9.91,9.88,9.91,207100.0,200600.0,0,0,0,0,0,0,70,2026-02-03 07:09:24.831469
COMP,25.01,25.01,25.02,145400.0,142600.0,0,0,0,0,0,0,70,2026-02-03 07:09:24.831469
RITC,9.91,9.88,9.91,206200.0,200600.0,0,0,0,0,0,0,71,2026-02-03 07:09:25.856230
COMP,25.01,25.01,25.02,145900.0,142600.0,0,0,0,0,0,0,71,2026-02-03 07:09:25.856230
RITC,9.91,9.91,9.92,206700.0,201600.0,0,0,0,0,0,0,72,2026-02-03 07:09:26.880166
COMP,24.98,24.98,25.01,147700.0,142100.0,0,0,0,0,0,0,72,2026-02-03 07:09:26.880166
RITC,9.93,9.91,9.93,206700.0,198900.0,0,0,0,0,0,0,73,2026-02-03 07:09:27.919580
COMP,24.98,24.98,25.01,145700.0,142100.0,0,0,0,0,0,0,73,2026-02-03 07:09:27.919580
RITC,9.93,9.92,9.93,206700.0,196100.0,0,0,0,0,0,0,74,2026-02-03 07:09:28.961329
COMP,24.97,24.97,25.01,145500.0,142100.0,0,0,0,0,0,0,74,2026-02-03 07:09:28.961329
RITC,9.91,9.88,9.9,208700.0,198500.0,0,0,0,0,0,0,75,2026-02-03 07:09:29.994764
COMP,24.97,24.97,25.01,147200.0,141600.0,0,0,0,0,0,0,75,2026-02-03 07:09:29.994764
RITC,9.9,9.9,9.93,207700.0,196100.0,0,0,0,0,0,0,76,2026-02-03 07:09:30.540384
COMP,24.97,24.97,25.01,147200.0,140000.0,0,0,0,0,0,0,76,2026-02-03 07:09:30.540384
RITC,9.93,9.9,9.93,207700.0,199000.0,0,0,0,0,0,0,77,2026-02-03 07:09:31.575949
COMP,24.97,24.97,25.01,147000.0,140000.0,0,0,0,0,0,0,77,2026-02-03 07:09:31.575949
RITC,9.93,9.92,9.93,205000.0,199700.0,0,0,0,0,0,0,78,2026-02-03 07:09:32.632497
COMP,24.97,24.97,25.01,146400.0,140000.0,0,0,0,0,0,0,78,2026-02-03 07:09:32.632497
RITC,9.94,9.93,9.94,205500.0,202800.0,0,0,0,0,0,0,79,2026-02-03 07:09:33.660192
COMP,24.97,24.97,25.01,146400.0,140000.0,0,0,0,0,0,0,79,2026-02-03 07:09:33.660192
RITC,9.94,9.93,9.94,203500.0,203000.0,0,0,0,0,0,0,80,2026-02-03 07:09:34.685922
COMP,24.97,24.97,24.98,146400.0,143800.0,0,0,0,0,0,0,80,2026-02-03 07:09:34.685922
RITC,9.94,9.93,9.94,201500.0,203000.0,0,0,0,0,0,0,81,2026-02-03 07:09:35.720959
COMP,24.97,24.97,24.98,147400.0,143800.0,0,0,0,0,0,0,81,2026-02-03 07:09:35.720959
RITC,9.95,9.93,9.95,201200.0,199500.0,0,0,0,0,0,0,82,2026-02-03 07:09:36.753735
COMP,24.97,24.97,24.98,147000.0,143800.0,0,0,0,0,0,0,82,2026-02-03 07:09:36.753735
RITC,9.95,9.94,9.95,195700.0,199500.0,0,0,0,0,0,0,83,2026-02-03 07:09:37.785448
COMP,24.97,24.97,24.98,147000.0,144500.0,0,0,0,0,0,0,83,2026-02-03 07:09:37.785448
RITC,9.95,9.94,9.95,195700.0,200100.0,0,0,0,0,0,0,84,2026-02-03 07:09:38.827424
COMP,24.97,24.97,24.98,146000.0,144500.0,0,0,0,0,0,0,84,2026-02-03 07:09:38.827424
RITC,9.95,9.94,9.95,195700.0,200100.0,0,0,0,0,0,0,85,2026-02-03 07:09:39.863708
COMP,24.96,24.96,24.98,146000.0,144500.0,0,0,0,0,0,0,85,2026-02-03 07:09:39.863708
RITC,9.96,9.94,9.96,194200.0,204000.0,0,0,0,0,0,0,86,2026-02-03 07:09:40.891560
COMP,24.96,24.96,24.98,145800.0,144500.0,0,0,0,0,0,0,86,2026-02-03 07:09:40.891560
RITC,9.94,9.93,9.94,197000.0,203800.0,0,0,0,0,0,0,87,2026-02-03 07:09:41.921971
COMP,24.96,24.96,24.98,145700.0,144500.0,0,0,0,0,0,0,87,2026-02-03 07:09:41.921971
RITC,9.94,9.93,9.94,197100.0,205500.0,0,0,0,0,0,0,88,2026-02-03 07:09:42.948237
COMP,24.96,24.97,24.98,145700.0,144500.0,0,0,0,0,0,0,88,2026-02-03 07:09:42.948237
RITC,9.94,9.95,9.96,198500.0,204000.0,0,0,0,0,0,0,89,2026-02-03 07:09:43.968505
COMP,24.98,24.97,24.98,145700.0,144500.0,0,0,0,0,0,0,89,2026-02-03 07:09:43.968505
RITC,9.96,9.95,9.96,194500.0,203200.0,0,0,0,0,0,0,90,2026-02-03 07:09:45.005201
COMP,24.98,24.97,24.98,144400.0,144500.0,0,0,0,0,0,0,90,2026-02-03 07:09:45.005201
RITC,9.95,9.95,9.96,192400.0,203200.0,0,0,0,0,0,0,91,2026-02-03 07:09:46.037316
COMP,24.96,24.96,24.98,144300.0,144500.0,0,0,0,0,0,0,91,2026-02-03 07:09:46.037316
RITC,9.96,9.95,9.96,192400.0,206600.0,0,0,0,0,0,0,92,2026-02-03 07:09:47.060039
COMP,24.96,24.96,24.98,145300.0,144500.0,0,0,0,0,0,0,92,2026-02-03 07:09:47.060039
RITC,9.95,9.93,9.94,197100.0,206200.0,0,0,0,0,0,0,93,2026-02-03 07:09:48.085167
COMP,25.01,24.96,25.01,144000.0,143600.0,0,0,0,0,0,0,93,2026-02-03 07:09:48.085167
RITC,9.93,9.93,9.94,199100.0,206200.0,0,0,0,0,0,0,94,2026-02-03 07:09:48.610376
COMP,25.02,24.96,25.02,144000.0,142100.0,0,0,0,0,0,0,94,2026-02-03 07:09:48.610376
RITC,9.93,9.93,9.94,198400.0,206200.0,0,0,0,0,0,0,95,2026-02-03 07:09:49.643331
COMP,25.02,24.96,25.01,144000.0,142500.0,0,0,0,0,0,0,95,2026-02-03 07:09:49.643331
RITC,9.94,9.94,9.96,199700.0,206600.0,0,0,0,0,0,0,96,2026-02-03 07:09:50.670899
COMP,24.96,24.96,24.99,143500.0,142200.0,0,0,0,0,0,0,96,2026-02-03 07:09:50.670899
RITC,9.93,9.94,9.96,197400.0,206600.0,0,0,0,0,0,0,97,2026-02-03 07:09:51.698511
COMP,24.96,24.98,24.99,142200.0,142200.0,0,0,0,0,0,0,97,2026-02-03 07:09:51.698511
RITC,9.93,9.95,9.96,194300.0,206600.0,0,0,0,0,0,0,98,2026-02-03 07:09:52.723083
COMP,24.96,24.96,24.99,143700.0,142200.0,0,0,0,0,0,0,98,2026-02-03 07:09:52.723083
RITC,9.93,9.95,9.96,195900.0,206600.0,0,0,0,0,0,0,99,2026-02-03 07:09:53.759764
COMP,24.96,24.97,24.99,144400.0,142200.0,0,0,0,0,0,0,99,2026-02-03 07:09:53.759764
RITC,9.93,9.95,9.96,196500.0,206600.0,0,0,0,0,0,0,100,2026-02-03 07:09:54.786211
COMP,24.97,24.97,24.99,144400.0,142200.0,0,0,0,0,0,0,100,2026-02-03 07:09:54.786211
RITC,9.96,9.95,9.96,196500.0,203600.0,0,0,0,0,0,0,101,2026-02-03 07:09:55.824694
COMP,24.97,24.97,24.99,145300.0,141200.0,0,0,0,0,0,0,101,2026-02-03 07:09:55.824694
RITC,9.97,9.95,9.97,196500.0,201200.0,0,0,0,0,0,0,102,2026-02-03 07:09:56.854327
COMP,24.97,24.97,24.99,145300.0,141500.0,0,0,0,0,0,0,102,2026-02-03 07:09:56.854327
RITC,9.97,9.95,9.97,198500.0,199300.0,0,0,0,0,0,0,103,2026-02-03 07:09:57.898111
COMP,24.99,24.97,24.99,145300.0,143500.0,0,0,0,0,0,0,103,2026-02-03 07:09:57.898111
RITC,9.98,9.96,9.98,197800.0,201000.0,0,0,0,0,0,0,104,2026-02-03 07:09:58.946497
COMP,24.97,24.96,24.97,144600.0,141700.0,0,0,0,0,0,0,104,2026-02-03 07:09:58.946497
RITC,9.98,9.97,9.98,200300.0,201000.0,0,0,0,0,0,0,105,2026-02-03 07:09:59.977754
COMP,24.97,24.96,24.97,144600.0,140000.0,0,0,0,0,0,0,105,2026-02-03 07:09:59.977754
RITC,9.98,9.97,9.98,202100.0,203000.0,0,0,0,0,0,0,106,2026-02-03 07:10:01.029647
COMP,24.97,24.96,24.97,143600.0,138500.0,0,0,0,0,0,0,106,2026-02-03 07:10:01.029647
RITC,9.98,9.97,9.98,199500.0,203000.0,0,0,0,0,0,0,107,2026-02-03 07:10:02.064758
COMP,24.97,24.96,24.97,143600.0,138500.0,0,0,0,0,0,0,107,2026-02-03 07:10:02.064758
RITC,9.98,9.97,9.98,199500.0,203200.0,0,0,0,0,0,0,108,2026-02-03 07:10:03.113671
COMP,24.97,24.96,24.97,144800.0,139200.0,0,0,0,0,0,0,108,2026-02-03 07:10:03.113671
RITC,9.98,9.97,9.98,199500.0,200700.0,0,0,0,0,0,0,109,2026-02-03 07:10:04.155593
COMP,24.97,24.96,24.97,144800.0,138500.0,0,0,0,0,0,0,109,2026-02-03 07:10:04.155593
RITC,9.98,9.97,9.98,200500.0,200700.0,0,0,0,0,0,0,110,2026-02-03 07:10:05.196953
COMP,24.95,24.95,24.97,145300.0,138500.0,0,0,0,0,0,0,110,2026-02-03 07:10:05.196953
RITC,9.99,9.97,9.99,200500.0,198300.0,0,0,0,0,0,0,111,2026-02-03 07:10:06.229877
COMP,24.94,24.94,24.97,145200.0,138500.0,0,0,0,0,0,0,111,2026-02-03 07:10:06.229877
RITC,9.99,9.97,9.99,200500.0,200700.0,0,0,0,0,0,0,112,2026-02-03 07:10:06.755613
COMP,24.97,24.94,24.97,145200.0,139200.0,0,0,0,0,0,0,112,2026-02-03 07:10:06.755613
RITC,9.99,9.97,9.99,200500.0,202800.0,0,0,0,0,0,0,113,2026-02-03 07:10:07.791001
COMP,24.97,24.94,24.97,145900.0,139200.0,0,0,0,0,0,0,113,2026-02-03 07:10:07.791001
RITC,9.99,9.97,9.98,200500.0,203100.0,0,0,0,0,0,0,114,2026-02-03 07:10:08.817872
COMP,25.01,24.94,25.01,145300.0,138700.0,0,0,0,0,0,0,114,2026-02-03 07:10:08.817872
RITC,9.98,9.97,9.98,200100.0,203100.0,0,0,0,0,0,0,115,2026-02-03 07:10:09.843496
COMP,25.01,24.97,25.01,145300.0,138700.0,0,0,0,0,0,0,115,2026-02-03 07:10:09.843496
RITC,10.0,9.97,10.0,200100.0,199500.0,0,0,0,0,0,0,116,2026-02-03 07:10:10.867169
COMP,25.01,24.98,25.01,146700.0,138700.0,0,0,0,0,0,0,116,2026-02-03 07:10:10.867169
RITC,10.0,9.97,10.0,200100.0,198200.0,0,0,0,0,0,0,117,2026-02-03 07:10:11.890885
COMP,25.01,24.99,25.01,143400.0,138700.0,0,0,0,0,0,0,117,2026-02-03 07:10:11.890885
RITC,9.97,9.97,10.0,200100.0,197300.0,0,0,0,0,0,0,118,2026-02-03 07:10:12.918488
COMP,25.01,24.99,25.01,142800.0,139500.0,0,0,0,0,0,0,118,2026-02-03 07:10:12.918488
RITC,10.0,9.98,10.0,204000.0,198600.0,0,0,0,0,0,0,119,2026-02-03 07:10:13.945469
COMP,25.01,24.99,25.01,142800.0,139100.0,0,0,0,0,0,0,119,2026-02-03 07:10:13.945469
RITC,10.0,9.98,10.0,204000.0,200500.0,0,0,0,0,0,0,120,2026-02-03 07:10:14.973032
COMP,25.01,24.99,25.01,142400.0,140700.0,0,0,0,0,0,0,120,2026-02-03 07:10:14.973032
RITC,10.0,9.98,10.0,203800.0,199000.0,0,0,0,0,0,0,121,2026-02-03 07:10:15.997413
COMP,25.01,25.0,25.01,140900.0,140700.0,0,0,0,0,0,0,121,2026-02-03 07:10:15.997413
RITC,10.0,10.0,10.01,207100.0,200300.0,0,0,0,0,0,0,122,2026-02-03 07:10:17.021684
COMP,25.01,25.0,25.01,140600.0,140700.0,0,0,0,0,0,0,122,2026-02-03 07:10:17.021684
RITC,10.0,10.0,10.01,206300.0,200300.0,0,0,0,0,0,0,123,2026-02-03 07:10:18.048119
COMP,25.02,25.0,25.02,140100.0,140700.0,0,0,0,0,0,0,123,2026-02-03 07:10:18.048119
RITC,10.01,10.0,10.01,205500.0,202800.0,0,0,0,0,0,0,124,2026-02-03 07:10:19.073901
COMP,25.02,25.01,25.02,142700.0,140700.0,0,0,0,0,0,0,124,2026-02-03 07:10:19.073901
RITC,10.01,10.0,10.01,205500.0,202800.0,0,0,0,0,0,0,125,2026-02-03 07:10:20.106493
COMP,25.02,25.01,25.02,144700.0,139900.0,0,0,0,0,0,0,125,2026-02-03 07:10:20.106493
RITC,10.01,10.0,10.01,205400.0,198700.0,0,0,0,0,0,0,126,2026-02-03 07:10:21.136708
COMP,25.02,25.01,25.02,145500.0,139900.0,0,0,0,0,0,0,126,2026-02-03 07:10:21.136708
RITC,10.01,10.0,10.01,204300.0,199500.0,0,0,0,0,0,0,127,2026-02-03 07:10:22.164425
COMP,25.05,25.01,25.05,145500.0,142500.0,0,0,0,0,0,0,127,2026-02-03 07:10:22.164425
RITC,10.01,10.0,10.01,205700.0,203000.0,0,0,0,0,0,0,128,2026-02-03 07:10:23.204391
COMP,25.05,25.03,25.05,147200.0,142500.0,0,0,0,0,0,0,128,2026-02-03 07:10:23.204391
RITC,10.01,10.0,10.01,205700.0,204400.0,0,0,0,0,0,0,129,2026-02-03 07:10:24.233473
COMP,25.05,25.03,25.05,145700.0,142500.0,0,0,0,0,0,0,129,2026-02-03 07:10:24.233473
RITC,10.01,10.0,10.02,203300.0,202900.0,0,0,0,0,0,0,130,2026-02-03 07:10:25.269441
COMP,25.05,25.03,25.05,145700.0,138900.0,0,0,0,0,0,0,130,2026-02-03 07:10:25.269441
RITC,10.01,10.0,10.02,201300.0,202900.0,0,0,0,0,0,0,131,2026-02-03 07:10:26.297705
COMP,25.05,25.03,25.05,145700.0,138900.0,0,0,0,0,0,0,131,2026-02-03 07:10:26.297705
RITC,10.02,10.0,10.02,200100.0,203300.0,0,0,0,0,0,0,132,2026-02-03 07:10:27.324361
COMP,25.05,25.03,25.05,145700.0,139100.0,0,0,0,0,0,0,132,2026-02-03 07:10:27.324361
RITC,10.02,10.0,10.02,201700.0,203300.0,0,0,0,0,0,0,133,2026-02-03 07:10:28.347577
COMP,25.06,25.04,25.06,146700.0,139400.0,0,0,0,0,0,0,133,2026-02-03 07:10:28.347577
RITC,10.02,10.0,10.02,201700.0,202400.0,0,0,0,0,0,0,134,2026-02-03 07:10:29.372593
COMP,25.07,25.04,25.07,146700.0,141200.0,0,0,0,0,0,0,134,2026-02-03 07:10:29.372593
RITC,10.02,10.01,10.02,201000.0,205000.0,0,0,0,0,0,0,135,2026-02-03 07:10:29.894527
COMP,25.07,25.07,25.08,146400.0,141000.0,0,0,0,0,0,0,135,2026-02-03 07:10:29.894527
RITC,10.02,10.01,10.02,201000.0,205500.0,0,0,0,0,0,0,136,2026-02-03 07:10:30.934535
COMP,25.08,25.07,25.08,146400.0,141000.0,0,0,0,0,0,0,136,2026-02-03 07:10:30.934535
RITC,10.02,10.01,10.02,201000.0,203300.0,0,0,0,0,0,0,137,2026-02-03 07:10:31.964421
COMP,25.08,25.07,25.08,147900.0,141000.0,0,0,0,0,0,0,137,2026-02-03 07:10:31.964421
RITC,10.02,10.03,10.04,201400.0,202300.0,0,0,0,0,0,0,138,2026-02-03 07:10:33.004545
COMP,25.08,25.07,25.08,149000.0,143300.0,0,0,0,0,0,0,138,2026-02-03 07:10:33.004545
RITC,10.04,10.04,10.05,205000.0,205000.0,0,0,0,0,0,0,139,2026-02-03 07:10:34.068614
COMP,25.08,25.07,25.08,148500.0,143300.0,0,0,0,0,0,0,139,2026-02-03 07:10:34.068614
RITC,10.05,10.04,10.05,202000.0,205000.0,0,0,0,0,0,0,140,2026-02-03 07:10:35.140644
COMP,25.1,25.07,25.1,148500.0,144700.0,0,0,0,0,0,0,140,2026-02-03 07:10:35.140644
RITC,10.05,10.04,10.05,200600.0,204200.0,0,0,0,0,0,0,141,2026-02-03 07:10:36.179240
COMP,25.1,25.07,25.1,148500.0,147000.0,0,0,0,0,0,0,141,2026-02-03 07:10:36.179240
RITC,10.05,10.04,10.05,198600.0,204200.0,0,0,0,0,0,0,142,2026-02-03 07:10:37.202904
COMP,25.11,25.1,25.11,146800.0,146200.0,0,0,0,0,0,0,142,2026-02-03 07:10:37.202904
RITC,10.04,10.04,10.05,196700.0,204200.0,0,0,0,0,0,0,143,2026-02-03 07:10:38.222846
COMP,25.11,25.1,25.11,146800.0,144900.0,0,0,0,0,0,0,143,2026-02-03 07:10:38.222846
RITC,10.04,10.04,10.06,196300.0,204800.0,0,0,0,0,0,0,144,2026-02-03 07:10:39.249280
COMP,25.11,25.1,25.11,146800.0,141700.0,0,0,0,0,0,0,144,2026-02-03 07:10:39.249280
RITC,10.04,10.04,10.06,195700.0,204800.0,0,0,0,0,0,0,145,2026-02-03 07:10:40.276734
COMP,25.12,25.1,25.12,146800.0,142700.0,0,0,0,0,0,0,145,2026-02-03 07:10:40.276734
RITC,10.06,10.04,10.06,194200.0,195400.0,0,0,0,0,0,0,146,2026-02-03 07:10:41.298441
COMP,25.12,25.1,25.12,146800.0,142700.0,0,0,0,0,0,0,146,2026-02-03 07:10:41.298441
RITC,10.06,10.04,10.06,191600.0,195400.0,0,0,0,0,0,0,147,2026-02-03 07:10:42.323679
COMP,25.13,25.11,25.13,146000.0,143600.0,0,0,0,0,0,0,147,2026-02-03 07:10:42.323679
RITC,10.06,10.06,10.07,193500.0,174700.0,0,0,0,0,0,0,148,2026-02-03 07:10:43.350464
COMP,25.14,25.11,25.14,147900.0,142200.0,0,0,0,0,0,0,148,2026-02-03 07:10:43.350464
RITC,10.07,10.06,10.07,191200.0,174700.0,0,0,0,0,0,0,149,2026-02-03 07:10:44.379769
COMP,25.14,25.11,25.14,147900.0,142200.0,0,0,0,0,0,0,149,2026-02-03 07:10:44.379769
RITC,10.07,10.06,10.07,191200.0,165600.0,0,0,0,0,0,0,150,2026-02-03 07:10:45.409181
COMP,25.14,25.11,25.14,147400.0,142200.0,0,0,0,0,0,0,150,2026-02-03 07:10:45.409181
RITC,10.07,10.06,10.07,191600.0,154400.0,0,0,0,0,0,0,151,2026-02-03 07:10:46.440565
COMP,25.14,25.14,25.15,146900.0,141100.0,0,0,0,0,0,0,151,2026-02-03 07:10:46.440565
RITC,10.07,10.06,10.07,192800.0,154400.0,0,0,0,0,0,0,152,2026-02-03 07:10:46.979680
COMP,25.17,25.14,25.17,146900.0,142300.0,0,0,0,0,0,0,152,2026-02-03 07:10:46.979680
RITC,10.08,10.06,10.08,191900.0,142500.0,0,0,0,0,0,0,153,2026-02-03 07:10:48.018275
COMP,25.17,25.14,25.17,145100.0,142300.0,0,0,0,0,0,0,153,2026-02-03 07:10:48.018275
RITC,10.08,10.06,10.08,191900.0,131900.0,0,0,0,0,0,0,154,2026-02-03 07:10:49.051505
COMP,25.17,25.14,25.17,142700.0,142300.0,0,0,0,0,0,0,154,2026-02-03 07:10:49.051505
RITC,10.08,10.08,10.12,191100.0,120600.0,0,0,0,0,0,0,155,2026-02-03 07:10:50.078613
COMP,25.17,25.14,25.17,142700.0,142500.0,0,0,0,0,0,0,155,2026-02-03 07:10:50.078613
RITC,10.08,10.11,10.12,194200.0,120600.0,0,0,0,0,0,0,156,2026-02-03 07:10:51.103650
COMP,25.17,25.14,25.17,140100.0,142500.0,0,0,0,0,0,0,156,2026-02-03 07:10:51.103650
RITC,10.12,10.13,10.14,197300.0,111900.0,0,0,0,0,0,0,157,2026-02-03 07:10:52.127192
COMP,25.17,25.17,25.19,140600.0,142900.0,0,0,0,0,0,0,157,2026-02-03 07:10:52.127192
RITC,10.14,10.13,10.14,197700.0,111900.0,0,0,0,0,0,0,158,2026-02-03 07:10:53.147680
COMP,25.19,25.19,25.21,140200.0,144600.0,0,0,0,0,0,0,158,2026-02-03 07:10:53.147680
RITC,10.14,10.14,10.16,200700.0,101600.0,0,0,0,0,0,0,159,2026-02-03 07:10:54.176551
COMP,25.21,25.19,25.21,140200.0,144100.0,0,0,0,0,0,0,159,2026-02-03 07:10:54.176551
RITC,10.17,10.14,10.17,198700.0,100900.0,0,0,0,0,0,0,160,2026-02-03 07:10:55.200892
COMP,25.21,25.19,25.21,141700.0,144100.0,0,0,0,0,0,0,160,2026-02-03 07:10:55.200892
RITC,10.17,10.14,10.17,199500.0,100900.0,0,0,0,0,0,0,161,2026-02-03 07:10:56.233285
COMP,25.21,25.19,25.21,140000.0,141900.0,0,0,0,0,0,0,161,2026-02-03 07:10:56.233285
RITC,10.17,10.16,10.17,198600.0,100900.0,0,0,0,0,0,0,162,2026-02-03 07:10:57.260103
COMP,25.21,25.19,25.21,139200.0,141900.0,0,0,0,0,0,0,162,2026-02-03 07:10:57.260103
RITC,10.17,10.16,10.17,198600.0,100900.0,0,0,0,0,0,0,163,2026-02-03 07:10:58.285611
COMP,25.21,25.19,25.21,139000.0,141900.0,0,0,0,0,0,0,163,2026-02-03 07:10:58.285611
RITC,10.17,10.16,10.17,198500.0,100900.0,0,0,0,0,0,0,164,2026-02-03 07:10:59.318192
COMP,25.22,25.2,25.22,140200.0,142600.0,0,0,0,0,0,0,164,2026-02-03 07:10:59.318192
RITC,10.18,10.16,10.18,198500.0,100800.0,0,0,0,0,0,0,165,2026-02-03 07:11:00.402077
COMP,25.24,25.2,25.24,140200.0,139700.0,0,0,0,0,0,0,165,2026-02-03 07:11:00.402077
RITC,10.18,10.16,10.18,201500.0,99600.0,0,0,0,0,0,0,166,2026-02-03 07:11:01.467107
COMP,25.24,25.2,25.24,141400.0,139700.0,0,0,0,0,0,0,166,2026-02-03 07:11:01.467107
RITC,10.18,10.18,10.19,198800.0,99500.0,0,0,0,0,0,0,167,2026-02-03 07:11:02.508130
COMP,25.24,25.2,25.24,141400.0,139700.0,0,0,0,0,0,0,167,2026-02-03 07:11:02.508130
RITC,10.18,10.18,10.19,201000.0,99500.0,0,0,0,0,0,0,168,2026-02-03 07:11:03.042386
COMP,25.25,25.2,25.25,141400.0,138100.0,0,0,0,0,0,0,168,2026-02-03 07:11:03.042386
RITC,10.19,10.2,10.22,200500.0,102100.0,0,0,0,0,0,0,169,2026-02-03 07:11:04.075803
COMP,25.25,25.2,25.25,141400.0,130100.0,0,0,0,0,0,0,169,2026-02-03 07:11:04.075803
RITC,10.22,10.21,10.22,202100.0,102100.0,0,0,0,0,0,0,170,2026-02-03 07:11:05.113575
COMP,25.25,25.21,25.25,140600.0,130100.0,0,0,0,0,0,0,170,2026-02-03 07:11:05.113575
RITC,10.23,10.21,10.23,202100.0,103100.0,0,0,0,0,0,0,171,2026-02-03 07:11:06.143837
COMP,25.27,25.22,25.27,142400.0,116800.0,0,0,0,0,0,0,171,2026-02-03 07:11:06.143837
RITC,10.23,10.22,10.23,202000.0,101600.0,0,0,0,0,0,0,172,2026-02-03 07:11:07.174059
COMP,25.32,25.22,25.32,142400.0,111200.0,0,0,0,0,0,0,172,2026-02-03 07:11:07.174059
RITC,10.23,10.22,10.23,202000.0,100700.0,0,0,0,0,0,0,173,2026-02-03 07:11:08.207598
COMP,25.32,25.29,25.32,141500.0,111200.0,0,0,0,0,0,0,173,2026-02-03 07:11:08.207598
RITC,10.23,10.23,10.25,199000.0,100400.0,0,0,0,0,0,0,174,2026-02-03 07:11:09.240376
COMP,25.32,25.33,25.35,141000.0,104300.0,0,0,0,0,0,0,174,2026-02-03 07:11:09.240376
RITC,10.23,10.23,10.25,202200.0,100400.0,0,0,0,0,0,0,175,2026-02-03 07:11:10.268917
COMP,25.32,25.33,25.35,142100.0,104300.0,0,0,0,0,0,0,175,2026-02-03 07:11:10.268917
RITC,10.25,10.24,10.25,200300.0,100400.0,0,0,0,0,0,0,176,2026-02-03 07:11:11.300345
COMP,25.35,25.33,25.35,142100.0,104300.0,0,0,0,0,0,0,176,2026-02-03 07:11:11.300345
RITC,10.25,10.24,10.25,201700.0,100400.0,0,0,0,0,0,0,177,2026-02-03 07:11:12.329021
COMP,25.35,25.33,25.35,142900.0,95900.0,0,0,0,0,0,0,177,2026-02-03 07:11:12.329021
RITC,10.26,10.24,10.26,201700.0,98400.0,0,0,0,0,0,0,178,2026-02-03 07:11:13.372327
COMP,25.35,25.34,25.35,142600.0,95900.0,0,0,0,0,0,0,178,2026-02-03 07:11:13.372327
RITC,10.26,10.25,10.26,196200.0,98400.0,0,0,0,0,0,0,179,2026-02-03 07:11:14.403700
COMP,25.36,25.34,25.36,142200.0,89600.0,0,0,0,0,0,0,179,2026-02-03 07:11:14.403700
RITC,10.3,10.25,10.3,196800.0,97700.0,0,0,0,0,0,0,180,2026-02-03 07:11:15.441550
COMP,25.38,25.34,25.38,142200.0,81400.0,0,0,0,0,0,0,180,2026-02-03 07:11:15.441550
RITC,10.3,10.29,10.3,196800.0,97700.0,0,0,0,0,0,0,181,2026-02-03 07:11:16.472182
COMP,25.39,25.34,25.39,141200.0,74600.0,0,0,0,0,0,0,181,2026-02-03 07:11:16.472182
RITC,10.3,10.3,10.32,196600.0,108400.0,0,0,0,0,0,0,182,2026-02-03 07:11:17.599327
COMP,25.39,25.34,25.39,141000.0,74600.0,0,0,0,0,0,0,182,2026-02-03 07:11:17.599327
RITC,10.32,10.3,10.32,196600.0,108400.0,0,0,0,0,0,0,183,2026-02-03 07:11:18.150515
COMP,25.39,25.34,25.39,141000.0,74600.0,0,0,0,0,0,0,183,2026-02-03 07:11:18.150515
RITC,10.32,10.32,10.35,195600.0,97900.0,0,0,0,0,0,0,184,2026-02-03 07:11:19.190325
COMP,25.39,25.34,25.39,141100.0,74600.0,0,0,0,0,0,0,184,2026-02-03 07:11:19.190325
RITC,10.32,10.32,10.35,193300.0,97900.0,0,0,0,0,0,0,185,2026-02-03 07:11:20.254816
COMP,25.39,25.34,25.39,141000.0,74600.0,0,0,0,0,0,0,185,2026-02-03 07:11:20.254816
RITC,10.35,10.33,10.35,195200.0,97600.0,0,0,0,0,0,0,186,2026-02-03 07:11:21.296381
COMP,25.39,25.35,25.39,137500.0,74600.0,0,0,0,0,0,0,186,2026-02-03 07:11:21.296381
RITC,10.36,10.33,10.35,195200.0,96000.0,0,0,0,0,0,0,187,2026-02-03 07:11:22.318289
COMP,25.39,25.4,25.41,136600.0,68400.0,0,0,0,0,0,0,187,2026-02-03 07:11:22.318289
RITC,10.37,10.37,10.39,196800.0,97900.0,0,0,0,0,0,0,188,2026-02-03 07:11:23.339362
COMP,25.42,25.4,25.42,136600.0,66900.0,0,0,0,0,0,0,188,2026-02-03 07:11:23.339362
RITC,10.37,10.38,10.39,192400.0,97900.0,0,0,0,0,0,0,189,2026-02-03 07:11:24.366306
COMP,25.42,25.4,25.42,134100.0,66900.0,0,0,0,0,0,0,189,2026-02-03 07:11:24.366306
RITC,10.39,10.38,10.39,195200.0,97100.0,0,0,0,0,0,0,190,2026-02-03 07:11:25.388816
COMP,25.43,25.4,25.43,134200.0,67100.0,0,0,0,0,0,0,190,2026-02-03 07:11:25.388816
RITC,10.39,10.38,10.39,195200.0,113100.0,0,0,0,0,0,0,191,2026-02-03 07:11:26.415085
COMP,25.43,25.4,25.43,131500.0,67100.0,0,0,0,0,0,0,191,2026-02-03 07:11:26.415085
RITC,10.39,10.38,10.39,190300.0,113100.0,0,0,0,0,0,0,192,2026-02-03 07:11:27.442919
COMP,25.43,25.4,25.43,133200.0,67100.0,0,0,0,0,0,0,192,2026-02-03 07:11:27.442919
RITC,10.38,10.38,10.39,192100.0,113100.0,0,0,0,0,0,0,193,2026-02-03 07:11:28.486789
COMP,25.43,25.43,25.44,130300.0,66600.0,0,0,0,0,0,0,193,2026-02-03 07:11:28.486789
RITC,10.39,10.39,10.4,193300.0,104100.0,0,0,0,0,0,0,194,2026-02-03 07:11:29.519100
COMP,25.44,25.43,25.46,130300.0,64300.0,0,0,0,0,0,0,194,2026-02-03 07:11:29.519100
RITC,10.4,10.39,10.4,191100.0,104100.0,0,0,0,0,0,0,195,2026-02-03 07:11:30.551726
COMP,25.44,25.43,25.46,131100.0,64300.0,0,0,0,0,0,0,195,2026-02-03 07:11:30.551726
RITC,10.4,10.39,10.4,192100.0,104100.0,0,0,0,0,0,0,196,2026-02-03 07:11:31.583963
COMP,25.46,25.43,25.46,131100.0,64300.0,0,0,0,0,0,0,196,2026-02-03 07:11:31.583963
RITC,10.4,10.39,10.4,192600.0,92700.0,0,0,0,0,0,0,197,2026-02-03 07:11:32.608817
COMP,25.49,25.47,25.49,131400.0,64400.0,0,0,0,0,0,0,197,2026-02-03 07:11:32.608817
RITC,10.44,10.41,10.44,190800.0,95200.0,0,0,0,0,0,0,198,2026-02-03 07:11:33.638245
COMP,25.49,25.47,25.49,130000.0,64400.0,0,0,0,0,0,0,198,2026-02-03 07:11:33.638245
RITC,10.44,10.44,10.46,189900.0,103700.0,0,0,0,0,0,0,199,2026-02-03 07:11:34.662207
COMP,25.51,25.47,25.51,129800.0,64200.0,0,0,0,0,0,0,199,2026-02-03 07:11:34.662207
RITC,10.44,10.44,10.46,188400.0,103700.0,0,0,0,0,0,0,200,2026-02-03 07:11:35.711696
COMP,25.51,25.47,25.51,129800.0,64200.0,0,0,0,0,0,0,200,2026-02-03 07:11:35.711696
RITC,10.44,10.44,10.46,191300.0,103700.0,0,0,0,0,0,0,201,2026-02-03 07:11:36.277105
COMP,25.51,25.47,25.51,129900.0,64200.0,0,0,0,0,0,0,201,2026-02-03 07:11:36.277105
RITC,10.51,10.44,10.51,191300.0,94300.0,0,0,0,0,0,0,202,2026-02-03 07:11:37.316368
COMP,25.56,25.47,25.56,129900.0,63300.0,0,0,0,0,0,0,202,2026-02-03 07:11:37.316368
RITC,10.51,10.51,10.52,189200.0,92800.0,0,0,0,0,0,0,203,2026-02-03 07:11:38.340046
COMP,25.61,25.47,25.61,129900.0,64100.0,0,0,0,0,0,0,203,2026-02-03 07:11:38.340046
RITC,10.53,10.51,10.53,189200.0,91900.0,0,0,0,0,0,0,204,2026-02-03 07:11:39.377036
COMP,25.61,25.58,25.61,130500.0,64100.0,0,0,0,0,0,0,204,2026-02-03 07:11:39.377036
RITC,10.54,10.52,10.54,192600.0,91700.0,0,0,0,0,0,0,205,2026-02-03 07:11:40.400805
COMP,25.61,25.59,25.61,129200.0,64100.0,0,0,0,0,0,0,205,2026-02-03 07:11:40.400805
RITC,10.55,10.52,10.55,193100.0,90200.0,0,0,0,0,0,0,206,2026-02-03 07:11:41.426709
COMP,25.61,25.61,25.63,129200.0,63800.0,0,0,0,0,0,0,206,2026-02-03 07:11:41.426709
RITC,10.55,10.52,10.55,195400.0,90200.0,0,0,0,0,0,0,207,2026-02-03 07:11:42.450137
COMP,25.61,25.61,25.63,130500.0,63800.0,0,0,0,0,0,0,207,2026-02-03 07:11:42.450137
RITC,10.55,10.54,10.55,196500.0,90200.0,0,0,0,0,0,0,208,2026-02-03 07:11:43.474711
COMP,25.63,25.61,25.65,130500.0,65000.0,0,0,0,0,0,0,208,2026-02-03 07:11:43.474711
RITC,10.55,10.55,10.56,194200.0,88200.0,0,0,0,0,0,0,209,2026-02-03 07:11:44.508828
COMP,25.65,25.69,25.71,129600.0,66500.0,0,0,0,0,0,0,209,2026-02-03 07:11:44.508828
RITC,10.56,10.56,10.57,193100.0,88000.0,0,0,0,0,0,0,210,2026-02-03 07:11:45.552324
COMP,25.71,25.71,25.73,131100.0,67200.0,0,0,0,0,0,0,210,2026-02-03 07:11:45.552324
RITC,10.56,10.56,10.57,194700.0,88000.0,0,0,0,0,0,0,211,2026-02-03 07:11:46.580760
COMP,25.73,25.71,25.73,132700.0,67400.0,0,0,0,0,0,0,211,2026-02-03 07:11:46.580760
RITC,10.59,10.56,10.59,194400.0,88500.0,0,0,0,0,0,0,212,2026-02-03 07:11:47.611180
COMP,25.77,25.71,25.77,132700.0,66100.0,0,0,0,0,0,0,212,2026-02-03 07:11:47.611180
RITC,10.59,10.62,10.64,196100.0,87400.0,0,0,0,0,0,0,213,2026-02-03 07:11:48.640910
COMP,25.77,25.81,25.82,135800.0,67000.0,0,0,0,0,0,0,213,2026-02-03 07:11:48.640910
RITC,10.64,10.62,10.63,196100.0,96900.0,0,0,0,0,0,0,214,2026-02-03 07:11:49.664188
COMP,25.82,25.81,25.82,135800.0,67000.0,0,0,0,0,0,0,214,2026-02-03 07:11:49.664188
RITC,10.64,10.62,10.63,195200.0,107100.0,0,0,0,0,0,0,215,2026-02-03 07:11:50.694989
COMP,25.82,25.83,25.97,133300.0,72600.0,0,0,0,0,0,0,215,2026-02-03 07:11:50.694989
RITC,10.62,10.6,10.61,194900.0,107100.0,0,0,0,0,0,0,216,2026-02-03 07:11:51.728230
COMP,26.0,25.9,26.0,133700.0,66800.0,0,0,0,0,0,0,216,2026-02-03 07:11:51.728230
RITC,10.63,10.62,10.63,196300.0,96900.0,0,0,0,0,0,0,217,2026-02-03 07:11:52.805022
COMP,26.0,25.99,26.0,135600.0,66800.0,0,0,0,0,0,0,217,2026-02-03 07:11:52.805022
RITC,10.62,10.62,10.63,196300.0,96900.0,0,0,0,0,0,0,218,2026-02-03 07:11:53.354218
COMP,26.0,25.99,26.0,135400.0,66800.0,0,0,0,0,0,0,218,2026-02-03 07:11:53.354218
RITC,10.64,10.62,10.64,196300.0,85600.0,0,0,0,0,0,0,219,2026-02-03 07:11:54.394536
COMP,26.02,25.99,26.02,135400.0,67100.0,0,0,0,0,0,0,219,2026-02-03 07:11:54.394536
RITC,10.64,10.62,10.64,196300.0,103200.0,0,0,0,0,0,0,220,2026-02-03 07:11:55.442846
COMP,26.02,25.99,26.02,135000.0,67100.0,0,0,0,0,0,0,220,2026-02-03 07:11:55.442846
RITC,10.6,10.6,10.64,194200.0,110700.0,0,0,0,0,0,0,221,2026-02-03 07:11:56.476950
COMP,26.02,25.99,26.02,135000.0,67100.0,0,0,0,0,0,0,221,2026-02-03 07:11:56.476950
RITC,10.59,10.57,10.59,193200.0,129500.0,0,0,0,0,0,0,222,2026-02-03 07:11:57.507269
COMP,26.02,25.99,26.02,136100.0,67100.0,0,0,0,0,0,0,222,2026-02-03 07:11:57.507269
RITC,10.57,10.57,10.59,193200.0,137900.0,0,0,0,0,0,0,223,2026-02-03 07:11:58.537613
COMP,26.02,26.01,26.02,137000.0,67100.0,0,0,0,0,0,0,223,2026-02-03 07:11:58.537613
RITC,10.57,10.57,10.59,193200.0,157100.0,0,0,0,0,0,0,224,2026-02-03 07:11:59.573297
COMP,26.02,26.01,26.02,137000.0,67300.0,0,0,0,0,0,0,224,2026-02-03 07:11:59.573297
RITC,10.56,10.56,10.59,193900.0,157100.0,0,0,0,0,0,0,225,2026-02-03 07:12:00.611174
COMP,26.02,26.01,26.02,136600.0,67300.0,0,0,0,0,0,0,225,2026-02-03 07:12:00.611174
RITC,10.55,10.55,10.59,192300.0,157100.0,0,0,0,0,0,0,226,2026-02-03 07:12:01.644686
COMP,25.99,25.99,26.02,135700.0,73900.0,0,0,0,0,0,0,226,2026-02-03 07:12:01.644686
RITC,10.55,10.55,10.59,191700.0,157100.0,0,0,0,0,0,0,227,2026-02-03 07:12:02.673316
COMP,25.99,25.99,26.02,135700.0,81500.0,0,0,0,0,0,0,227,2026-02-03 07:12:02.673316
RITC,10.56,10.55,10.56,191200.0,179200.0,0,0,0,0,0,0,228,2026-02-03 07:12:03.701154
COMP,25.99,25.99,26.0,135700.0,88700.0,0,0,0,0,0,0,228,2026-02-03 07:12:03.701154
RITC,10.54,10.54,10.55,191200.0,179200.0,0,0,0,0,0,0,229,2026-02-03 07:12:04.730085
COMP,26.02,25.99,26.02,135700.0,74600.0,0,0,0,0,0,0,229,2026-02-03 07:12:04.730085
RITC,10.52,10.52,10.55,193500.0,181400.0,0,0,0,0,0,0,230,2026-02-03 07:12:05.751922
COMP,26.02,25.99,26.02,135700.0,74600.0,0,0,0,0,0,0,230,2026-02-03 07:12:05.751922
RITC,10.52,10.52,10.54,193500.0,181800.0,0,0,0,0,0,0,231,2026-02-03 07:12:06.792174
COMP,25.96,25.96,26.02,135000.0,74600.0,0,0,0,0,0,0,231,2026-02-03 07:12:06.792174
RITC,10.54,10.52,10.54,193500.0,181800.0,0,0,0,0,0,0,232,2026-02-03 07:12:07.834512
COMP,25.96,26.01,26.02,135000.0,74600.0,0,0,0,0,0,0,232,2026-02-03 07:12:07.834512
RITC,10.54,10.53,10.54,190400.0,183500.0,0,0,0,0,0,0,233,2026-02-03 07:12:08.861834
COMP,25.96,26.01,26.02,132500.0,81700.0,0,0,0,0,0,0,233,2026-02-03 07:12:08.861834
RITC,10.55,10.52,10.55,193500.0,181700.0,0,0,0,0,0,0,234,2026-02-03 07:12:09.888463
COMP,26.01,26.0,26.01,133800.0,88800.0,0,0,0,0,0,0,234,2026-02-03 07:12:09.888463
RITC,10.55,10.52,10.55,193500.0,181200.0,0,0,0,0,0,0,235,2026-02-03 07:12:10.415917
COMP,26.01,26.01,26.02,131600.0,81700.0,0,0,0,0,0,0,235,2026-02-03 07:12:10.415917
RITC,10.55,10.52,10.53,192700.0,182500.0,0,0,0,0,0,0,236,2026-02-03 07:12:11.493799
COMP,26.0,26.0,26.02,133800.0,81700.0,0,0,0,0,0,0,236,2026-02-03 07:12:11.493799
RITC,10.55,10.54,10.55,192500.0,180700.0,0,0,0,0,0,0,237,2026-02-03 07:12:12.528312
COMP,26.0,26.0,26.02,133800.0,93100.0,0,0,0,0,0,0,237,2026-02-03 07:12:12.528312
RITC,10.55,10.54,10.55,191000.0,180800.0,0,0,0,0,0,0,238,2026-02-03 07:12:13.571033
COMP,25.95,25.95,26.02,135200.0,93100.0,0,0,0,0,0,0,238,2026-02-03 07:12:13.571033
RITC,10.55,10.54,10.55,189900.0,180800.0,0,0,0,0,0,0,239,2026-02-03 07:12:14.594304
COMP,25.95,26.01,26.02,134200.0,100900.0,0,0,0,0,0,0,239,2026-02-03 07:12:14.594304
RITC,10.55,10.54,10.55,188000.0,180700.0,0,0,0,0,0,0,240,2026-02-03 07:12:15.622901
COMP,26.01,25.95,25.97,135200.0,107800.0,0,0,0,0,0,0,240,2026-02-03 07:12:15.622901
RITC,10.55,10.54,10.55,186000.0,180700.0,0,0,0,0,0,0,241,2026-02-03 07:12:16.648387
COMP,25.95,25.95,25.97,134800.0,107800.0,0,0,0,0,0,0,241,2026-02-03 07:12:16.648387
RITC,10.55,10.54,10.55,187300.0,180700.0,0,0,0,0,0,0,242,2026-02-03 07:12:17.676408
COMP,25.95,25.95,25.97,134800.0,114500.0,0,0,0,0,0,0,242,2026-02-03 07:12:17.676408
RITC,10.55,10.54,10.55,190300.0,181000.0,0,0,0,0,0,0,243,2026-02-03 07:12:18.703315
COMP,25.95,25.95,25.96,134800.0,125700.0,0,0,0,0,0,0,243,2026-02-03 07:12:18.703315
RITC,10.55,10.54,10.55,187800.0,180400.0,0,0,0,0,0,0,244,2026-02-03 07:12:19.736177
COMP,25.9,25.9,25.93,133700.0,132600.0,0,0,0,0,0,0,244,2026-02-03 07:12:19.736177
RITC,10.54,10.54,10.55,186700.0,180400.0,0,0,0,0,0,0,245,2026-02-03 07:12:20.757981
COMP,25.9,25.9,25.93,133700.0,131300.0,0,0,0,0,0,0,245,2026-02-03 07:12:20.757981
RITC,10.54,10.54,10.56,187200.0,178600.0,0,0,0,0,0,0,246,2026-02-03 07:12:21.789210
COMP,25.9,25.9,25.93,133700.0,131600.0,0,0,0,0,0,0,246,2026-02-03 07:12:21.789210
RITC,10.56,10.55,10.56,186700.0,176300.0,0,0,0,0,0,0,247,2026-02-03 07:12:22.825156
COMP,25.9,25.9,25.93,132600.0,131600.0,0,0,0,0,0,0,247,2026-02-03 07:12:22.825156
RITC,10.56,10.55,10.56,186700.0,177300.0,0,0,0,0,0,0,248,2026-02-03 07:12:23.857537
COMP,25.94,25.9,25.94,132600.0,131100.0,0,0,0,0,0,0,248,2026-02-03 07:12:23.857537
RITC,10.55,10.55,10.56,186700.0,177100.0,0,0,0,0,0,0,249,2026-02-03 07:12:24.887106
COMP,25.83,25.83,25.89,133300.0,131500.0,0,0,0,0,0,0,249,2026-02-03 07:12:24.887106
RITC,10.55,10.55,10.56,184100.0,177100.0,0,0,0,0,0,0,250,2026-02-03 07:12:25.913414
COMP,25.83,25.83,25.87,133300.0,133500.0,0,0,0,0,0,0,250,2026-02-03 07:12:25.913414
RITC,10.55,10.55,10.56,184100.0,178800.0,0,0,0,0,0,0,251,2026-02-03 07:12:26.949866
COMP,25.87,25.83,25.87,133300.0,133500.0,0,0,0,0,0,0,251,2026-02-03 07:12:26.949866
RITC,10.55,10.55,10.56,182000.0,180900.0,0,0,0,0,0,0,252,2026-02-03 07:12:27.975338
COMP,25.87,25.83,25.86,133300.0,132500.0,0,0,0,0,0,0,252,2026-02-03 07:12:27.975338
RITC,10.54,10.54,10.56,187200.0,180900.0,0,0,0,0,0,0,253,2026-02-03 07:12:28.515272
COMP,25.87,25.83,25.86,133300.0,132500.0,0,0,0,0,0,0,253,2026-02-03 07:12:28.515272
RITC,10.56,10.54,10.56,186900.0,179500.0,0,0,0,0,0,0,254,2026-02-03 07:12:29.567926
COMP,25.87,25.83,25.87,133300.0,132600.0,0,0,0,0,0,0,254,2026-02-03 07:12:29.567926
RITC,10.57,10.54,10.57,189500.0,177800.0,0,0,0,0,0,0,255,2026-02-03 07:12:30.655313
COMP,25.81,25.81,25.87,135800.0,132600.0,0,0,0,0,0,0,255,2026-02-03 07:12:30.655313
RITC,10.58,10.54,10.58,185600.0,178300.0,0,0,0,0,0,0,256,2026-02-03 07:12:31.682218
COMP,25.81,25.81,25.82,135800.0,133300.0,0,0,0,0,0,0,256,2026-02-03 07:12:31.682218
RITC,10.58,10.57,10.58,185800.0,178300.0,0,0,0,0,0,0,257,2026-02-03 07:12:32.706393
COMP,25.81,25.81,25.82,135100.0,133300.0,0,0,0,0,0,0,257,2026-02-03 07:12:32.706393
RITC,10.58,10.58,10.59,183500.0,180200.0,0,0,0,0,0,0,258,2026-02-03 07:12:33.735786
COMP,25.81,25.81,25.82,136100.0,134800.0,0,0,0,0,0,0,258,2026-02-03 07:12:33.735786
RITC,10.59,10.58,10.59,183500.0,180100.0,0,0,0,0,0,0,259,2026-02-03 07:12:34.765805
COMP,25.81,25.81,25.82,133500.0,136400.0,0,0,0,0,0,0,259,2026-02-03 07:12:34.765805
RITC,10.59,10.58,10.59,184100.0,179400.0,0,0,0,0,0,0,260,2026-02-03 07:12:35.791208
COMP,25.81,25.81,25.82,133100.0,136400.0,0,0,0,0,0,0,260,2026-02-03 07:12:35.791208
RITC,10.57,10.57,10.6,186500.0,179300.0,0,0,0,0,0,0,261,2026-02-03 07:12:36.812995
COMP,25.81,25.81,25.82,134900.0,136400.0,0,0,0,0,0,0,261,2026-02-03 07:12:36.812995
RITC,10.57,10.54,10.57,185500.0,180000.0,0,0,0,0,0,0,262,2026-02-03 07:12:37.844421
COMP,25.85,25.81,25.85,134900.0,135600.0,0,0,0,0,0,0,262,2026-02-03 07:12:37.844421
RITC,10.57,10.54,10.55,185500.0,183600.0,0,0,0,0,0,0,263,2026-02-03 07:12:38.871752
COMP,25.85,25.81,25.85,133800.0,135600.0,0,0,0,0,0,0,263,2026-02-03 07:12:38.871752
RITC,10.55,10.54,10.55,185500.0,183600.0,0,0,0,0,0,0,264,2026-02-03 07:12:39.896075
COMP,25.85,25.81,25.85,135300.0,135600.0,0,0,0,0,0,0,264,2026-02-03 07:12:39.896075
RITC,10.54,10.54,10.55,183400.0,184000.0,0,0,0,0,0,0,265,2026-02-03 07:12:40.925624
COMP,25.85,25.85,25.87,134400.0,134400.0,0,0,0,0,0,0,265,2026-02-03 07:12:40.925624
RITC,10.54,10.54,10.55,183400.0,188000.0,0,0,0,0,0,0,266,2026-02-03 07:12:41.960303
COMP,25.89,25.85,25.89,134400.0,132800.0,0,0,0,0,0,0,266,2026-02-03 07:12:41.960303
RITC,10.54,10.54,10.55,187500.0,188000.0,0,0,0,0,0,0,267,2026-02-03 07:12:42.988112
COMP,25.89,25.81,25.89,135300.0,132600.0,0,0,0,0,0,0,267,2026-02-03 07:12:42.988112
RITC,10.54,10.54,10.55,187500.0,190200.0,0,0,0,0,0,0,268,2026-02-03 07:12:44.017446
COMP,25.89,25.81,25.89,135300.0,131400.0,0,0,0,0,0,0,268,2026-02-03 07:12:44.017446
RITC,10.52,10.52,10.54,187100.0,190500.0,0,0,0,0,0,0,269,2026-02-03 07:12:45.045622
COMP,25.89,25.81,25.89,135300.0,128800.0,0,0,0,0,0,0,269,2026-02-03 07:12:45.045622
RITC,10.52,10.52,10.54,184300.0,190500.0,0,0,0,0,0,0,270,2026-02-03 07:12:46.069865
COMP,25.89,25.81,25.83,134300.0,130400.0,0,0,0,0,0,0,270,2026-02-03 07:12:46.069865
RITC,10.52,10.52,10.54,184300.0,193500.0,0,0,0,0,0,0,271,2026-02-03 07:12:46.600265
COMP,25.89,25.81,25.83,134600.0,130400.0,0,0,0,0,0,0,271,2026-02-03 07:12:46.600265
RITC,10.52,10.52,10.54,186600.0,194400.0,0,0,0,0,0,0,272,2026-02-03 07:12:47.638202
COMP,25.89,25.81,25.83,134400.0,130400.0,0,0,0,0,0,0,272,2026-02-03 07:12:47.638202
RITC,10.52,10.52,10.54,188400.0,196600.0,0,0,0,0,0,0,273,2026-02-03 07:12:48.675427
COMP,25.81,25.81,25.83,134000.0,130400.0,0,0,0,0,0,0,273,2026-02-03 07:12:48.675427
RITC,10.52,10.52,10.54,192000.0,196600.0,0,0,0,0,0,0,274,2026-02-03 07:12:49.709369
COMP,25.83,25.81,25.83,134000.0,131500.0,0,0,0,0,0,0,274,2026-02-03 07:12:49.709369
RITC,10.52,10.52,10.54,192000.0,196600.0,0,0,0,0,0,0,275,2026-02-03 07:12:50.732640
COMP,25.83,25.81,25.83,132700.0,131500.0,0,0,0,0,0,0,275,2026-02-03 07:12:50.732640
RITC,10.52,10.52,10.54,195300.0,196100.0,0,0,0,0,0,0,276,2026-02-03 07:12:51.757533
COMP,25.83,25.81,25.83,131700.0,130900.0,0,0,0,0,0,0,276,2026-02-03 07:12:51.757533
RITC,10.52,10.52,10.54,195300.0,195000.0,0,0,0,0,0,0,277,2026-02-03 07:12:52.787547
COMP,25.83,25.81,25.83,131300.0,130900.0,0,0,0,0,0,0,277,2026-02-03 07:12:52.787547
RITC,10.53,10.53,10.54,197100.0,195000.0,0,0,0,0,0,0,278,2026-02-03 07:12:53.830632
COMP,25.91,25.81,25.91,131700.0,130000.0,0,0,0,0,0,0,278,2026-02-03 07:12:53.830632
RITC,10.54,10.53,10.54,197100.0,195000.0,0,0,0,0,0,0,279,2026-02-03 07:12:54.854449
COMP,25.91,25.81,25.91,132900.0,130000.0,0,0,0,0,0,0,279,2026-02-03 07:12:54.854449
RITC,10.54,10.53,10.54,197100.0,198100.0,0,0,0,0,0,0,280,2026-02-03 07:12:55.872347
COMP,25.91,25.86,25.91,132500.0,130000.0,0,0,0,0,0,0,280,2026-02-03 07:12:55.872347
RITC,10.54,10.53,10.54,197100.0,201100.0,0,0,0,0,0,0,281,2026-02-03 07:12:56.903799
COMP,25.93,25.86,25.88,132500.0,130500.0,0,0,0,0,0,0,281,2026-02-03 07:12:56.903799
RITC,10.52,10.52,10.54,195300.0,202400.0,0,0,0,0,0,0,282,2026-02-03 07:12:57.940396
COMP,25.86,25.86,25.88,132400.0,130500.0,0,0,0,0,0,0,282,2026-02-03 07:12:57.940396
RITC,10.51,10.51,10.54,195700.0,202400.0,0,0,0,0,0,0,283,2026-02-03 07:12:58.971577
COMP,25.88,25.88,25.94,132400.0,131700.0,0,0,0,0,0,0,283,2026-02-03 07:12:58.971577
RITC,10.51,10.51,10.52,195700.0,202100.0,0,0,0,0,0,0,284,2026-02-03 07:12:59.994696
COMP,25.88,25.88,25.89,132400.0,130200.0,0,0,0,0,0,0,284,2026-02-03 07:12:59.994696
RITC,10.51,10.51,10.52,195700.0,202100.0,0,0,0,0,0,0,285,2026-02-03 07:13:01.027297
COMP,25.94,25.95,25.96,133100.0,130800.0,0,0,0,0,0,0,285,2026-02-03 07:13:01.027297
RITC,10.51,10.51,10.52,195700.0,200400.0,0,0,0,0,0,0,286,2026-02-03 07:13:02.054676
COMP,25.95,25.88,25.9,132400.0,131000.0,0,0,0,0,0,0,286,2026-02-03 07:13:02.054676
RITC,10.51,10.51,10.52,195700.0,199800.0,0,0,0,0,0,0,287,2026-02-03 07:13:03.087949
COMP,25.96,25.88,25.96,132400.0,130800.0,0,0,0,0,0,0,287,2026-02-03 07:13:03.087949
RITC,10.51,10.51,10.52,195100.0,200500.0,0,0,0,0,0,0,288,2026-02-03 07:13:03.646920
COMP,25.96,25.96,25.97,134600.0,132100.0,0,0,0,0,0,0,288,2026-02-03 07:13:03.646920
RITC,10.51,10.51,10.52,196700.0,197400.0,0,0,0,0,0,0,289,2026-02-03 07:13:04.689006
COMP,25.96,25.96,25.97,134600.0,132100.0,0,0,0,0,0,0,289,2026-02-03 07:13:04.689006
RITC,10.51,10.51,10.52,196700.0,197400.0,0,0,0,0,0,0,290,2026-02-03 07:13:05.733187
COMP,25.97,25.96,25.97,134600.0,133100.0,0,0,0,0,0,0,290,2026-02-03 07:13:05.733187
RITC,10.52,10.51,10.52,193900.0,197400.0,0,0,0,0,0,0,291,2026-02-03 07:13:06.775420
COMP,25.97,25.96,25.97,134700.0,133100.0,0,0,0,0,0,0,291,2026-02-03 07:13:06.775420
RITC,10.51,10.51,10.52,191200.0,197400.0,0,0,0,0,0,0,292,2026-02-03 07:13:07.805207
COMP,25.97,25.96,25.97,135400.0,133100.0,0,0,0,0,0,0,292,2026-02-03 07:13:07.805207
RITC,10.53,10.52,10.53,192500.0,199100.0,0,0,0,0,0,0,293,2026-02-03 07:13:08.829417
COMP,25.97,25.96,25.97,133900.0,133100.0,0,0,0,0,0,0,293,2026-02-03 07:13:08.829417
RITC,10.54,10.52,10.54,190700.0,200600.0,0,0,0,0,0,0,294,2026-02-03 07:13:09.858541
COMP,26.02,25.96,26.02,133900.0,132700.0,0,0,0,0,0,0,294,2026-02-03 07:13:09.858541
RITC,10.54,10.52,10.54,190300.0,200400.0,0,0,0,0,0,0,295,2026-02-03 07:13:10.882260
COMP,26.03,25.96,26.03,133900.0,126700.0,0,0,0,0,0,0,295,2026-02-03 07:13:10.882260
RITC,10.54,10.53,10.54,192200.0,200400.0,0,0,0,0,0,0,296,2026-02-03 07:13:12.014495
COMP,26.03,25.96,26.03,134400.0,120100.0,0,0,0,0,0,0,296,2026-02-03 07:13:12.014495
RITC,10.53,10.53,10.54,194500.0,200400.0,0,0,0,0,0,0,297,2026-02-03 07:13:13.041737
COMP,26.03,26.0,26.03,133300.0,120100.0,0,0,0,0,0,0,297,2026-02-03 07:13:13.041737
RITC,10.53,10.53,10.54,195300.0,199600.0,0,0,0,0,0,0,298,2026-02-03 07:13:14.070489
COMP,26.03,26.0,26.03,134800.0,120100.0,0,0,0,0,0,0,298,2026-02-03 07:13:14.070489
RITC,10.53,10.53,10.54,195500.0,196000.0,0,0,0,0,0,0,299,2026-02-03 07:13:15.094910
COMP,26.03,26.01,26.03,134100.0,120100.0,0,0,0,0,0,0,299,2026-02-03 07:13:15.094910
RITC,10.53,10.53,10.54,193200.0,195500.0,0,0,0,0,0,0,300,2026-02-03 07:13:16.116344
COMP,26.04,26.01,26.04,134100.0,107200.0,0,0,0,0,0,0,300,2026-02-03 07:13:16.116344
RITC,10.53,10.53,10.54,194400.0,192500.0,0,0,0,0,0,0,301,2026-02-03 07:13:17.139570
COMP,26.05,26.01,26.05,134100.0,99300.0,0,0,0,0,0,0,301,2026-02-03 07:13:17.139570
RITC,10.52,10.52,10.54,190600.0,192500.0,0,0,0,0,0,0,302,2026-02-03 07:13:18.169144
COMP,26.06,26.01,26.06,134100.0,92600.0,0,0,0,0,0,0,302,2026-02-03 07:13:18.169144
RITC,10.52,10.52,10.54,191100.0,192900.0,0,0,0,0,0,0,303,2026-02-03 07:13:19.197660
COMP,26.06,26.03,26.06,134600.0,92600.0,0,0,0,0,0,0,303,2026-02-03 07:13:19.197660
RITC,10.52,10.53,10.54,193100.0,192900.0,0,0,0,0,0,0,304,2026-02-03 07:13:19.742452
COMP,26.06,26.03,26.06,135600.0,92600.0,0,0,0,0,0,0,304,2026-02-03 07:13:19.742452
RITC,10.53,10.53,10.54,193100.0,192900.0,0,0,0,0,0,0,305,2026-02-03 07:13:20.782727
COMP,26.06,26.03,26.06,137500.0,92600.0,0,0,0,0,0,0,305,2026-02-03 07:13:20.782727
RITC,10.53,10.53,10.54,193100.0,189300.0,0,0,0,0,0,0,306,2026-02-03 07:13:21.827550
COMP,26.06,26.03,26.06,139600.0,92600.0,0,0,0,0,0,0,306,2026-02-03 07:13:21.827550
RITC,10.51,10.51,10.52,191500.0,189900.0,0,0,0,0,0,0,307,2026-02-03 07:13:22.861073
COMP,26.06,26.03,26.06,139600.0,92600.0,0,0,0,0,0,0,307,2026-02-03 07:13:22.861073
RITC,10.51,10.51,10.52,191500.0,194100.0,0,0,0,0,0,0,308,2026-02-03 07:13:23.890792
COMP,26.09,26.03,26.09,139600.0,77700.0,0,0,0,0,0,0,308,2026-02-03 07:13:23.890792
RITC,10.5,10.5,10.52,189800.0,191800.0,0,0,0,0,0,0,309,2026-02-03 07:13:24.910958
COMP,26.09,26.11,26.16,140000.0,70500.0,0,0,0,0,0,0,309,2026-02-03 07:13:24.910958
RITC,10.5,10.5,10.51,191500.0,191000.0,0,0,0,0,0,0,310,2026-02-03 07:13:25.933747
COMP,26.09,26.11,26.16,139800.0,70500.0,0,0,0,0,0,0,310,2026-02-03 07:13:25.933747
RITC,10.52,10.5,10.52,193100.0,191800.0,0,0,0,0,0,0,311,2026-02-03 07:13:26.957201
COMP,26.19,26.11,26.19,139800.0,64500.0,0,0,0,0,0,0,311,2026-02-03 07:13:26.957201
RITC,10.52,10.5,10.52,193400.0,191800.0,0,0,0,0,0,0,312,2026-02-03 07:13:27.986902
COMP,26.2,26.11,26.2,139400.0,65200.0,0,0,0,0,0,0,312,2026-02-03 07:13:27.986902
RITC,10.52,10.51,10.52,195900.0,191800.0,0,0,0,0,0,0,313,2026-02-03 07:13:29.014900
COMP,26.2,26.11,26.2,140400.0,65200.0,0,0,0,0,0,0,313,2026-02-03 07:13:29.014900
RITC,10.52,10.51,10.52,195900.0,193400.0,0,0,0,0,0,0,314,2026-02-03 07:13:30.044790
COMP,26.2,26.24,26.3,141700.0,65000.0,0,0,0,0,0,0,314,2026-02-03 07:13:30.044790
RITC,10.5,10.5,10.51,193200.0,191700.0,0,0,0,0,0,0,315,2026-02-03 07:13:31.081106
COMP,26.2,26.26,26.3,139600.0,65000.0,0,0,0,0,0,0,315,2026-02-03 07:13:31.081106
RITC,10.52,10.5,10.51,193200.0,195300.0,0,0,0,0,0,0,316,2026-02-03 07:13:32.112137
COMP,26.2,26.29,26.3,138000.0,65000.0,0,0,0,0,0,0,316,2026-02-03 07:13:32.112137
RITC,10.52,10.5,10.51,193200.0,192700.0,0,0,0,0,0,0,317,2026-02-03 07:13:33.138399
COMP,26.31,26.29,26.31,138000.0,65700.0,0,0,0,0,0,0,317,2026-02-03 07:13:33.138399
RITC,10.51,10.5,10.51,193200.0,193300.0,0,0,0,0,0,0,318,2026-02-03 07:13:34.165600
COMP,26.31,26.32,26.33,138300.0,65900.0,0,0,0,0,0,0,318,2026-02-03 07:13:34.165600
RITC,10.52,10.52,10.53,195400.0,192200.0,0,0,0,0,0,0,319,2026-02-03 07:13:35.205191
COMP,26.29,26.29,26.33,137900.0,65900.0,0,0,0,0,0,0,319,2026-02-03 07:13:35.205191
RITC,10.5,10.5,10.53,190900.0,192200.0,0,0,0,0,0,0,320,2026-02-03 07:13:36.226758
COMP,26.33,26.29,26.33,137900.0,65900.0,0,0,0,0,0,0,320,2026-02-03 07:13:36.226758
RITC,10.5,10.5,10.53,190200.0,192200.0,0,0,0,0,0,0,321,2026-02-03 07:13:36.833014
COMP,26.33,26.3,26.33,138800.0,65900.0,0,0,0,0,0,0,321,2026-02-03 07:13:36.833014
RITC,10.54,10.53,10.54,190200.0,188500.0,0,0,0,0,0,0,322,2026-02-03 07:13:37.860726
COMP,26.33,26.3,26.33,137100.0,65600.0,0,0,0,0,0,0,322,2026-02-03 07:13:37.860726
RITC,10.54,10.53,10.54,193700.0,188500.0,0,0,0,0,0,0,323,2026-02-03 07:13:38.903377
COMP,26.33,26.3,26.32,137100.0,72500.0,0,0,0,0,0,0,323,2026-02-03 07:13:38.903377
RITC,10.54,10.53,10.54,193700.0,188400.0,0,0,0,0,0,0,324,2026-02-03 07:13:39.942146
COMP,26.32,26.3,26.32,138700.0,72500.0,0,0,0,0,0,0,324,2026-02-03 07:13:39.942146
RITC,10.54,10.53,10.54,192000.0,188400.0,0,0,0,0,0,0,325,2026-02-03 07:13:40.982385
COMP,26.32,26.3,26.32,138700.0,78500.0,0,0,0,0,0,0,325,2026-02-03 07:13:40.982385
RITC,10.54,10.53,10.54,191600.0,188400.0,0,0,0,0,0,0,326,2026-02-03 07:13:42.011895
COMP,26.33,26.32,26.33,137700.0,66000.0,0,0,0,0,0,0,326,2026-02-03 07:13:42.011895
RITC,10.54,10.53,10.54,191600.0,189400.0,0,0,0,0,0,0,327,2026-02-03 07:13:43.041127
COMP,26.33,26.32,26.33,136300.0,66000.0,0,0,0,0,0,0,327,2026-02-03 07:13:43.041127
RITC,10.54,10.53,10.54,191600.0,187900.0,0,0,0,0,0,0,328,2026-02-03 07:13:44.066248
COMP,26.33,26.35,26.39,136800.0,65500.0,0,0,0,0,0,0,328,2026-02-03 07:13:44.066248
RITC,10.54,10.53,10.54,191600.0,190300.0,0,0,0,0,0,0,329,2026-02-03 07:13:45.090292
COMP,26.33,26.38,26.39,137500.0,65500.0,0,0,0,0,0,0,329,2026-02-03 07:13:45.090292
RITC,10.54,10.53,10.54,191600.0,190000.0,0,0,0,0,0,0,330,2026-02-03 07:13:46.121870
COMP,26.39,26.38,26.39,137800.0,65500.0,0,0,0,0,0,0,330,2026-02-03 07:13:46.121870
RITC,10.53,10.53,10.54,192500.0,190000.0,0,0,0,0,0,0,331,2026-02-03 07:13:47.161494
COMP,26.39,26.38,26.39,137700.0,65500.0,0,0,0,0,0,0,331,2026-02-03 07:13:47.161494
RITC,10.52,10.52,10.53,191400.0,187700.0,0,0,0,0,0,0,332,2026-02-03 07:13:48.198050
COMP,26.39,26.38,26.39,136200.0,65500.0,0,0,0,0,0,0,332,2026-02-03 07:13:48.198050
RITC,10.51,10.51,10.53,192100.0,187700.0,0,0,0,0,0,0,333,2026-02-03 07:13:49.228501
COMP,26.39,26.38,26.39,136200.0,77700.0,0,0,0,0,0,0,333,2026-02-03 07:13:49.228501
RITC,10.51,10.51,10.52,192100.0,187900.0,0,0,0,0,0,0,334,2026-02-03 07:13:50.260241
COMP,26.39,26.38,26.39,135200.0,77700.0,0,0,0,0,0,0,334,2026-02-03 07:13:50.260241
RITC,10.5,10.5,10.52,191800.0,187900.0,0,0,0,0,0,0,335,2026-02-03 07:13:51.290838
COMP,26.39,26.41,26.44,135100.0,65300.0,0,0,0,0,0,0,335,2026-02-03 07:13:51.290838
RITC,10.5,10.5,10.52,191500.0,188000.0,0,0,0,0,0,0,336,2026-02-03 07:13:52.320154
COMP,26.44,26.41,26.44,135100.0,64800.0,0,0,0,0,0,0,336,2026-02-03 07:13:52.320154
RITC,10.5,10.5,10.51,189500.0,189500.0,0,0,0,0,0,0,337,2026-02-03 07:13:53.348236
COMP,26.44,26.44,26.45,134300.0,63100.0,0,0,0,0,0,0,337,2026-02-03 07:13:53.348236
RITC,10.5,10.5,10.51,189500.0,192000.0,0,0,0,0,0,0,338,2026-02-03 07:13:53.881873
COMP,26.45,26.45,26.51,134000.0,64000.0,0,0,0,0,0,0,338,2026-02-03 07:13:53.881873
RITC,10.5,10.5,10.51,188400.0,194000.0,0,0,0,0,0,0,339,2026-02-03 07:13:54.909515
COMP,26.45,26.45,26.51,133500.0,64000.0,0,0,0,0,0,0,339,2026-02-03 07:13:54.909515
RITC,10.5,10.5,10.51,188400.0,194200.0,0,0,0,0,0,0,340,2026-02-03 07:13:55.933092
COMP,26.51,26.45,26.51,133500.0,63500.0,0,0,0,0,0,0,340,2026-02-03 07:13:55.933092
RITC,10.49,10.49,10.51,192600.0,194200.0,0,0,0,0,0,0,341,2026-02-03 07:13:56.959812
COMP,26.51,26.46,26.47,131200.0,70500.0,0,0,0,0,0,0,341,2026-02-03 07:13:56.959812
RITC,10.49,10.49,10.5,192600.0,195500.0,0,0,0,0,0,0,342,2026-02-03 07:13:57.983632
COMP,26.47,26.46,26.47,131200.0,70500.0,0,0,0,0,0,0,342,2026-02-03 07:13:57.983632
RITC,10.49,10.49,10.5,192600.0,195300.0,0,0,0,0,0,0,343,2026-02-03 07:13:59.015721
COMP,26.52,26.46,26.52,133000.0,63500.0,0,0,0,0,0,0,343,2026-02-03 07:13:59.015721
RITC,10.49,10.49,10.5,192600.0,194400.0,0,0,0,0,0,0,344,2026-02-03 07:14:00.052718
COMP,26.63,26.46,26.57,133000.0,69800.0,0,0,0,0,0,0,344,2026-02-03 07:14:00.052718
RITC,10.49,10.48,10.49,192500.0,194800.0,0,0,0,0,0,0,345,2026-02-03 07:14:01.084532
COMP,26.63,26.46,26.57,133000.0,77000.0,0,0,0,0,0,0,345,2026-02-03 07:14:01.084532
RITC,10.48,10.48,10.49,191200.0,194800.0,0,0,0,0,0,0,346,2026-02-03 07:14:02.117173
COMP,26.53,26.46,26.53,133000.0,84800.0,0,0,0,0,0,0,346,2026-02-03 07:14:02.117173
RITC,10.47,10.47,10.49,192600.0,194800.0,0,0,0,0,0,0,347,2026-02-03 07:14:03.156123
COMP,26.53,26.46,26.53,132300.0,84800.0,0,0,0,0,0,0,347,2026-02-03 07:14:03.156123
RITC,10.47,10.45,10.46,190600.0,196500.0,0,0,0,0,0,0,348,2026-02-03 07:14:04.188272
COMP,26.46,26.46,26.53,134500.0,84800.0,0,0,0,0,0,0,348,2026-02-03 07:14:04.188272
RITC,10.45,10.45,10.46,190100.0,198300.0,0,0,0,0,0,0,349,2026-02-03 07:14:05.220503
COMP,26.53,26.54,26.57,132800.0,77000.0,0,0,0,0,0,0,349,2026-02-03 07:14:05.220503
RITC,10.44,10.44,10.46,188100.0,196500.0,0,0,0,0,0,0,350,2026-02-03 07:14:06.248871
COMP,26.53,26.54,26.57,135800.0,77000.0,0,0,0,0,0,0,350,2026-02-03 07:14:06.248871
RITC,10.43,10.43,10.46,186400.0,195700.0,0,0,0,0,0,0,351,2026-02-03 07:14:07.287057
COMP,26.53,26.54,26.57,136000.0,77000.0,0,0,0,0,0,0,351,2026-02-03 07:14:07.287057
RITC,10.43,10.43,10.46,186400.0,197000.0,0,0,0,0,0,0,352,2026-02-03 07:14:08.322864
COMP,26.53,26.54,26.57,135900.0,77000.0,0,0,0,0,0,0,352,2026-02-03 07:14:08.322864
RITC,10.43,10.43,10.45,187100.0,198300.0,0,0,0,0,0,0,353,2026-02-03 07:14:09.355365
COMP,26.57,26.54,26.57,135900.0,77000.0,0,0,0,0,0,0,353,2026-02-03 07:14:09.355365
RITC,10.43,10.43,10.45,187100.0,200000.0,0,0,0,0,0,0,354,2026-02-03 07:14:10.387318
COMP,26.57,26.57,26.6,135000.0,70200.0,0,0,0,0,0,0,354,2026-02-03 07:14:10.387318
RITC,10.41,10.41,10.44,188200.0,197900.0,0,0,0,0,0,0,355,2026-02-03 07:14:11.417936
COMP,26.6,26.57,26.6,135000.0,70200.0,0,0,0,0,0,0,355,2026-02-03 07:14:11.417936
RITC,10.41,10.41,10.43,188200.0,196100.0,0,0,0,0,0,0,356,2026-02-03 07:14:12.451145
COMP,26.63,26.63,26.64,135500.0,64100.0,0,0,0,0,0,0,356,2026-02-03 07:14:12.451145
RITC,10.41,10.41,10.42,188200.0,194800.0,0,0,0,0,0,0,357,2026-02-03 07:14:13.479833
COMP,26.63,26.63,26.64,136300.0,71600.0,0,0,0,0,0,0,357,2026-02-03 07:14:13.479833
RITC,10.41,10.41,10.42,188200.0,192600.0,0,0,0,0,0,0,358,2026-02-03 07:14:14.009496
COMP,26.63,26.63,26.64,136300.0,71600.0,0,0,0,0,0,0,358,2026-02-03 07:14:14.009496
RITC,10.41,10.39,10.41,190500.0,190700.0,0,0,0,0,0,0,359,2026-02-03 07:14:15.043545
COMP,26.64,26.63,26.64,136400.0,71600.0,0,0,0,0,0,0,359,2026-02-03 07:14:15.043545
RITC,10.39,10.38,10.39,190800.0,189200.0,0,0,0,0,0,0,360,2026-02-03 07:14:16.180571
COMP,26.63,26.63,26.64,135000.0,71600.0,0,0,0,0,0,0,360,2026-02-03 07:14:16.180571
RITC,10.38,10.38,10.39,191600.0,188700.0,0,0,0,0,0,0,361,2026-02-03 07:14:17.212458
COMP,26.63,26.6,26.61,135500.0,83000.0,0,0,0,0,0,0,361,2026-02-03 07:14:17.212458
RITC,10.38,10.38,10.39,189600.0,188700.0,0,0,0,0,0,0,362,2026-02-03 07:14:18.241279
COMP,26.57,26.54,26.55,135900.0,88700.0,0,0,0,0,0,0,362,2026-02-03 07:14:18.241279
RITC,10.37,10.37,10.39,185000.0,187900.0,0,0,0,0,0,0,363,2026-02-03 07:14:19.263762
COMP,26.57,26.54,26.55,137100.0,88700.0,0,0,0,0,0,0,363,2026-02-03 07:14:19.263762
RITC,10.36,10.36,10.39,184500.0,187900.0,0,0,0,0,0,0,364,2026-02-03 07:14:20.304325
COMP,26.61,26.62,26.64,137600.0,77200.0,0,0,0,0,0,0,364,2026-02-03 07:14:20.304325
RITC,10.36,10.36,10.38,184500.0,182900.0,0,0,0,0,0,0,365,2026-02-03 07:14:21.332234
COMP,26.62,26.62,26.64,137600.0,77200.0,0,0,0,0,0,0,365,2026-02-03 07:14:21.332234
RITC,10.36,10.36,10.38,184500.0,182700.0,0,0,0,0,0,0,366,2026-02-03 07:14:22.357010
COMP,26.62,26.62,26.64,137600.0,83900.0,0,0,0,0,0,0,366,2026-02-03 07:14:22.357010
RITC,10.35,10.35,10.37,184500.0,182600.0,0,0,0,0,0,0,367,2026-02-03 07:14:23.386685
COMP,26.54,26.54,26.64,137100.0,91400.0,0,0,0,0,0,0,367,2026-02-03 07:14:23.386685
RITC,10.35,10.35,10.37,187900.0,183000.0,0,0,0,0,0,0,368,2026-02-03 07:14:24.413895
COMP,26.54,26.54,26.55,137100.0,104200.0,0,0,0,0,0,0,368,2026-02-03 07:14:24.413895
RITC,10.35,10.35,10.36,187900.0,182400.0,0,0,0,0,0,0,369,2026-02-03 07:14:25.440203
COMP,26.54,26.54,26.55,137100.0,110700.0,0,0,0,0,0,0,369,2026-02-03 07:14:25.440203
RITC,10.35,10.35,10.36,187900.0,183900.0,0,0,0,0,0,0,370,2026-02-03 07:14:26.464078
COMP,26.54,26.54,26.55,137100.0,123800.0,0,0,0,0,0,0,370,2026-02-03 07:14:26.464078
RITC,10.34,10.34,10.36,191000.0,183900.0,0,0,0,0,0,0,371,2026-02-03 07:14:27.486640
COMP,26.54,26.54,26.55,137100.0,131400.0,0,0,0,0,0,0,371,2026-02-03 07:14:27.486640
RITC,10.33,10.33,10.34,193800.0,185000.0,0,0,0,0,0,0,372,2026-02-03 07:14:28.506874
COMP,26.52,26.52,26.55,138400.0,131400.0,0,0,0,0,0,0,372,2026-02-03 07:14:28.506874
RITC,10.33,10.33,10.34,193800.0,185200.0,0,0,0,0,0,0,373,2026-02-03 07:14:29.528696
COMP,26.52,26.53,26.55,136900.0,131400.0,0,0,0,0,0,0,373,2026-02-03 07:14:29.528696
RITC,10.33,10.33,10.34,194100.0,183100.0,0,0,0,0,0,0,374,2026-02-03 07:14:30.549555
COMP,26.51,26.51,26.55,137600.0,131400.0,0,0,0,0,0,0,374,2026-02-03 07:14:30.549555
RITC,10.32,10.31,10.32,192800.0,185100.0,0,0,0,0,0,0,375,2026-02-03 07:14:31.572990
COMP,26.51,26.51,26.55,137600.0,133500.0,0,0,0,0,0,0,375,2026-02-03 07:14:31.572990
RITC,10.31,10.31,10.32,192800.0,185100.0,0,0,0,0,0,0,376,2026-02-03 07:14:32.107419
COMP,26.51,26.51,26.55,137900.0,133500.0,0,0,0,0,0,0,376,2026-02-03 07:14:32.107419
RITC,10.3,10.3,10.32,191700.0,184900.0,0,0,0,0,0,0,377,2026-02-03 07:14:33.130210
COMP,26.51,26.46,26.49,136100.0,134800.0,0,0,0,0,0,0,377,2026-02-03 07:14:33.130210
RITC,10.32,10.33,10.34,190900.0,185100.0,0,0,0,0,0,0,378,2026-02-03 07:14:34.157711
COMP,26.45,26.45,26.55,136500.0,133500.0,0,0,0,0,0,0,378,2026-02-03 07:14:34.157711
RITC,10.3,10.3,10.32,191700.0,184700.0,0,0,0,0,0,0,379,2026-02-03 07:14:35.197900
COMP,26.45,26.45,26.55,136500.0,134800.0,0,0,0,0,0,0,379,2026-02-03 07:14:35.197900
RITC,10.29,10.29,10.32,191300.0,184700.0,0,0,0,0,0,0,380,2026-02-03 07:14:36.240994
COMP,26.45,26.45,26.48,137200.0,133300.0,0,0,0,0,0,0,380,2026-02-03 07:14:36.240994
RITC,10.34,10.32,10.34,191900.0,183700.0,0,0,0,0,0,0,381,2026-02-03 07:14:37.277046
COMP,26.45,26.45,26.48,136100.0,133900.0,0,0,0,0,0,0,381,2026-02-03 07:14:37.277046
RITC,10.32,10.32,10.34,191900.0,184300.0,0,0,0,0,0,0,382,2026-02-03 07:14:38.318669
COMP,26.45,26.45,26.46,136100.0,132100.0,0,0,0,0,0,0,382,2026-02-03 07:14:38.318669
RITC,10.32,10.29,10.32,191300.0,185500.0,0,0,0,0,0,0,383,2026-02-03 07:14:39.347505
COMP,26.42,26.42,26.46,136200.0,132100.0,0,0,0,0,0,0,383,2026-02-03 07:14:39.347505
RITC,10.32,10.32,10.33,192600.0,185700.0,0,0,0,0,0,0,384,2026-02-03 07:14:40.369409
COMP,26.42,26.42,26.46,136200.0,131500.0,0,0,0,0,0,0,384,2026-02-03 07:14:40.369409
RITC,10.32,10.32,10.33,192600.0,183900.0,0,0,0,0,0,0,385,2026-02-03 07:14:41.399157
COMP,26.38,26.38,26.46,136200.0,131500.0,0,0,0,0,0,0,385,2026-02-03 07:14:41.399157
RITC,10.34,10.32,10.33,192600.0,184300.0,0,0,0,0,0,0,386,2026-02-03 07:14:42.421929
COMP,26.38,26.38,26.46,136200.0,131400.0,0,0,0,0,0,0,386,2026-02-03 07:14:42.421929
RITC,10.34,10.32,10.33,193900.0,184300.0,0,0,0,0,0,0,387,2026-02-03 07:14:43.452628
COMP,26.4,26.38,26.4,136200.0,134000.0,0,0,0,0,0,0,387,2026-02-03 07:14:43.452628
RITC,10.32,10.31,10.32,192700.0,185500.0,0,0,0,0,0,0,388,2026-02-03 07:14:44.488800
COMP,26.4,26.38,26.4,136200.0,133100.0,0,0,0,0,0,0,388,2026-02-03 07:14:44.488800
RITC,10.33,10.33,10.34,195500.0,185100.0,0,0,0,0,0,0,389,2026-02-03 07:14:45.520423
COMP,26.4,26.38,26.4,135500.0,135200.0,0,0,0,0,0,0,389,2026-02-03 07:14:45.520423
RITC,10.34,10.33,10.34,195500.0,183500.0,0,0,0,0,0,0,390,2026-02-03 07:14:46.549102
COMP,26.36,26.36,26.4,136200.0,135200.0,0,0,0,0,0,0,390,2026-02-03 07:14:46.549102
RITC,10.35,10.34,10.35,194400.0,182700.0,0,0,0,0,0,0,391,2026-02-03 07:14:47.578467
COMP,26.36,26.38,26.4,135700.0,136100.0,0,0,0,0,0,0,391,2026-02-03 07:14:47.578467
RITC,10.35,10.34,10.35,194500.0,182600.0,0,0,0,0,0,0,392,2026-02-03 07:14:48.606365
COMP,26.38,26.38,26.4,135700.0,136100.0,0,0,0,0,0,0,392,2026-02-03 07:14:48.606365
RITC,10.34,10.33,10.34,195800.0,184000.0,0,0,0,0,0,0,393,2026-02-03 07:14:49.636021
COMP,26.38,26.38,26.39,135700.0,137300.0,0,0,0,0,0,0,393,2026-02-03 07:14:49.636021
RITC,10.36,10.33,10.36,195800.0,183800.0,0,0,0,0,0,0,394,2026-02-03 07:14:50.172132
COMP,26.38,26.38,26.39,135700.0,135500.0,0,0,0,0,0,0,394,2026-02-03 07:14:50.172132
RITC,10.36,10.33,10.36,195800.0,185800.0,0,0,0,0,0,0,395,2026-02-03 07:14:51.246957
COMP,26.38,26.38,26.39,135700.0,135800.0,0,0,0,0,0,0,395,2026-02-03 07:14:51.246957
RITC,10.36,10.35,10.36,193200.0,186500.0,0,0,0,0,0,0,396,2026-02-03 07:14:52.287177
COMP,26.35,26.35,26.39,135900.0,135800.0,0,0,0,0,0,0,396,2026-02-03 07:14:52.287177
RITC,10.36,10.35,10.36,191000.0,186500.0,0,0,0,0,0,0,397,2026-02-03 07:14:53.325740
COMP,26.34,26.34,26.39,135800.0,135400.0,0,0,0,0,0,0,397,2026-02-03 07:14:53.325740
RITC,10.37,10.35,10.37,191000.0,183800.0,0,0,0,0,0,0,398,2026-02-03 07:14:54.366577
COMP,26.34,26.34,26.39,135800.0,136200.0,0,0,0,0,0,0,398,2026-02-03 07:14:54.366577
RITC,10.37,10.35,10.37,190800.0,181000.0,0,0,0,0,0,0,399,2026-02-03 07:14:55.392195
COMP,26.34,26.34,26.39,136500.0,134200.0,0,0,0,0,0,0,399,2026-02-03 07:14:55.392195
RITC,10.37,10.35,10.37,190200.0,180900.0,0,0,0,0,0,0,400,2026-02-03 07:14:56.435478
COMP,26.34,26.34,26.35,136500.0,135300.0,0,0,0,0,0,0,400,2026-02-03 07:14:56.435478
RITC,10.37,10.35,10.37,188500.0,180900.0,0,0,0,0,0,0,401,2026-02-03 07:14:57.469936
COMP,26.34,26.34,26.35,136500.0,136700.0,0,0,0,0,0,0,401,2026-02-03 07:14:57.469936
RITC,10.37,10.35,10.37,188500.0,179700.0,0,0,0,0,0,0,402,2026-02-03 07:14:58.491112
COMP,26.35,26.34,26.35,136500.0,136700.0,0,0,0,0,0,0,402,2026-02-03 07:14:58.491112
RITC,10.38,10.36,10.38,190300.0,179400.0,0,0,0,0,0,0,403,2026-02-03 07:14:59.520866
COMP,26.35,26.34,26.35,136500.0,136300.0,0,0,0,0,0,0,403,2026-02-03 07:14:59.520866
RITC,10.38,10.36,10.38,190300.0,183600.0,0,0,0,0,0,0,404,2026-02-03 07:15:00.547995
COMP,26.35,26.34,26.35,136600.0,136300.0,0,0,0,0,0,0,404,2026-02-03 07:15:00.547995
RITC,10.38,10.36,10.38,189400.0,183600.0,0,0,0,0,0,0,405,2026-02-03 07:15:01.576496
COMP,26.32,26.32,26.35,139400.0,136300.0,0,0,0,0,0,0,405,2026-02-03 07:15:01.576496
RITC,10.38,10.36,10.38,189700.0,183600.0,0,0,0,0,0,0,406,2026-02-03 07:15:02.597253
COMP,26.32,26.32,26.35,139400.0,136300.0,0,0,0,0,0,0,406,2026-02-03 07:15:02.597253
RITC,10.38,10.37,10.38,189200.0,180700.0,0,0,0,0,0,0,407,2026-02-03 07:15:03.620668
COMP,26.31,26.31,26.35,138000.0,136300.0,0,0,0,0,0,0,407,2026-02-03 07:15:03.620668
RITC,10.38,10.37,10.38,191600.0,180700.0,0,0,0,0,0,0,408,2026-02-03 07:15:04.643031
COMP,26.31,26.31,26.35,138000.0,136300.0,0,0,0,0,0,0,408,2026-02-03 07:15:04.643031
RITC,10.38,10.37,10.38,193000.0,180700.0,0,0,0,0,0,0,409,2026-02-03 07:15:05.666956
COMP,26.31,26.32,26.35,137400.0,136300.0,0,0,0,0,0,0,409,2026-02-03 07:15:05.666956
RITC,10.37,10.37,10.38,193000.0,180700.0,0,0,0,0,0,0,410,2026-02-03 07:15:06.692818
COMP,26.37,26.34,26.37,138200.0,136000.0,0,0,0,0,0,0,410,2026-02-03 07:15:06.692818
RITC,10.38,10.38,10.39,191200.0,180900.0,0,0,0,0,0,0,411,2026-02-03 07:15:07.717293
COMP,26.37,26.34,26.36,138200.0,134400.0,0,0,0,0,0,0,411,2026-02-03 07:15:07.717293
RITC,10.38,10.38,10.39,191200.0,180900.0,0,0,0,0,0,0,412,2026-02-03 07:15:08.743877
COMP,26.36,26.34,26.37,136900.0,136000.0,0,0,0,0,0,0,412,2026-02-03 07:15:08.743877
RITC,10.39,10.38,10.39,191200.0,181900.0,0,0,0,0,0,0,413,2026-02-03 07:15:09.275436
COMP,26.36,26.34,26.37,136900.0,136000.0,0,0,0,0,0,0,413,2026-02-03 07:15:09.275436
RITC,10.39,10.38,10.39,193700.0,181900.0,0,0,0,0,0,0,414,2026-02-03 07:15:10.298893
COMP,26.34,26.34,26.37,136800.0,136000.0,0,0,0,0,0,0,414,2026-02-03 07:15:10.298893
RITC,10.38,10.38,10.4,194300.0,182100.0,0,0,0,0,0,0,415,2026-02-03 07:15:11.336166
COMP,26.34,26.34,26.37,136800.0,136000.0,0,0,0,0,0,0,415,2026-02-03 07:15:11.336166
RITC,10.38,10.37,10.38,191900.0,181800.0,0,0,0,0,0,0,416,2026-02-03 07:15:12.367816
COMP,26.31,26.31,26.37,138600.0,136000.0,0,0,0,0,0,0,416,2026-02-03 07:15:12.367816
RITC,10.37,10.37,10.38,190200.0,181800.0,0,0,0,0,0,0,417,2026-02-03 07:15:13.409529
COMP,26.31,26.31,26.34,137700.0,135500.0,0,0,0,0,0,0,417,2026-02-03 07:15:13.409529
RITC,10.37,10.37,10.38,190200.0,179000.0,0,0,0,0,0,0,418,2026-02-03 07:15:14.445213
COMP,26.35,26.31,26.35,137700.0,135600.0,0,0,0,0,0,0,418,2026-02-03 07:15:14.445213
RITC,10.37,10.37,10.38,189300.0,179000.0,0,0,0,0,0,0,419,2026-02-03 07:15:15.472687
COMP,26.35,26.31,26.34,137700.0,133400.0,0,0,0,0,0,0,419,2026-02-03 07:15:15.472687
RITC,10.36,10.36,10.38,188100.0,177200.0,0,0,0,0,0,0,420,2026-02-03 07:15:16.507948
COMP,26.35,26.31,26.35,137700.0,133800.0,0,0,0,0,0,0,420,2026-02-03 07:15:16.507948
RITC,10.35,10.35,10.38,187600.0,177200.0,0,0,0,0,0,0,421,2026-02-03 07:15:17.542696
COMP,26.35,26.31,26.35,136700.0,133200.0,0,0,0,0,0,0,421,2026-02-03 07:15:17.542696
RITC,10.35,10.35,10.36,188900.0,179900.0,0,0,0,0,0,0,422,2026-02-03 07:15:18.572337
COMP,26.35,26.31,26.35,135400.0,133200.0,0,0,0,0,0,0,422,2026-02-03 07:15:18.572337
RITC,10.35,10.35,10.36,188600.0,182100.0,0,0,0,0,0,0,423,2026-02-03 07:15:19.596076
COMP,26.35,26.34,26.35,135200.0,133200.0,0,0,0,0,0,0,423,2026-02-03 07:15:19.596076
RITC,10.35,10.35,10.36,188600.0,181000.0,0,0,0,0,0,0,424,2026-02-03 07:15:20.619012
COMP,26.31,26.31,26.35,135400.0,133200.0,0,0,0,0,0,0,424,2026-02-03 07:15:20.619012
RITC,10.34,10.34,10.36,192200.0,182200.0,0,0,0,0,0,0,425,2026-02-03 07:15:21.646255
COMP,26.37,26.31,26.37,135400.0,132300.0,0,0,0,0,0,0,425,2026-02-03 07:15:21.646255
RITC,10.34,10.34,10.36,192800.0,182200.0,0,0,0,0,0,0,426,2026-02-03 07:15:22.671108
COMP,26.37,26.34,26.37,134900.0,132300.0,0,0,0,0,0,0,426,2026-02-03 07:15:22.671108
RITC,10.34,10.34,10.36,192800.0,182400.0,0,0,0,0,0,0,427,2026-02-03 07:15:23.694417
COMP,26.37,26.34,26.37,135300.0,132400.0,0,0,0,0,0,0,427,2026-02-03 07:15:23.694417
RITC,10.34,10.34,10.35,192800.0,182900.0,0,0,0,0,0,0,428,2026-02-03 07:15:24.717912
COMP,26.34,26.34,26.37,135300.0,132400.0,0,0,0,0,0,0,428,2026-02-03 07:15:24.717912
RITC,10.33,10.31,10.33,193600.0,184200.0,0,0,0,0,0,0,429,2026-02-03 07:15:25.747158
COMP,26.37,26.34,26.37,135300.0,132700.0,0,0,0,0,0,0,429,2026-02-03 07:15:25.747158
RITC,10.31,10.31,10.33,193600.0,184300.0,0,0,0,0,0,0,430,2026-02-03 07:15:26.771200
COMP,26.37,26.34,26.35,135300.0,132100.0,0,0,0,0,0,0,430,2026-02-03 07:15:26.771200
RITC,10.31,10.31,10.33,193600.0,182000.0,0,0,0,0,0,0,431,2026-02-03 07:15:27.795448
COMP,26.35,26.36,26.37,135900.0,132700.0,0,0,0,0,0,0,431,2026-02-03 07:15:27.795448
RITC,10.31,10.31,10.33,193600.0,184600.0,0,0,0,0,0,0,432,2026-02-03 07:15:28.821279
COMP,26.38,26.31,26.38,136200.0,133100.0,0,0,0,0,0,0,432,2026-02-03 07:15:28.821279
RITC,10.31,10.31,10.32,192900.0,186100.0,0,0,0,0,0,0,433,2026-02-03 07:15:29.848800
COMP,26.38,26.36,26.38,137000.0,133100.0,0,0,0,0,0,0,433,2026-02-03 07:15:29.848800
RITC,10.31,10.31,10.32,192900.0,186100.0,0,0,0,0,0,0,434,2026-02-03 07:15:30.371944
COMP,26.38,26.36,26.38,135800.0,133100.0,0,0,0,0,0,0,434,2026-02-03 07:15:30.371944
RITC,10.31,10.29,10.31,194600.0,187500.0,0,0,0,0,0,0,435,2026-02-03 07:15:31.400166
COMP,26.38,26.36,26.38,135800.0,131100.0,0,0,0,0,0,0,435,2026-02-03 07:15:31.400166
RITC,10.31,10.31,10.32,193800.0,189700.0,0,0,0,0,0,0,436,2026-02-03 07:15:32.440864
COMP,26.38,26.36,26.38,135500.0,130400.0,0,0,0,0,0,0,436,2026-02-03 07:15:32.440864
RITC,10.31,10.31,10.32,193800.0,191300.0,0,0,0,0,0,0,437,2026-02-03 07:15:33.483923
COMP,26.36,26.36,26.38,135500.0,130400.0,0,0,0,0,0,0,437,2026-02-03 07:15:33.483923
RITC,10.26,10.26,10.3,193900.0,193200.0,0,0,0,0,0,0,438,2026-02-03 07:15:34.525878
COMP,26.38,26.38,26.39,133900.0,129100.0,0,0,0,0,0,0,438,2026-02-03 07:15:34.525878
RITC,10.3,10.3,10.32,196700.0,191300.0,0,0,0,0,0,0,439,2026-02-03 07:15:35.592396
COMP,26.38,26.38,26.39,133900.0,130300.0,0,0,0,0,0,0,439,2026-02-03 07:15:35.592396
RITC,10.3,10.3,10.32,194900.0,190900.0,0,0,0,0,0,0,440,2026-02-03 07:15:36.621737
COMP,26.38,26.38,26.39,133900.0,130100.0,0,0,0,0,0,0,440,2026-02-03 07:15:36.621737
RITC,10.3,10.3,10.31,196100.0,192600.0,0,0,0,0,0,0,441,2026-02-03 07:15:37.645285
COMP,26.37,26.37,26.39,135700.0,130100.0,0,0,0,0,0,0,441,2026-02-03 07:15:37.645285
RITC,10.31,10.3,10.31,196400.0,192600.0,0,0,0,0,0,0,442,2026-02-03 07:15:38.672533
COMP,26.37,26.37,26.39,135700.0,130100.0,0,0,0,0,0,0,442,2026-02-03 07:15:38.672533
RITC,10.31,10.3,10.31,192800.0,193300.0,0,0,0,0,0,0,443,2026-02-03 07:15:39.702617
COMP,26.37,26.37,26.39,133200.0,130100.0,0,0,0,0,0,0,443,2026-02-03 07:15:39.702617
RITC,10.3,10.29,10.3,193300.0,191700.0,0,0,0,0,0,0,444,2026-02-03 07:15:40.726182
COMP,26.37,26.37,26.39,132300.0,130100.0,0,0,0,0,0,0,444,2026-02-03 07:15:40.726182
RITC,10.29,10.29,10.3,192700.0,193600.0,0,0,0,0,0,0,445,2026-02-03 07:15:41.757023
COMP,26.37,26.37,26.39,133200.0,130500.0,0,0,0,0,0,0,445,2026-02-03 07:15:41.757023
RITC,10.31,10.29,10.31,192700.0,192700.0,0,0,0,0,0,0,446,2026-02-03 07:15:42.785308
COMP,26.39,26.37,26.39,131000.0,132400.0,0,0,0,0,0,0,446,2026-02-03 07:15:42.785308
RITC,10.28,10.28,10.29,193600.0,193700.0,0,0,0,0,0,0,447,2026-02-03 07:15:43.821838
COMP,26.36,26.36,26.39,131000.0,131600.0,0,0,0,0,0,0,447,2026-02-03 07:15:43.821838
RITC,10.27,10.27,10.29,194100.0,193700.0,0,0,0,0,0,0,448,2026-02-03 07:15:44.858575
COMP,26.36,26.36,26.39,131000.0,132200.0,0,0,0,0,0,0,448,2026-02-03 07:15:44.858575
RITC,10.27,10.27,10.29,194200.0,193700.0,0,0,0,0,0,0,449,2026-02-03 07:15:45.891533
COMP,26.34,26.31,26.33,131000.0,133300.0,0,0,0,0,0,0,449,2026-02-03 07:15:45.891533
RITC,10.27,10.27,10.29,194200.0,193700.0,0,0,0,0,0,0,450,2026-02-03 07:15:46.426132
COMP,26.34,26.31,26.33,131000.0,133300.0,0,0,0,0,0,0,450,2026-02-03 07:15:46.426132
RITC,10.26,10.26,10.29,195300.0,193700.0,0,0,0,0,0,0,451,2026-02-03 07:15:47.470742
COMP,26.31,26.31,26.33,130500.0,133300.0,0,0,0,0,0,0,451,2026-02-03 07:15:47.470742
RITC,10.29,10.3,10.31,195700.0,194700.0,0,0,0,0,0,0,452,2026-02-03 07:15:48.506843
COMP,26.31,26.32,26.33,130300.0,133300.0,0,0,0,0,0,0,452,2026-02-03 07:15:48.506843
RITC,10.3,10.26,10.3,195300.0,196400.0,0,0,0,0,0,0,453,2026-02-03 07:15:49.544198
COMP,26.31,26.32,26.33,127900.0,133300.0,0,0,0,0,0,0,453,2026-02-03 07:15:49.544198
RITC,10.26,10.26,10.29,195100.0,198800.0,0,0,0,0,0,0,454,2026-02-03 07:15:50.582067
COMP,26.34,26.32,26.34,127900.0,133500.0,0,0,0,0,0,0,454,2026-02-03 07:15:50.582067
RITC,10.26,10.26,10.27,194000.0,198700.0,0,0,0,0,0,0,455,2026-02-03 07:15:51.615776
COMP,26.34,26.32,26.34,128900.0,133200.0,0,0,0,0,0,0,455,2026-02-03 07:15:51.615776
RITC,10.27,10.26,10.29,194000.0,198800.0,0,0,0,0,0,0,456,2026-02-03 07:15:52.650788
COMP,26.34,26.32,26.34,128900.0,134100.0,0,0,0,0,0,0,456,2026-02-03 07:15:52.650788
RITC,10.25,10.25,10.29,190600.0,198800.0,0,0,0,0,0,0,457,2026-02-03 07:15:53.676008
COMP,26.37,26.35,26.37,130300.0,133600.0,0,0,0,0,0,0,457,2026-02-03 07:15:53.676008
RITC,10.25,10.26,10.29,192300.0,198800.0,0,0,0,0,0,0,458,2026-02-03 07:15:54.698095
COMP,26.37,26.35,26.37,130300.0,133900.0,0,0,0,0,0,0,458,2026-02-03 07:15:54.698095
RITC,10.25,10.27,10.29,190300.0,198800.0,0,0,0,0,0,0,459,2026-02-03 07:15:55.725041
COMP,26.39,26.35,26.39,130300.0,134400.0,0,0,0,0,0,0,459,2026-02-03 07:15:55.725041
RITC,10.29,10.27,10.29,190300.0,198800.0,0,0,0,0,0,0,460,2026-02-03 07:15:56.744208
COMP,26.39,26.35,26.39,130300.0,134400.0,0,0,0,0,0,0,460,2026-02-03 07:15:56.744208
RITC,10.3,10.28,10.3,193800.0,196400.0,0,0,0,0,0,0,461,2026-02-03 07:15:57.768961
COMP,26.39,26.38,26.39,131600.0,134400.0,0,0,0,0,0,0,461,2026-02-03 07:15:57.768961
RITC,10.31,10.28,10.31,193800.0,191800.0,0,0,0,0,0,0,462,2026-02-03 07:15:58.796808
COMP,26.38,26.35,26.39,130300.0,134400.0,0,0,0,0,0,0,462,2026-02-03 07:15:58.796808
RITC,10.31,10.28,10.31,193800.0,188600.0,0,0,0,0,0,0,463,2026-02-03 07:15:59.838565
COMP,26.32,26.32,26.34,128900.0,132900.0,0,0,0,0,0,0,463,2026-02-03 07:15:59.838565
RITC,10.31,10.28,10.31,192100.0,188600.0,0,0,0,0,0,0,464,2026-02-03 07:16:00.863680
COMP,26.32,26.32,26.34,128900.0,132900.0,0,0,0,0,0,0,464,2026-02-03 07:16:00.863680
RITC,10.31,10.3,10.31,196500.0,188600.0,0,0,0,0,0,0,465,2026-02-03 07:16:01.888003
COMP,26.32,26.31,26.32,129600.0,132200.0,0,0,0,0,0,0,465,2026-02-03 07:16:01.888003
RITC,10.31,10.3,10.31,194500.0,190400.0,0,0,0,0,0,0,466,2026-02-03 07:16:02.918035
COMP,26.31,26.3,26.31,131000.0,129900.0,0,0,0,0,0,0,466,2026-02-03 07:16:02.918035
RITC,10.31,10.3,10.31,192200.0,190400.0,0,0,0,0,0,0,467,2026-02-03 07:16:03.947284
COMP,26.3,26.3,26.32,131000.0,132200.0,0,0,0,0,0,0,467,2026-02-03 07:16:03.947284
RITC,10.31,10.3,10.31,192200.0,189200.0,0,0,0,0,0,0,468,2026-02-03 07:16:04.980524
COMP,26.34,26.3,26.34,131000.0,132900.0,0,0,0,0,0,0,468,2026-02-03 07:16:04.980524
RITC,10.3,10.3,10.31,191400.0,189200.0,0,0,0,0,0,0,469,2026-02-03 07:16:06.030923
COMP,26.3,26.3,26.34,131000.0,132900.0,0,0,0,0,0,0,469,2026-02-03 07:16:06.030923
RITC,10.3,10.3,10.31,191400.0,190000.0,0,0,0,0,0,0,470,2026-02-03 07:16:06.558553
COMP,26.3,26.3,26.34,129900.0,132900.0,0,0,0,0,0,0,470,2026-02-03 07:16:06.558553
RITC,10.29,10.29,10.31,193400.0,192200.0,0,0,0,0,0,0,471,2026-02-03 07:16:07.625902
COMP,26.34,26.38,26.39,129300.0,134400.0,0,0,0,0,0,0,471,2026-02-03 07:16:07.625902
RITC,10.28,10.28,10.3,188400.0,191500.0,0,0,0,0,0,0,472,2026-02-03 07:16:08.666494
COMP,26.39,26.38,26.39,129300.0,134100.0,0,0,0,0,0,0,472,2026-02-03 07:16:08.666494
RITC,10.3,10.28,10.3,190800.0,191500.0,0,0,0,0,0,0,473,2026-02-03 07:16:09.723696
COMP,26.29,26.29,26.33,131800.0,134300.0,0,0,0,0,0,0,473,2026-02-03 07:16:09.723696
RITC,10.3,10.29,10.3,189600.0,191500.0,0,0,0,0,0,0,474,2026-02-03 07:16:10.756876
COMP,26.29,26.29,26.31,131800.0,135300.0,0,0,0,0,0,0,474,2026-02-03 07:16:10.756876
RITC,10.29,10.29,10.3,189600.0,191500.0,0,0,0,0,0,0,475,2026-02-03 07:16:11.786794
COMP,26.31,26.32,26.33,132100.0,134300.0,0,0,0,0,0,0,475,2026-02-03 07:16:11.786794
RITC,10.28,10.28,10.3,191900.0,191500.0,0,0,0,0,0,0,476,2026-02-03 07:16:12.818644
COMP,26.33,26.34,26.39,131000.0,134100.0,0,0,0,0,0,0,476,2026-02-03 07:16:12.818644
RITC,10.31,10.28,10.31,191900.0,192600.0,0,0,0,0,0,0,477,2026-02-03 07:16:13.859558
COMP,26.34,26.34,26.39,131000.0,134100.0,0,0,0,0,0,0,477,2026-02-03 07:16:13.859558
RITC,10.31,10.28,10.29,194000.0,191500.0,0,0,0,0,0,0,478,2026-02-03 07:16:14.884698
COMP,26.34,26.36,26.39,132200.0,134100.0,0,0,0,0,0,0,478,2026-02-03 07:16:14.884698
RITC,10.31,10.28,10.29,190900.0,191500.0,0,0,0,0,0,0,479,2026-02-03 07:16:15.907203
COMP,26.4,26.36,26.4,132200.0,131100.0,0,0,0,0,0,0,479,2026-02-03 07:16:15.907203
RITC,10.27,10.27,10.29,193900.0,192000.0,0,0,0,0,0,0,480,2026-02-03 07:16:16.935118
COMP,26.36,26.36,26.4,132200.0,131100.0,0,0,0,0,0,0,480,2026-02-03 07:16:16.935118
RITC,10.29,10.27,10.29,193100.0,192600.0,0,0,0,0,0,0,481,2026-02-03 07:16:17.958665
COMP,26.36,26.34,26.36,131000.0,132100.0,0,0,0,0,0,0,481,2026-02-03 07:16:17.958665
RITC,10.29,10.27,10.29,193100.0,193700.0,0,0,0,0,0,0,482,2026-02-03 07:16:18.982744
COMP,26.36,26.34,26.36,131000.0,134500.0,0,0,0,0,0,0,482,2026-02-03 07:16:18.982744
RITC,10.29,10.27,10.28,193100.0,193700.0,0,0,0,0,0,0,483,2026-02-03 07:16:20.006766
COMP,26.36,26.35,26.36,130900.0,134500.0,0,0,0,0,0,0,483,2026-02-03 07:16:20.006766
RITC,10.27,10.27,10.28,194500.0,194500.0,0,0,0,0,0,0,484,2026-02-03 07:16:21.031228
COMP,26.36,26.35,26.36,130900.0,135000.0,0,0,0,0,0,0,484,2026-02-03 07:16:21.031228
RITC,10.27,10.27,10.28,194500.0,191900.0,0,0,0,0,0,0,485,2026-02-03 07:16:22.055690
COMP,26.36,26.35,26.36,130900.0,135000.0,0,0,0,0,0,0,485,2026-02-03 07:16:22.055690
RITC,10.27,10.27,10.28,194500.0,192300.0,0,0,0,0,0,0,486,2026-02-03 07:16:23.086991
COMP,26.34,26.34,26.36,132300.0,135000.0,0,0,0,0,0,0,486,2026-02-03 07:16:23.086991
RITC,10.27,10.26,10.28,194200.0,193800.0,0,0,0,0,0,0,487,2026-02-03 07:16:24.108710
COMP,26.36,26.34,26.36,132300.0,134100.0,0,0,0,0,0,0,487,2026-02-03 07:16:24.108710
RITC,10.27,10.26,10.27,194200.0,194500.0,0,0,0,0,0,0,488,2026-02-03 07:16:24.636717
COMP,26.37,26.34,26.37,132300.0,134200.0,0,0,0,0,0,0,488,2026-02-03 07:16:24.636717
RITC,10.26,10.26,10.27,194900.0,194500.0,0,0,0,0,0,0,489,2026-02-03 07:16:25.659349
COMP,26.38,26.38,26.4,132300.0,131100.0,0,0,0,0,0,0,489,2026-02-03 07:16:25.659349
RITC,10.26,10.26,10.27,192000.0,194500.0,0,0,0,0,0,0,490,2026-02-03 07:16:26.693520
COMP,26.38,26.34,26.37,132300.0,131800.0,0,0,0,0,0,0,490,2026-02-03 07:16:26.693520
RITC,10.25,10.25,10.27,189000.0,194500.0,0,0,0,0,0,0,491,2026-02-03 07:16:27.723491
COMP,26.28,26.28,26.37,132500.0,132000.0,0,0,0,0,0,0,491,2026-02-03 07:16:27.723491
RITC,10.24,10.24,10.27,192000.0,194500.0,0,0,0,0,0,0,492,2026-02-03 07:16:28.758980
COMP,26.28,26.28,26.37,133400.0,132000.0,0,0,0,0,0,0,492,2026-02-03 07:16:28.758980
RITC,10.24,10.24,10.26,192000.0,192100.0,0,0,0,0,0,0,493,2026-02-03 07:16:29.787662
COMP,26.28,26.28,26.32,131600.0,131400.0,0,0,0,0,0,0,493,2026-02-03 07:16:29.787662
RITC,10.24,10.24,10.26,192000.0,189600.0,0,0,0,0,0,0,494,2026-02-03 07:16:30.820387
COMP,26.28,26.28,26.32,132900.0,131800.0,0,0,0,0,0,0,494,2026-02-03 07:16:30.820387
RITC,10.24,10.24,10.25,191100.0,188800.0,0,0,0,0,0,0,495,2026-02-03 07:16:31.846032
COMP,26.28,26.28,26.32,132900.0,131800.0,0,0,0,0,0,0,495,2026-02-03 07:16:31.846032
RITC,10.24,10.24,10.25,194800.0,190500.0,0,0,0,0,0,0,496,2026-02-03 07:16:32.869140
COMP,26.27,26.27,26.32,133200.0,131800.0,0,0,0,0,0,0,496,2026-02-03 07:16:32.869140
RITC,10.24,10.24,10.25,192500.0,190700.0,0,0,0,0,0,0,497,2026-02-03 07:16:33.909921
COMP,26.26,26.26,26.32,135200.0,131800.0,0,0,0,0,0,0,497,2026-02-03 07:16:33.909921
RITC,10.24,10.24,10.25,195800.0,191600.0,0,0,0,0,0,0,498,2026-02-03 07:16:34.935732
COMP,26.25,26.25,26.32,136700.0,131800.0,0,0,0,0,0,0,498,2026-02-03 07:16:34.935732
RITC,10.25,10.24,10.25,195800.0,190800.0,0,0,0,0,0,0,499,2026-02-03 07:16:35.962072
COMP,26.25,26.25,26.32,136700.0,131800.0,0,0,0,0,0,0,499,2026-02-03 07:16:35.962072
RITC,10.23,10.23,10.25,192300.0,192900.0,0,0,0,0,0,0,500,2026-02-03 07:16:36.990812
COMP,26.25,26.25,26.32,138200.0,131800.0,0,0,0,0,0,0,500,2026-02-03 07:16:36.990812
RITC,10.23,10.23,10.25,193900.0,192900.0,0,0,0,0,0,0,501,2026-02-03 07:16:38.036949
COMP,26.24,26.24,26.32,137100.0,131400.0,0,0,0,0,0,0,501,2026-02-03 07:16:38.036949
RITC,10.23,10.23,10.25,193100.0,193000.0,0,0,0,0,0,0,502,2026-02-03 07:16:39.091678
COMP,26.32,26.24,26.32,137100.0,133300.0,0,0,0,0,0,0,502,2026-02-03 07:16:39.091678
RITC,10.22,10.22,10.23,193600.0,194100.0,0,0,0,0,0,0,503,2026-02-03 07:16:40.129249
COMP,26.24,26.24,26.32,139200.0,132600.0,0,0,0,0,0,0,503,2026-02-03 07:16:40.129249
RITC,10.22,10.22,10.23,191700.0,194100.0,0,0,0,0,0,0,504,2026-02-03 07:16:41.153806
COMP,26.24,26.24,26.29,139200.0,133800.0,0,0,0,0,0,0,504,2026-02-03 07:16:41.153806
RITC,10.22,10.22,10.23,192900.0,194100.0,0,0,0,0,0,0,505,2026-02-03 07:16:41.674585
COMP,26.24,26.24,26.29,139200.0,134100.0,0,0,0,0,0,0,505,2026-02-03 07:16:41.674585
RITC,10.22,10.22,10.23,192900.0,192200.0,0,0,0,0,0,0,506,2026-02-03 07:16:42.695509
COMP,26.29,26.3,26.32,137300.0,132600.0,0,0,0,0,0,0,506,2026-02-03 07:16:42.695509
RITC,10.21,10.21,10.23,190900.0,192200.0,0,0,0,0,0,0,507,2026-02-03 07:16:43.723238
COMP,26.29,26.3,26.32,137300.0,132600.0,0,0,0,0,0,0,507,2026-02-03 07:16:43.723238
RITC,10.21,10.21,10.23,191500.0,192200.0,0,0,0,0,0,0,508,2026-02-03 07:16:44.747564
COMP,26.27,26.27,26.31,137500.0,134400.0,0,0,0,0,0,0,508,2026-02-03 07:16:44.747564
RITC,10.23,10.22,10.23,188800.0,192200.0,0,0,0,0,0,0,509,2026-02-03 07:16:45.773870
COMP,26.27,26.29,26.31,138000.0,134400.0,0,0,0,0,0,0,509,2026-02-03 07:16:45.773870
RITC,10.23,10.24,10.25,188500.0,193400.0,0,0,0,0,0,0,510,2026-02-03 07:16:46.796352
COMP,26.27,26.24,26.25,139200.0,134500.0,0,0,0,0,0,0,510,2026-02-03 07:16:46.796352
RITC,10.25,10.24,10.25,187700.0,192300.0,0,0,0,0,0,0,511,2026-02-03 07:16:47.819876
COMP,26.21,26.21,26.25,138700.0,134500.0,0,0,0,0,0,0,511,2026-02-03 07:16:47.819876
RITC,10.26,10.24,10.26,186900.0,193200.0,0,0,0,0,0,0,512,2026-02-03 07:16:48.846013
COMP,26.28,26.3,26.31,139600.0,134400.0,0,0,0,0,0,0,512,2026-02-03 07:16:48.846013
RITC,10.26,10.24,10.26,184500.0,194700.0,0,0,0,0,0,0,513,2026-02-03 07:16:49.884385
COMP,26.28,26.3,26.31,139600.0,131700.0,0,0,0,0,0,0,513,2026-02-03 07:16:49.884385
RITC,10.27,10.24,10.27,184500.0,193200.0,0,0,0,0,0,0,514,2026-02-03 07:16:50.920489
COMP,26.31,26.3,26.31,139600.0,130800.0,0,0,0,0,0,0,514,2026-02-03 07:16:50.920489
RITC,10.23,10.23,10.24,186100.0,192100.0,0,0,0,0,0,0,515,2026-02-03 07:16:51.944774
COMP,26.21,26.21,26.27,140300.0,128900.0,0,0,0,0,0,0,515,2026-02-03 07:16:51.944774
RITC,10.22,10.22,10.24,189500.0,192100.0,0,0,0,0,0,0,516,2026-02-03 07:16:52.970167
COMP,26.3,26.21,26.28,140300.0,129200.0,0,0,0,0,0,0,516,2026-02-03 07:16:52.970167
RITC,10.23,10.22,10.23,189500.0,193100.0,0,0,0,0,0,0,517,2026-02-03 07:16:54.013417
COMP,26.2,26.2,26.28,140600.0,129200.0,0,0,0,0,0,0,517,2026-02-03 07:16:54.013417
RITC,10.24,10.26,10.27,188000.0,193200.0,0,0,0,0,0,0,518,2026-02-03 07:16:55.055084
COMP,26.31,26.2,26.27,140600.0,129500.0,0,0,0,0,0,0,518,2026-02-03 07:16:55.055084
RITC,10.27,10.26,10.27,188000.0,195800.0,0,0,0,0,0,0,519,2026-02-03 07:16:56.101569
COMP,26.31,26.2,26.27,140600.0,128700.0,0,0,0,0,0,0,519,2026-02-03 07:16:56.101569
RITC,10.27,10.26,10.27,185800.0,195800.0,0,0,0,0,0,0,520,2026-02-03 07:16:57.142177
COMP,26.2,26.19,26.2,138800.0,130100.0,0,0,0,0,0,0,520,2026-02-03 07:16:57.142177
RITC,10.27,10.26,10.27,185300.0,195800.0,0,0,0,0,0,0,521,2026-02-03 07:16:58.170014
COMP,26.17,26.17,26.23,139000.0,129700.0,0,0,0,0,0,0,521,2026-02-03 07:16:58.170014
RITC,10.27,10.26,10.27,183500.0,195900.0,0,0,0,0,0,0,522,2026-02-03 07:16:59.190646
COMP,26.17,26.17,26.22,139000.0,128500.0,0,0,0,0,0,0,522,2026-02-03 07:16:59.190646
RITC,10.28,10.26,10.28,183500.0,193800.0,0,0,0,0,0,0,523,2026-02-03 07:17:00.215722
COMP,26.17,26.17,26.18,139000.0,129100.0,0,0,0,0,0,0,523,2026-02-03 07:17:00.215722
RITC,10.28,10.26,10.28,183500.0,194000.0,0,0,0,0,0,0,524,2026-02-03 07:17:01.233436
COMP,26.17,26.17,26.18,137600.0,130400.0,0,0,0,0,0,0,524,2026-02-03 07:17:01.233436
RITC,10.28,10.26,10.28,183400.0,194000.0,0,0,0,0,0,0,525,2026-02-03 07:17:02.251868
COMP,26.17,26.17,26.18,138000.0,130400.0,0,0,0,0,0,0,525,2026-02-03 07:17:02.251868
RITC,10.29,10.26,10.29,183400.0,194500.0,0,0,0,0,0,0,526,2026-02-03 07:17:03.276905
COMP,26.17,26.17,26.18,138000.0,129100.0,0,0,0,0,0,0,526,2026-02-03 07:17:03.276905
RITC,10.29,10.26,10.29,183000.0,194500.0,0,0,0,0,0,0,527,2026-02-03 07:17:03.798600
COMP,26.18,26.17,26.18,138000.0,129100.0,0,0,0,0,0,0,527,2026-02-03 07:17:03.798600
RITC,10.29,10.26,10.29,185400.0,194500.0,0,0,0,0,0,0,528,2026-02-03 07:17:04.826212
COMP,26.18,26.17,26.18,138000.0,127400.0,0,0,0,0,0,0,528,2026-02-03 07:17:04.826212
RITC,10.29,10.27,10.29,183400.0,194500.0,0,0,0,0,0,0,529,2026-02-03 07:17:05.851747
COMP,26.16,26.14,26.15,137500.0,125400.0,0,0,0,0,0,0,529,2026-02-03 07:17:05.851747
RITC,10.29,10.29,10.3,188400.0,193300.0,0,0,0,0,0,0,530,2026-02-03 07:17:06.878507
COMP,26.16,26.14,26.15,137500.0,125400.0,0,0,0,0,0,0,530,2026-02-03 07:17:06.878507
RITC,10.31,10.29,10.31,188400.0,194800.0,0,0,0,0,0,0,531,2026-02-03 07:17:07.902457
COMP,26.16,26.14,26.15,137500.0,127800.0,0,0,0,0,0,0,531,2026-02-03 07:17:07.902457
RITC,10.31,10.29,10.3,191500.0,196200.0,0,0,0,0,0,0,532,2026-02-03 07:17:08.928010
COMP,26.16,26.14,26.15,137500.0,126700.0,0,0,0,0,0,0,532,2026-02-03 07:17:08.928010
RITC,10.31,10.31,10.32,192200.0,193900.0,0,0,0,0,0,0,533,2026-02-03 07:17:09.955168
COMP,26.13,26.13,26.15,138000.0,126700.0,0,0,0,0,0,0,533,2026-02-03 07:17:09.955168
RITC,10.31,10.31,10.32,191300.0,193900.0,0,0,0,0,0,0,534,2026-02-03 07:17:10.977046
COMP,26.13,26.13,26.15,135900.0,126700.0,0,0,0,0,0,0,534,2026-02-03 07:17:10.977046
RITC,10.32,10.31,10.32,191300.0,193800.0,0,0,0,0,0,0,535,2026-02-03 07:17:12.003147
COMP,26.17,26.13,26.17,135900.0,129000.0,0,0,0,0,0,0,535,2026-02-03 07:17:12.003147
RITC,10.31,10.3,10.31,192100.0,194700.0,0,0,0,0,0,0,536,2026-02-03 07:17:13.028577
COMP,26.12,26.12,26.17,138100.0,129000.0,0,0,0,0,0,0,536,2026-02-03 07:17:13.028577
RITC,10.31,10.3,10.31,192100.0,196200.0,0,0,0,0,0,0,537,2026-02-03 07:17:14.053063
COMP,26.12,26.12,26.14,138100.0,128800.0,0,0,0,0,0,0,537,2026-02-03 07:17:14.053063
RITC,10.31,10.31,10.32,192900.0,194700.0,0,0,0,0,0,0,538,2026-02-03 07:17:15.079641
COMP,26.12,26.12,26.14,138100.0,129100.0,0,0,0,0,0,0,538,2026-02-03 07:17:15.079641
RITC,10.31,10.31,10.32,192900.0,194700.0,0,0,0,0,0,0,539,2026-02-03 07:17:16.117540
COMP,26.12,26.11,26.12,137600.0,130200.0,0,0,0,0,0,0,539,2026-02-03 07:17:16.117540
RITC,10.29,10.29,10.32,193000.0,195700.0,0,0,0,0,0,0,540,2026-02-03 07:17:17.157933
COMP,26.12,26.11,26.12,137600.0,130400.0,0,0,0,0,0,0,540,2026-02-03 07:17:17.157933
RITC,10.29,10.29,10.32,193700.0,195700.0,0,0,0,0,0,0,541,2026-02-03 07:17:18.207701
COMP,26.1,26.1,26.12,139200.0,130400.0,0,0,0,0,0,0,541,2026-02-03 07:17:18.207701
RITC,10.32,10.29,10.32,193700.0,195600.0,0,0,0,0,0,0,542,2026-02-03 07:17:19.242298
COMP,26.1,26.1,26.12,139100.0,130400.0,0,0,0,0,0,0,542,2026-02-03 07:17:19.242298
RITC,10.32,10.31,10.32,195800.0,197200.0,0,0,0,0,0,0,543,2026-02-03 07:17:20.272942
COMP,26.13,26.1,26.13,139100.0,128800.0,0,0,0,0,0,0,543,2026-02-03 07:17:20.272942
RITC,10.28,10.28,10.32,192100.0,197200.0,0,0,0,0,0,0,544,2026-02-03 07:17:21.299687
COMP,26.13,26.11,26.13,137900.0,128800.0,0,0,0,0,0,0,544,2026-02-03 07:17:21.299687
RITC,10.32,10.28,10.32,192100.0,197700.0,0,0,0,0,0,0,545,2026-02-03 07:17:22.327114
COMP,26.13,26.11,26.13,137900.0,128500.0,0,0,0,0,0,0,545,2026-02-03 07:17:22.327114
RITC,10.32,10.28,10.29,192800.0,198000.0,0,0,0,0,0,0,546,2026-02-03 07:17:23.354446
COMP,26.14,26.11,26.14,137900.0,129200.0,0,0,0,0,0,0,546,2026-02-03 07:17:23.354446
RITC,10.29,10.3,10.32,192000.0,197700.0,0,0,0,0,0,0,547,2026-02-03 07:17:23.876218
COMP,26.14,26.11,26.14,137900.0,128500.0,0,0,0,0,0,0,547,2026-02-03 07:17:23.876218
RITC,10.28,10.27,10.28,190100.0,200300.0,0,0,0,0,0,0,548,2026-02-03 07:17:24.899822
COMP,26.1,26.1,26.14,139100.0,128500.0,0,0,0,0,0,0,548,2026-02-03 07:17:24.899822
RITC,10.28,10.27,10.28,190100.0,199800.0,0,0,0,0,0,0,549,2026-02-03 07:17:25.927343
COMP,26.16,26.1,26.16,139100.0,129400.0,0,0,0,0,0,0,549,2026-02-03 07:17:25.927343
RITC,10.32,10.29,10.32,192800.0,196800.0,0,0,0,0,0,0,550,2026-02-03 07:17:26.950234
COMP,26.17,26.1,26.17,139100.0,129400.0,0,0,0,0,0,0,550,2026-02-03 07:17:26.950234
RITC,10.29,10.27,10.28,190100.0,197000.0,0,0,0,0,0,0,551,2026-02-03 07:17:27.973209
COMP,26.17,26.15,26.17,139400.0,127900.0,0,0,0,0,0,0,551,2026-02-03 07:17:27.973209
RITC,10.27,10.27,10.28,190100.0,198300.0,0,0,0,0,0,0,552,2026-02-03 07:17:28.994358
COMP,26.15,26.15,26.17,139400.0,127900.0,0,0,0,0,0,0,552,2026-02-03 07:17:28.994358
RITC,10.27,10.27,10.28,188100.0,197300.0,0,0,0,0,0,0,553,2026-02-03 07:17:30.018162
COMP,26.1,26.1,26.17,138000.0,127900.0,0,0,0,0,0,0,553,2026-02-03 07:17:30.018162
RITC,10.27,10.27,10.28,188100.0,197200.0,0,0,0,0,0,0,554,2026-02-03 07:17:31.042952
COMP,26.1,26.1,26.13,138000.0,129400.0,0,0,0,0,0,0,554,2026-02-03 07:17:31.042952
RITC,10.27,10.27,10.28,188100.0,195000.0,0,0,0,0,0,0,555,2026-02-03 07:17:32.065054
COMP,26.09,26.09,26.13,138100.0,129100.0,0,0,0,0,0,0,555,2026-02-03 07:17:32.065054
RITC,10.27,10.27,10.28,188100.0,195900.0,0,0,0,0,0,0,556,2026-02-03 07:17:33.088137
COMP,26.09,26.09,26.11,138100.0,129000.0,0,0,0,0,0,0,556,2026-02-03 07:17:33.088137
RITC,10.26,10.26,10.28,184000.0,197300.0,0,0,0,0,0,0,557,2026-02-03 07:17:34.121237
COMP,26.09,26.09,26.11,138100.0,131200.0,0,0,0,0,0,0,557,2026-02-03 07:17:34.121237
RITC,10.26,10.26,10.28,186300.0,196500.0,0,0,0,0,0,0,558,2026-02-03 07:17:35.147181
COMP,26.11,26.09,26.11,138500.0,131200.0,0,0,0,0,0,0,558,2026-02-03 07:17:35.147181
RITC,10.26,10.26,10.28,186400.0,196500.0,0,0,0,0,0,0,559,2026-02-03 07:17:36.172694
COMP,26.08,26.08,26.11,139100.0,130500.0,0,0,0,0,0,0,559,2026-02-03 07:17:36.172694
RITC,10.26,10.27,10.28,187600.0,196500.0,0,0,0,0,0,0,560,2026-02-03 07:17:37.196499
COMP,26.07,26.07,26.11,138500.0,130500.0,0,0,0,0,0,0,560,2026-02-03 07:17:37.196499
RITC,10.26,10.27,10.28,187100.0,196500.0,0,0,0,0,0,0,561,2026-02-03 07:17:38.229096
COMP,26.05,26.03,26.04,138400.0,131400.0,0,0,0,0,0,0,561,2026-02-03 07:17:38.229096
RITC,10.28,10.27,10.28,187100.0,195500.0,0,0,0,0,0,0,562,2026-02-03 07:17:39.262048
COMP,26.05,26.03,26.04,138400.0,131600.0,0,0,0,0,0,0,562,2026-02-03 07:17:39.262048
RITC,10.28,10.27,10.28,193000.0,195500.0,0,0,0,0,0,0,563,2026-02-03 07:17:40.304430
COMP,26.05,26.03,26.04,138400.0,133800.0,0,0,0,0,0,0,563,2026-02-03 07:17:40.304430
RITC,10.28,10.27,10.28,194400.0,197900.0,0,0,0,0,0,0,564,2026-02-03 07:17:41.357415
COMP,26.03,26.03,26.04,138400.0,133800.0,0,0,0,0,0,0,564,2026-02-03 07:17:41.357415
RITC,10.28,10.27,10.28,194400.0,197600.0,0,0,0,0,0,0,565,2026-02-03 07:17:42.417857
COMP,26.03,26.03,26.04,137300.0,133500.0,0,0,0,0,0,0,565,2026-02-03 07:17:42.417857
RITC,10.29,10.27,10.29,195600.0,196200.0,0,0,0,0,0,0,566,2026-02-03 07:17:43.444887
COMP,26.05,26.03,26.05,137300.0,132800.0,0,0,0,0,0,0,566,2026-02-03 07:17:43.444887
RITC,10.29,10.27,10.29,194100.0,196200.0,0,0,0,0,0,0,567,2026-02-03 07:17:43.973121
COMP,26.07,26.03,26.07,137300.0,131800.0,0,0,0,0,0,0,567,2026-02-03 07:17:43.973121
RITC,10.29,10.28,10.29,195300.0,199500.0,0,0,0,0,0,0,568,2026-02-03 07:17:45.006934
COMP,26.07,26.03,26.05,137800.0,132000.0,0,0,0,0,0,0,568,2026-02-03 07:17:45.006934
RITC,10.29,10.28,10.29,195300.0,199500.0,0,0,0,0,0,0,569,2026-02-03 07:17:46.033736
COMP,26.07,26.03,26.05,137800.0,132600.0,0,0,0,0,0,0,569,2026-02-03 07:17:46.033736
RITC,10.29,10.28,10.29,196000.0,199600.0,0,0,0,0,0,0,570,2026-02-03 07:17:47.061039
COMP,26.07,26.04,26.05,136800.0,132600.0,0,0,0,0,0,0,570,2026-02-03 07:17:47.061039
RITC,10.29,10.28,10.29,195400.0,200600.0,0,0,0,0,0,0,571,2026-02-03 07:17:48.083795
COMP,26.05,26.05,26.06,135200.0,132500.0,0,0,0,0,0,0,571,2026-02-03 07:17:48.083795
RITC,10.31,10.29,10.31,193400.0,198900.0,0,0,0,0,0,0,572,2026-02-03 07:17:49.104139
COMP,26.04,26.04,26.06,136800.0,132500.0,0,0,0,0,0,0,572,2026-02-03 07:17:49.104139
RITC,10.31,10.3,10.31,195000.0,198900.0,0,0,0,0,0,0,573,2026-02-03 07:17:50.134754
COMP,26.03,26.03,26.06,136600.0,132500.0,0,0,0,0,0,0,573,2026-02-03 07:17:50.134754
RITC,10.32,10.3,10.32,195000.0,195800.0,0,0,0,0,0,0,574,2026-02-03 07:17:51.161661
COMP,26.02,26.02,26.05,136400.0,132400.0,0,0,0,0,0,0,574,2026-02-03 07:17:51.161661
RITC,10.33,10.3,10.33,195000.0,196200.0,0,0,0,0,0,0,575,2026-02-03 07:17:52.214092
COMP,26.01,26.01,26.05,136900.0,132400.0,0,0,0,0,0,0,575,2026-02-03 07:17:52.214092
RITC,10.33,10.3,10.33,195000.0,196200.0,0,0,0,0,0,0,576,2026-02-03 07:17:53.240481
COMP,26.01,26.01,26.05,136900.0,132800.0,0,0,0,0,0,0,576,2026-02-03 07:17:53.240481
RITC,10.33,10.3,10.33,195600.0,196400.0,0,0,0,0,0,0,577,2026-02-03 07:17:54.264417
COMP,26.0,26.0,26.05,137600.0,132800.0,0,0,0,0,0,0,577,2026-02-03 07:17:54.264417
RITC,10.33,10.3,10.33,195600.0,196200.0,0,0,0,0,0,0,578,2026-02-03 07:17:55.291984
COMP,26.0,26.0,26.05,138500.0,132800.0,0,0,0,0,0,0,578,2026-02-03 07:17:55.291984
RITC,10.33,10.32,10.33,196000.0,196200.0,0,0,0,0,0,0,579,2026-02-03 07:17:56.444260
COMP,26.0,26.0,26.03,136500.0,132500.0,0,0,0,0,0,0,579,2026-02-03 07:17:56.444260
RITC,10.33,10.32,10.33,193400.0,194900.0,0,0,0,0,0,0,580,2026-02-03 07:17:57.485681
COMP,26.0,26.0,26.02,136500.0,133800.0,0,0,0,0,0,0,580,2026-02-03 07:17:57.485681
RITC,10.34,10.32,10.34,191600.0,193800.0,0,0,0,0,0,0,581,2026-02-03 07:17:58.518225
COMP,26.0,26.0,26.02,136500.0,133800.0,0,0,0,0,0,0,581,2026-02-03 07:17:58.518225
RITC,10.34,10.32,10.34,194500.0,193800.0,0,0,0,0,0,0,582,2026-02-03 07:17:59.548252
COMP,25.99,25.99,26.02,136600.0,133800.0,0,0,0,0,0,0,582,2026-02-03 07:17:59.548252
RITC,10.34,10.32,10.34,192400.0,193800.0,0,0,0,0,0,0,583,2026-02-03 07:18:00.071551
COMP,25.99,25.99,26.02,136600.0,133800.0,0,0,0,0,0,0,583,2026-02-03 07:18:00.071551
RITC,10.34,10.32,10.34,192900.0,193800.0,0,0,0,0,0,0,584,2026-02-03 07:18:01.098764
COMP,25.98,25.98,26.02,136600.0,133800.0,0,0,0,0,0,0,584,2026-02-03 07:18:01.098764
RITC,10.34,10.33,10.34,192700.0,193800.0,0,0,0,0,0,0,585,2026-02-03 07:18:02.124950
COMP,25.98,25.98,26.0,136600.0,132300.0,0,0,0,0,0,0,585,2026-02-03 07:18:02.124950
RITC,10.34,10.33,10.34,310800.0,193800.0,0,0,0,0,0,0,586,2026-02-03 07:18:03.149224
COMP,25.88,25.88,26.0,132200.0,132300.0,0,0,0,0,0,0,586,2026-02-03 07:18:03.149224
RITC,10.35,10.35,10.36,455700.0,189000.0,0,0,0,0,0,0,587,2026-02-03 07:18:04.180218
COMP,25.88,25.98,26.0,269800.0,132300.0,0,0,0,0,0,0,587,2026-02-03 07:18:04.180218
RITC,10.37,10.37,10.38,513300.0,188800.0,0,0,0,0,0,0,588,2026-02-03 07:18:05.205461
COMP,26.0,26.0,26.02,333100.0,133600.0,0,0,0,0,0,0,588,2026-02-03 07:18:05.205461
RITC,10.38,10.38,10.39,668900.0,188300.0,0,0,0,0,0,0,589,2026-02-03 07:18:06.226196
COMP,26.0,26.0,26.02,401300.0,205900.0,0,0,0,0,0,0,589,2026-02-03 07:18:06.226196
RITC,10.4,10.38,10.4,723100.0,190000.0,0,0,0,0,0,0,590,2026-02-03 07:18:07.247069
COMP,26.0,26.0,26.02,457900.0,205900.0,0,0,0,0,0,0,590,2026-02-03 07:18:07.247069
RITC,10.38,10.38,10.43,645800.0,188600.0,0,0,0,0,0,0,591,2026-02-03 07:18:08.270301
COMP,26.05,26.0,26.05,457900.0,271200.0,0,0,0,0,0,0,591,2026-02-03 07:18:08.270301
RITC,10.43,10.38,10.43,645800.0,188400.0,0,0,0,0,0,0,592,2026-02-03 07:18:09.296386
COMP,26.05,26.0,26.05,527400.0,271200.0,0,0,0,0,0,0,592,2026-02-03 07:18:09.296386
RITC,10.43,10.39,10.41,719200.0,255200.0,0,0,0,0,0,0,593,2026-02-03 07:18:10.331805
COMP,26.05,26.0,26.05,611400.0,271200.0,0,0,0,0,0,0,593,2026-02-03 07:18:10.331805
RITC,10.43,10.39,10.41,844300.0,255200.0,0,0,0,0,0,0,594,2026-02-03 07:18:11.356476
COMP,26.05,26.02,26.05,683100.0,271200.0,0,0,0,0,0,0,594,2026-02-03 07:18:11.356476
RITC,10.41,10.41,10.43,844300.0,249700.0,0,0,0,0,0,0,595,2026-02-03 07:18:12.379353
COMP,26.05,26.02,26.05,683100.0,267800.0,0,0,0,0,0,0,595,2026-02-03 07:18:12.379353
RITC,10.41,10.42,10.43,917200.0,188400.0,0,0,0,0,0,0,596,2026-02-03 07:18:13.400351
COMP,26.05,26.02,26.05,683100.0,201300.0,0,0,0,0,0,0,596,2026-02-03 07:18:13.400351
RITC,10.47,10.44,10.47,980300.0,191900.0,0,0,0,0,0,0,597,2026-02-03 07:18:14.426842
COMP,26.06,26.06,26.07,827400.0,131700.0,0,0,0,0,0,0,597,2026-02-03 07:18:14.426842
RITC,10.5,10.5,10.51,1058900.0,268400.0,0,0,0,0,0,0,598,2026-02-03 07:18:15.456296
COMP,26.08,26.09,26.11,949500.0,131200.0,0,0,0,0,0,0,598,2026-02-03 07:18:15.456296
RITC,10.5,10.44,10.46,980300.0,384600.0,0,0,0,0,0,0,599,2026-02-03 07:18:16.489368
COMP,26.08,26.09,26.11,949500.0,131200.0,0,0,0,0,0,0,599,2026-02-03 07:18:16.489368
