ticker,last_price,bid_price,ask_price,BUY_ANON,SELL_ANON,BUY_GIOT-1,SELL_GIOT-2,BUY_GIOT-3,BUY_GIOT-2,SELL_GIOT-1,SELL_GIOT-3,tick,timestamp
RITC,0.0,0.0,0.0,200100.0,196700.0,0,0,0,0,0,0,0,2026-02-03 05:39:29.528113
COMP,25.0,0.0,25.03,136700.0,132000.0,0,0,0,0,0,0,0,2026-02-03 05:39:29.528113
RITC,10.0,10.0,10.01,200100.0,196700.0,0,0,0,0,0,0,1,2026-02-03 05:39:30.554568,1.0,1.0,1.0,,Welcome to the RITC 2026 Liquidity Risk Case - practice server,Good Luck!
COMP,25.0,25.0,25.02,136700.0,132900.0,0,0,0,0,0,0,1,2026-02-03 05:39:30.554568,,,,,,
RITC,10.0,9.99,10.01,200100.0,193600.0,0,0,0,0,0,0,2,2026-02-03 05:39:31.579839
COMP,24.98,24.98,25.0,134800.0,135000.0,0,0,0,0,0,0,2,2026-02-03 05:39:31.579839
RITC,10.01,10.01,10.02,198100.0,196900.0,0,0,0,0,0,0,3,2026-02-03 05:39:32.601799
COMP,24.97,24.97,25.0,126500.0,135000.0,0,0,0,0,0,0,3,2026-02-03 05:39:32.601799
RITC,10.01,9.99,10.01,200100.0,196200.0,0,0,0,0,0,0,4,2026-02-03 05:39:33.631256
COMP,24.97,24.97,25.0,126500.0,135000.0,0,0,0,0,0,0,4,2026-02-03 05:39:33.631256
RITC,10.01,9.99,10.0,200100.0,197300.0,0,0,0,0,0,0,5,2026-02-03 05:39:34.657732
COMP,24.96,24.96,25.0,119500.0,135000.0,0,0,0,0,0,0,5,2026-02-03 05:39:34.657732
RITC,9.99,9.99,10.0,202400.0,197300.0,0,0,0,0,0,0,6,2026-02-03 05:39:35.691871
COMP,24.96,24.96,24.98,119500.0,137500.0,0,0,0,0,0,0,6,2026-02-03 05:39:35.691871
RITC,9.98,9.98,10.0,205000.0,197300.0,0,0,0,0,0,0,7,2026-02-03 05:39:36.722184
COMP,24.96,24.96,24.98,119500.0,137500.0,0,0,0,0,0,0,7,2026-02-03 05:39:36.722184
RITC,9.98,9.98,10.0,205000.0,198600.0,0,0,0,0,0,0,8,2026-02-03 05:39:37.747387
COMP,24.96,24.96,24.98,119500.0,137500.0,0,0,0,0,0,0,8,2026-02-03 05:39:37.747387
RITC,9.98,9.98,10.0,205000.0,197900.0,0,0,0,0,0,0,9,2026-02-03 05:39:38.777967
COMP,24.96,24.96,24.98,119500.0,138200.0,0,0,0,0,0,0,9,2026-02-03 05:39:38.777967
RITC,9.98,9.98,9.99,205000.0,197300.0,0,0,0,0,0,0,10,2026-02-03 05:39:39.806056
COMP,24.96,24.96,24.98,112800.0,138500.0,0,0,0,0,0,0,10,2026-02-03 05:39:39.806056
RITC,9.98,9.98,9.99,194500.0,199900.0,0,0,0,0,0,0,11,2026-02-03 05:39:40.834097
COMP,24.96,24.96,24.97,112800.0,136500.0,0,0,0,0,0,0,11,2026-02-03 05:39:40.834097
RITC,9.97,9.97,9.98,175900.0,201400.0,0,0,0,0,0,0,12,2026-02-03 05:39:41.857193
COMP,24.96,24.96,24.97,106100.0,138000.0,0,0,0,0,0,0,12,2026-02-03 05:39:41.857193
RITC,9.97,9.97,9.98,175900.0,200800.0,0,0,0,0,0,0,13,2026-02-03 05:39:42.879201
COMP,24.92,24.92,24.97,93200.0,138000.0,0,0,0,0,0,0,13,2026-02-03 05:39:42.879201
RITC,9.97,9.97,9.98,175900.0,200800.0,0,0,0,0,0,0,14,2026-02-03 05:39:43.404367
COMP,24.92,24.92,24.97,86100.0,138000.0,0,0,0,0,0,0,14,2026-02-03 05:39:43.404367
RITC,9.96,9.96,9.97,165500.0,200900.0,0,0,0,0,0,0,15,2026-02-03 05:39:44.423879
COMP,24.91,24.91,24.97,73700.0,138000.0,0,0,0,0,0,0,15,2026-02-03 05:39:44.423879
RITC,9.96,9.96,9.97,165500.0,200500.0,0,0,0,0,0,0,16,2026-02-03 05:39:45.448435
COMP,24.87,24.87,24.94,67400.0,137400.0,0,0,0,0,0,0,16,2026-02-03 05:39:45.448435
RITC,9.96,9.95,9.96,156600.0,203500.0,0,0,0,0,0,0,17,2026-02-03 05:39:46.481823
COMP,24.87,24.87,24.94,68100.0,137400.0,0,0,0,0,0,0,17,2026-02-03 05:39:46.481823
RITC,9.95,9.95,9.96,138200.0,203500.0,0,0,0,0,0,0,18,2026-02-03 05:39:47.515931
COMP,24.87,24.87,24.88,68100.0,137000.0,0,0,0,0,0,0,18,2026-02-03 05:39:47.515931
RITC,9.95,9.95,9.96,138200.0,204300.0,0,0,0,0,0,0,19,2026-02-03 05:39:48.542831
COMP,24.87,24.86,24.87,69800.0,139300.0,0,0,0,0,0,0,19,2026-02-03 05:39:48.542831
RITC,9.95,9.95,9.96,138200.0,202900.0,0,0,0,0,0,0,20,2026-02-03 05:39:49.573308
COMP,24.87,24.86,24.87,69800.0,140400.0,0,0,0,0,0,0,20,2026-02-03 05:39:49.573308
RITC,9.94,9.94,9.96,126900.0,202900.0,0,0,0,0,0,0,21,2026-02-03 05:39:50.597028
COMP,24.87,24.86,24.87,69800.0,140500.0,0,0,0,0,0,0,21,2026-02-03 05:39:50.597028
RITC,9.94,9.94,9.95,126900.0,201800.0,0,0,0,0,0,0,22,2026-02-03 05:39:51.621421
COMP,24.84,24.84,24.87,70100.0,140500.0,0,0,0,0,0,0,22,2026-02-03 05:39:51.621421
RITC,9.94,9.94,9.95,118200.0,202800.0,0,0,0,0,0,0,23,2026-02-03 05:39:52.643091
COMP,24.84,24.84,24.86,70100.0,141400.0,0,0,0,0,0,0,23,2026-02-03 05:39:52.643091
RITC,9.93,9.93,9.95,109100.0,200800.0,0,0,0,0,0,0,24,2026-02-03 05:39:53.665288
COMP,24.83,24.84,24.86,67900.0,141400.0,0,0,0,0,0,0,24,2026-02-03 05:39:53.665288
RITC,9.93,9.93,9.95,109100.0,200300.0,0,0,0,0,0,0,25,2026-02-03 05:39:54.688778
COMP,24.84,24.84,24.86,67900.0,141400.0,0,0,0,0,0,0,25,2026-02-03 05:39:54.688778
RITC,9.93,9.93,9.95,108800.0,197500.0,0,0,0,0,0,0,26,2026-02-03 05:39:55.708461
COMP,24.84,24.84,24.86,67900.0,141600.0,0,0,0,0,0,0,26,2026-02-03 05:39:55.708461
RITC,9.93,9.9,9.91,105900.0,196000.0,0,0,0,0,0,0,27,2026-02-03 05:39:56.730251
COMP,24.82,24.83,24.86,70100.0,141600.0,0,0,0,0,0,0,27,2026-02-03 05:39:56.730251
RITC,9.93,9.9,9.91,105900.0,196700.0,0,0,0,0,0,0,28,2026-02-03 05:39:57.751994
COMP,24.77,24.77,24.86,70400.0,141600.0,0,0,0,0,0,0,28,2026-02-03 05:39:57.751994
RITC,9.9,9.9,9.91,105900.0,198000.0,0,0,0,0,0,0,29,2026-02-03 05:39:58.774045
COMP,24.77,24.77,24.8,70400.0,142300.0,0,0,0,0,0,0,29,2026-02-03 05:39:58.774045
RITC,9.87,9.87,9.91,102800.0,198000.0,0,0,0,0,0,0,30,2026-02-03 05:39:59.795111
COMP,24.74,24.74,24.78,71100.0,144200.0,0,0,0,0,0,0,30,2026-02-03 05:39:59.795111
RITC,9.87,9.87,9.89,102800.0,198300.0,0,0,0,0,0,0,31,2026-02-03 05:40:00.817215
COMP,24.74,24.74,24.78,71100.0,143200.0,0,0,0,0,0,0,31,2026-02-03 05:40:00.817215
RITC,9.91,9.87,9.91,102800.0,199400.0,0,0,0,0,0,0,32,2026-02-03 05:40:01.838693
COMP,24.74,24.74,24.76,71100.0,142300.0,0,0,0,0,0,0,32,2026-02-03 05:40:01.838693
RITC,9.91,9.87,9.9,102800.0,198700.0,0,0,0,0,0,0,33,2026-02-03 05:40:02.861188
COMP,24.73,24.73,24.76,71500.0,142300.0,0,0,0,0,0,0,33,2026-02-03 05:40:02.861188
RITC,9.91,9.88,9.9,111500.0,198700.0,0,0,0,0,0,0,34,2026-02-03 05:40:03.886729
COMP,24.73,24.67,24.73,71400.0,139800.0,0,0,0,0,0,0,34,2026-02-03 05:40:03.886729
RITC,9.9,9.88,9.9,122700.0,199800.0,0,0,0,0,0,0,35,2026-02-03 05:40:04.904197
COMP,24.73,24.67,24.73,71400.0,139100.0,0,0,0,0,0,0,35,2026-02-03 05:40:04.904197
RITC,9.91,9.9,9.91,134600.0,200700.0,0,0,0,0,0,0,36,2026-02-03 05:40:05.925301
COMP,24.66,24.66,24.73,71900.0,138400.0,0,0,0,0,0,0,36,2026-02-03 05:40:05.925301
RITC,9.88,9.88,9.9,114000.0,200700.0,0,0,0,0,0,0,37,2026-02-03 05:40:06.948071
COMP,24.66,24.66,24.73,71900.0,140100.0,0,0,0,0,0,0,37,2026-02-03 05:40:06.948071
RITC,9.88,9.88,9.89,114000.0,199600.0,0,0,0,0,0,0,38,2026-02-03 05:40:07.971083
COMP,24.66,24.66,24.73,70400.0,140100.0,0,0,0,0,0,0,38,2026-02-03 05:40:07.971083
RITC,9.88,9.88,9.89,124000.0,199600.0,0,0,0,0,0,0,39,2026-02-03 05:40:08.995770
COMP,24.62,24.62,24.64,69600.0,142300.0,0,0,0,0,0,0,39,2026-02-03 05:40:08.995770
RITC,9.9,9.89,9.9,133500.0,199700.0,0,0,0,0,0,0,40,2026-02-03 05:40:10.022379
COMP,24.73,24.62,24.73,69600.0,141500.0,0,0,0,0,0,0,40,2026-02-03 05:40:10.022379
RITC,9.91,9.89,9.91,133500.0,199400.0,0,0,0,0,0,0,41,2026-02-03 05:40:10.547576
COMP,24.73,24.62,24.67,69600.0,139500.0,0,0,0,0,0,0,41,2026-02-03 05:40:10.547576
RITC,9.92,9.89,9.92,143900.0,197400.0,0,0,0,0,0,0,42,2026-02-03 05:40:11.572620
COMP,24.55,24.55,24.67,68500.0,139500.0,0,0,0,0,0,0,42,2026-02-03 05:40:11.572620
RITC,9.92,9.94,9.95,164900.0,197500.0,0,0,0,0,0,0,43,2026-02-03 05:40:12.599396
COMP,24.55,24.61,24.67,75600.0,141800.0,0,0,0,0,0,0,43,2026-02-03 05:40:12.599396
RITC,9.93,9.93,9.95,153000.0,195100.0,0,0,0,0,0,0,44,2026-02-03 05:40:13.629603
COMP,24.55,24.63,24.67,82200.0,141800.0,0,0,0,0,0,0,44,2026-02-03 05:40:13.629603
RITC,9.9,9.9,9.95,152800.0,195100.0,0,0,0,0,0,0,45,2026-02-03 05:40:14.659295
COMP,24.55,24.64,24.67,89600.0,141800.0,0,0,0,0,0,0,45,2026-02-03 05:40:14.659295
RITC,9.88,9.88,9.92,123200.0,198000.0,0,0,0,0,0,0,46,2026-02-03 05:40:15.688667
COMP,24.64,24.64,24.67,89600.0,141900.0,0,0,0,0,0,0,46,2026-02-03 05:40:15.688667
RITC,9.88,9.88,9.92,140900.0,198000.0,0,0,0,0,0,0,47,2026-02-03 05:40:16.712251
COMP,24.64,24.64,24.65,89600.0,142900.0,0,0,0,0,0,0,47,2026-02-03 05:40:16.712251
RITC,9.95,9.9,9.95,151400.0,195100.0,0,0,0,0,0,0,48,2026-02-03 05:40:17.737842
COMP,24.63,24.63,24.65,81600.0,142900.0,0,0,0,0,0,0,48,2026-02-03 05:40:17.737842
RITC,9.95,9.91,9.95,171400.0,195100.0,0,0,0,0,0,0,49,2026-02-03 05:40:18.759155
COMP,24.63,24.61,24.62,75600.0,141600.0,0,0,0,0,0,0,49,2026-02-03 05:40:18.759155
RITC,9.95,9.92,9.95,194600.0,195100.0,0,0,0,0,0,0,50,2026-02-03 05:40:19.783103
COMP,24.63,24.61,24.62,89000.0,141600.0,0,0,0,0,0,0,50,2026-02-03 05:40:19.783103
RITC,9.95,9.93,9.95,203900.0,197900.0,0,0,0,0,0,0,51,2026-02-03 05:40:20.808312
COMP,24.63,24.61,24.62,104200.0,141600.0,0,0,0,0,0,0,51,2026-02-03 05:40:20.808312
RITC,9.95,9.93,9.95,200600.0,197900.0,0,0,0,0,0,0,52,2026-02-03 05:40:21.833468
COMP,24.65,24.61,24.65,104200.0,142900.0,0,0,0,0,0,0,52,2026-02-03 05:40:21.833468
RITC,9.95,9.93,9.95,201800.0,202400.0,0,0,0,0,0,0,53,2026-02-03 05:40:22.857512
COMP,24.61,24.61,24.65,111600.0,142900.0,0,0,0,0,0,0,53,2026-02-03 05:40:22.857512
RITC,9.96,9.93,9.96,203300.0,204900.0,0,0,0,0,0,0,54,2026-02-03 05:40:23.900494
COMP,24.61,24.61,24.65,111600.0,141900.0,0,0,0,0,0,0,54,2026-02-03 05:40:23.900494
RITC,9.93,9.93,9.96,203500.0,204900.0,0,0,0,0,0,0,55,2026-02-03 05:40:24.924328
COMP,24.61,24.61,24.65,104500.0,141900.0,0,0,0,0,0,0,55,2026-02-03 05:40:24.924328
RITC,9.96,9.93,9.94,203500.0,202800.0,0,0,0,0,0,0,56,2026-02-03 05:40:25.952291
COMP,24.65,24.61,24.65,104500.0,141600.0,0,0,0,0,0,0,56,2026-02-03 05:40:25.952291
RITC,9.96,9.93,9.96,204700.0,202600.0,0,0,0,0,0,0,57,2026-02-03 05:40:26.985584
COMP,24.65,24.63,24.65,111200.0,141600.0,0,0,0,0,0,0,57,2026-02-03 05:40:26.985584
RITC,9.92,9.92,9.96,203100.0,202700.0,0,0,0,0,0,0,58,2026-02-03 05:40:28.012977
COMP,24.67,24.63,24.67,111200.0,142200.0,0,0,0,0,0,0,58,2026-02-03 05:40:28.012977
RITC,9.92,9.92,9.96,203100.0,203600.0,0,0,0,0,0,0,59,2026-02-03 05:40:29.037929
COMP,24.67,24.63,24.67,111200.0,142000.0,0,0,0,0,0,0,59,2026-02-03 05:40:29.037929
RITC,9.92,9.92,9.96,203300.0,201300.0,0,0,0,0,0,0,60,2026-02-03 05:40:30.057099
COMP,24.67,24.72,24.73,124900.0,141100.0,0,0,0,0,0,0,60,2026-02-03 05:40:30.057099
RITC,9.91,9.91,9.94,200800.0,199000.0,0,0,0,0,0,0,61,2026-02-03 05:40:31.078629
COMP,24.67,24.72,24.73,132400.0,141100.0,0,0,0,0,0,0,61,2026-02-03 05:40:31.078629
RITC,9.91,9.91,9.94,201400.0,199000.0,0,0,0,0,0,0,62,2026-02-03 05:40:32.103084
COMP,24.69,24.69,24.73,125900.0,142000.0,0,0,0,0,0,0,62,2026-02-03 05:40:32.103084
RITC,9.91,9.9,9.91,192400.0,200400.0,0,0,0,0,0,0,63,2026-02-03 05:40:33.125829
COMP,24.69,24.69,24.71,125900.0,142700.0,0,0,0,0,0,0,63,2026-02-03 05:40:33.125829
RITC,9.9,9.9,9.94,192400.0,199000.0,0,0,0,0,0,0,64,2026-02-03 05:40:34.146723
COMP,24.69,24.69,24.71,132400.0,140500.0,0,0,0,0,0,0,64,2026-02-03 05:40:34.146723
RITC,9.9,9.9,9.94,192400.0,200400.0,0,0,0,0,0,0,65,2026-02-03 05:40:34.669245
COMP,24.69,24.69,24.71,140900.0,140500.0,0,0,0,0,0,0,65,2026-02-03 05:40:34.669245
RITC,9.9,9.9,9.94,192400.0,199500.0,0,0,0,0,0,0,66,2026-02-03 05:40:35.691081
COMP,24.73,24.69,24.73,140900.0,142200.0,0,0,0,0,0,0,66,2026-02-03 05:40:35.691081
RITC,9.9,9.9,9.94,181900.0,200800.0,0,0,0,0,0,0,67,2026-02-03 05:40:36.715742
COMP,24.73,24.69,24.73,140300.0,141000.0,0,0,0,0,0,0,67,2026-02-03 05:40:36.715742
RITC,9.9,9.93,9.94,191900.0,200800.0,0,0,0,0,0,0,68,2026-02-03 05:40:37.751305
COMP,24.73,24.69,24.73,140300.0,141200.0,0,0,0,0,0,0,68,2026-02-03 05:40:37.751305
RITC,9.93,9.93,9.94,191900.0,201500.0,0,0,0,0,0,0,69,2026-02-03 05:40:38.781635
COMP,24.68,24.68,24.71,132600.0,141100.0,0,0,0,0,0,0,69,2026-02-03 05:40:38.781635
RITC,9.93,9.9,9.91,181900.0,203600.0,0,0,0,0,0,0,70,2026-02-03 05:40:39.812582
COMP,24.68,24.68,24.71,140000.0,141100.0,0,0,0,0,0,0,70,2026-02-03 05:40:39.812582
RITC,9.9,9.88,9.89,182700.0,203600.0,0,0,0,0,0,0,71,2026-02-03 05:40:40.838455
COMP,24.71,24.72,24.73,140700.0,141200.0,0,0,0,0,0,0,71,2026-02-03 05:40:40.838455
RITC,9.91,9.88,9.91,192200.0,203600.0,0,0,0,0,0,0,72,2026-02-03 05:40:41.866706
COMP,24.74,24.74,24.76,141600.0,143000.0,0,0,0,0,0,0,72,2026-02-03 05:40:41.866706
RITC,9.91,9.9,9.91,204400.0,203600.0,0,0,0,0,0,0,73,2026-02-03 05:40:42.892109
COMP,24.76,24.74,24.76,141600.0,144800.0,0,0,0,0,0,0,73,2026-02-03 05:40:42.892109
RITC,9.91,9.91,9.94,204400.0,201700.0,0,0,0,0,0,0,74,2026-02-03 05:40:43.912593
COMP,24.76,24.74,24.76,140100.0,144800.0,0,0,0,0,0,0,74,2026-02-03 05:40:43.912593
RITC,9.94,9.93,9.94,203500.0,204600.0,0,0,0,0,0,0,75,2026-02-03 05:40:44.936960
COMP,24.78,24.74,24.78,140100.0,142400.0,0,0,0,0,0,0,75,2026-02-03 05:40:44.936960
RITC,9.94,9.93,9.94,202500.0,204600.0,0,0,0,0,0,0,76,2026-02-03 05:40:45.958862
COMP,24.78,24.74,24.78,141100.0,142400.0,0,0,0,0,0,0,76,2026-02-03 05:40:45.958862
RITC,9.96,9.93,9.96,202500.0,202600.0,0,0,0,0,0,0,77,2026-02-03 05:40:46.978664
COMP,24.76,24.76,24.78,143300.0,142400.0,0,0,0,0,0,0,77,2026-02-03 05:40:46.978664
RITC,9.96,9.95,9.96,201900.0,202600.0,0,0,0,0,0,0,78,2026-02-03 05:40:48.003055
COMP,24.78,24.76,24.78,143300.0,142100.0,0,0,0,0,0,0,78,2026-02-03 05:40:48.003055
RITC,9.96,9.95,9.96,200100.0,200600.0,0,0,0,0,0,0,79,2026-02-03 05:40:49.037216
COMP,24.78,24.77,24.78,141000.0,142100.0,0,0,0,0,0,0,79,2026-02-03 05:40:49.037216
RITC,9.96,9.95,9.96,200100.0,203600.0,0,0,0,0,0,0,80,2026-02-03 05:40:50.082817
COMP,24.78,24.77,24.78,141000.0,140600.0,0,0,0,0,0,0,80,2026-02-03 05:40:50.082817
RITC,9.96,9.95,9.96,200100.0,203100.0,0,0,0,0,0,0,81,2026-02-03 05:40:51.110546
COMP,24.78,24.77,24.78,141500.0,140600.0,0,0,0,0,0,0,81,2026-02-03 05:40:51.110546
RITC,9.96,9.95,9.96,198200.0,203100.0,0,0,0,0,0,0,82,2026-02-03 05:40:52.134818
COMP,24.78,24.77,24.78,141500.0,139000.0,0,0,0,0,0,0,82,2026-02-03 05:40:52.134818
RITC,9.96,9.95,9.96,198200.0,200600.0,0,0,0,0,0,0,83,2026-02-03 05:40:53.155816
COMP,24.78,24.77,24.78,141500.0,139000.0,0,0,0,0,0,0,83,2026-02-03 05:40:53.155816
RITC,9.96,9.95,9.96,199600.0,202700.0,0,0,0,0,0,0,84,2026-02-03 05:40:54.175245
COMP,24.78,24.77,24.78,141700.0,139000.0,0,0,0,0,0,0,84,2026-02-03 05:40:54.175245
RITC,9.97,9.95,9.96,199600.0,202600.0,0,0,0,0,0,0,85,2026-02-03 05:40:55.196958
COMP,24.78,24.77,24.78,140200.0,139000.0,0,0,0,0,0,0,85,2026-02-03 05:40:55.196958
RITC,9.95,9.95,9.96,199100.0,202600.0,0,0,0,0,0,0,86,2026-02-03 05:40:56.218433
COMP,24.78,24.78,24.8,138800.0,138100.0,0,0,0,0,0,0,86,2026-02-03 05:40:56.218433
RITC,9.95,9.95,9.96,201600.0,202600.0,0,0,0,0,0,0,87,2026-02-03 05:40:57.246094
COMP,24.78,24.78,24.8,138700.0,138100.0,0,0,0,0,0,0,87,2026-02-03 05:40:57.246094
RITC,9.95,9.95,9.96,201000.0,202600.0,0,0,0,0,0,0,88,2026-02-03 05:40:58.272970
COMP,24.8,24.78,24.8,136500.0,138100.0,0,0,0,0,0,0,88,2026-02-03 05:40:58.272970
RITC,9.97,9.95,9.97,201000.0,201900.0,0,0,0,0,0,0,89,2026-02-03 05:40:58.800597
COMP,24.8,24.78,24.8,137300.0,138100.0,0,0,0,0,0,0,89,2026-02-03 05:40:58.800597
RITC,9.95,9.95,9.97,203300.0,201900.0,0,0,0,0,0,0,90,2026-02-03 05:40:59.861622
COMP,24.8,24.79,24.8,137400.0,138100.0,0,0,0,0,0,0,90,2026-02-03 05:40:59.861622
RITC,9.95,9.95,9.97,203300.0,200300.0,0,0,0,0,0,0,91,2026-02-03 05:41:00.938583
COMP,24.81,24.79,24.81,137400.0,138700.0,0,0,0,0,0,0,91,2026-02-03 05:41:00.938583
RITC,9.95,9.95,9.97,203400.0,202300.0,0,0,0,0,0,0,92,2026-02-03 05:41:01.970291
COMP,24.78,24.78,24.82,139100.0,140700.0,0,0,0,0,0,0,92,2026-02-03 05:41:01.970291
RITC,9.97,9.96,9.97,199800.0,202300.0,0,0,0,0,0,0,93,2026-02-03 05:41:02.998696
COMP,24.78,24.78,24.82,139300.0,140700.0,0,0,0,0,0,0,93,2026-02-03 05:41:02.998696
RITC,9.97,9.96,9.97,199800.0,200300.0,0,0,0,0,0,0,94,2026-02-03 05:41:04.022020
COMP,24.78,24.78,24.82,139200.0,140700.0,0,0,0,0,0,0,94,2026-02-03 05:41:04.022020
RITC,9.97,9.96,9.97,199800.0,202800.0,0,0,0,0,0,0,95,2026-02-03 05:41:05.046891
COMP,24.82,24.78,24.82,139200.0,141500.0,0,0,0,0,0,0,95,2026-02-03 05:41:05.046891
RITC,9.97,9.95,9.97,203400.0,202800.0,0,0,0,0,0,0,96,2026-02-03 05:41:06.070658
COMP,24.86,24.79,24.86,139100.0,142500.0,0,0,0,0,0,0,96,2026-02-03 05:41:06.070658
RITC,9.98,9.97,9.98,200200.0,203200.0,0,0,0,0,0,0,97,2026-02-03 05:41:07.092223
COMP,24.86,24.82,24.86,138200.0,143300.0,0,0,0,0,0,0,97,2026-02-03 05:41:07.092223
RITC,9.97,9.95,9.96,203400.0,199700.0,0,0,0,0,0,0,98,2026-02-03 05:41:08.115677
COMP,24.86,24.82,24.86,138200.0,143300.0,0,0,0,0,0,0,98,2026-02-03 05:41:08.115677
RITC,9.98,9.95,9.98,203400.0,199700.0,0,0,0,0,0,0,99,2026-02-03 05:41:09.139371
COMP,24.86,24.82,24.86,137600.0,142800.0,0,0,0,0,0,0,99,2026-02-03 05:41:09.139371
RITC,9.99,9.97,9.99,201600.0,202400.0,0,0,0,0,0,0,100,2026-02-03 05:41:10.163262
COMP,24.86,24.84,24.86,137900.0,142800.0,0,0,0,0,0,0,100,2026-02-03 05:41:10.163262
RITC,9.98,9.97,9.98,201600.0,202300.0,0,0,0,0,0,0,101,2026-02-03 05:41:11.185861
COMP,24.86,24.84,24.86,137900.0,141800.0,0,0,0,0,0,0,101,2026-02-03 05:41:11.185861
RITC,9.99,9.97,9.99,201600.0,202300.0,0,0,0,0,0,0,102,2026-02-03 05:41:12.212089
COMP,24.86,24.84,24.86,137900.0,141800.0,0,0,0,0,0,0,102,2026-02-03 05:41:12.212089
RITC,9.97,9.97,9.99,201600.0,202300.0,0,0,0,0,0,0,103,2026-02-03 05:41:13.236753
COMP,24.84,24.84,24.86,137900.0,141800.0,0,0,0,0,0,0,103,2026-02-03 05:41:13.236753
RITC,9.95,9.94,9.95,201400.0,203000.0,0,0,0,0,0,0,104,2026-02-03 05:41:14.257745
COMP,24.86,24.84,24.86,137900.0,141400.0,0,0,0,0,0,0,104,2026-02-03 05:41:14.257745
RITC,9.95,9.95,9.96,202700.0,205300.0,0,0,0,0,0,0,105,2026-02-03 05:41:15.282903
COMP,24.86,24.84,24.86,137800.0,145000.0,0,0,0,0,0,0,105,2026-02-03 05:41:15.282903
RITC,9.95,9.95,9.96,202700.0,201800.0,0,0,0,0,0,0,106,2026-02-03 05:41:16.304915
COMP,24.86,24.84,24.86,137800.0,144500.0,0,0,0,0,0,0,106,2026-02-03 05:41:16.304915
RITC,9.95,9.95,9.96,202700.0,200300.0,0,0,0,0,0,0,107,2026-02-03 05:41:17.327429
COMP,24.86,24.86,24.87,138000.0,143700.0,0,0,0,0,0,0,107,2026-02-03 05:41:17.327429
RITC,9.94,9.94,9.95,201400.0,201100.0,0,0,0,0,0,0,108,2026-02-03 05:41:18.345714
COMP,24.86,24.86,24.87,138000.0,143700.0,0,0,0,0,0,0,108,2026-02-03 05:41:18.345714
RITC,9.93,9.93,9.95,201900.0,202900.0,0,0,0,0,0,0,109,2026-02-03 05:41:19.368555
COMP,24.87,24.86,24.87,136100.0,144500.0,0,0,0,0,0,0,109,2026-02-03 05:41:19.368555
RITC,9.93,9.93,9.94,201900.0,201100.0,0,0,0,0,0,0,110,2026-02-03 05:41:20.392810
COMP,24.87,24.86,24.87,136100.0,143600.0,0,0,0,0,0,0,110,2026-02-03 05:41:20.392810
RITC,9.93,9.93,9.94,201900.0,201500.0,0,0,0,0,0,0,111,2026-02-03 05:41:20.913655
COMP,24.84,24.84,24.87,137300.0,143600.0,0,0,0,0,0,0,111,2026-02-03 05:41:20.913655
RITC,9.93,9.93,9.94,202100.0,202200.0,0,0,0,0,0,0,112,2026-02-03 05:41:21.933312
COMP,24.83,24.83,24.87,137600.0,143600.0,0,0,0,0,0,0,112,2026-02-03 05:41:21.933312
RITC,9.92,9.92,9.94,203100.0,202300.0,0,0,0,0,0,0,113,2026-02-03 05:41:22.957695
COMP,24.87,24.86,24.87,137700.0,145300.0,0,0,0,0,0,0,113,2026-02-03 05:41:22.957695
RITC,9.91,9.91,9.92,203500.0,199600.0,0,0,0,0,0,0,114,2026-02-03 05:41:23.989212
COMP,24.87,24.86,24.87,137700.0,144700.0,0,0,0,0,0,0,114,2026-02-03 05:41:23.989212
RITC,9.91,9.91,9.92,203500.0,199700.0,0,0,0,0,0,0,115,2026-02-03 05:41:25.019584
COMP,24.87,24.86,24.87,137700.0,144900.0,0,0,0,0,0,0,115,2026-02-03 05:41:25.019584
RITC,9.91,9.91,9.92,204600.0,200100.0,0,0,0,0,0,0,116,2026-02-03 05:41:26.048432
COMP,24.87,24.86,24.87,137700.0,145700.0,0,0,0,0,0,0,116,2026-02-03 05:41:26.048432
RITC,9.9,9.9,9.92,203300.0,198300.0,0,0,0,0,0,0,117,2026-02-03 05:41:27.076449
COMP,24.87,24.86,24.87,136200.0,145700.0,0,0,0,0,0,0,117,2026-02-03 05:41:27.076449
RITC,9.87,9.87,9.89,204000.0,196800.0,0,0,0,0,0,0,118,2026-02-03 05:41:28.111333
COMP,24.86,24.86,24.87,136600.0,145000.0,0,0,0,0,0,0,118,2026-02-03 05:41:28.111333
RITC,9.87,9.87,9.89,194600.0,196800.0,0,0,0,0,0,0,119,2026-02-03 05:41:29.134989
COMP,24.87,24.86,24.87,136600.0,144600.0,0,0,0,0,0,0,119,2026-02-03 05:41:29.134989
RITC,9.87,9.87,9.88,194600.0,196800.0,0,0,0,0,0,0,120,2026-02-03 05:41:30.173946
COMP,24.82,24.82,24.87,137600.0,145400.0,0,0,0,0,0,0,120,2026-02-03 05:41:30.173946
RITC,9.86,9.86,9.87,185600.0,195800.0,0,0,0,0,0,0,121,2026-02-03 05:41:31.204058
COMP,24.82,24.82,24.87,137600.0,145300.0,0,0,0,0,0,0,121,2026-02-03 05:41:31.204058
RITC,9.86,9.86,9.87,185600.0,197300.0,0,0,0,0,0,0,122,2026-02-03 05:41:32.225200
COMP,24.79,24.79,24.87,139100.0,145300.0,0,0,0,0,0,0,122,2026-02-03 05:41:32.225200
RITC,9.86,9.86,9.87,176100.0,199000.0,0,0,0,0,0,0,123,2026-02-03 05:41:33.244394
COMP,24.79,24.86,24.87,138900.0,145300.0,0,0,0,0,0,0,123,2026-02-03 05:41:33.244394
RITC,9.85,9.85,9.87,164700.0,199300.0,0,0,0,0,0,0,124,2026-02-03 05:41:34.267327
COMP,24.88,24.86,24.88,138400.0,143700.0,0,0,0,0,0,0,124,2026-02-03 05:41:34.267327
RITC,9.85,9.84,9.85,142800.0,200300.0,0,0,0,0,0,0,125,2026-02-03 05:41:35.290833
COMP,24.88,24.86,24.88,138400.0,142500.0,0,0,0,0,0,0,125,2026-02-03 05:41:35.290833
RITC,9.84,9.84,9.85,142800.0,198700.0,0,0,0,0,0,0,126,2026-02-03 05:41:36.315359
COMP,24.88,24.86,24.88,138200.0,142500.0,0,0,0,0,0,0,126,2026-02-03 05:41:36.315359
RITC,9.84,9.83,9.84,130900.0,200500.0,0,0,0,0,0,0,127,2026-02-03 05:41:37.341802
COMP,24.88,24.86,24.88,138200.0,141500.0,0,0,0,0,0,0,127,2026-02-03 05:41:37.341802
RITC,9.83,9.83,9.84,130900.0,197500.0,0,0,0,0,0,0,128,2026-02-03 05:41:38.361497
COMP,24.88,24.88,24.89,136100.0,140900.0,0,0,0,0,0,0,128,2026-02-03 05:41:38.361497
RITC,9.82,9.82,9.83,119000.0,196100.0,0,0,0,0,0,0,129,2026-02-03 05:41:39.384301
COMP,24.88,24.88,24.89,134100.0,140900.0,0,0,0,0,0,0,129,2026-02-03 05:41:39.384301
RITC,9.82,9.82,9.83,109700.0,199300.0,0,0,0,0,0,0,130,2026-02-03 05:41:40.407327
COMP,24.88,24.88,24.89,136500.0,140900.0,0,0,0,0,0,0,130,2026-02-03 05:41:40.407327
RITC,9.78,9.78,9.83,98500.0,201100.0,0,0,0,0,0,0,131,2026-02-03 05:41:41.427298
COMP,24.88,24.88,24.89,136500.0,141200.0,0,0,0,0,0,0,131,2026-02-03 05:41:41.427298
RITC,9.78,9.78,9.82,98500.0,200900.0,0,0,0,0,0,0,132,2026-02-03 05:41:42.449220
COMP,24.88,24.88,24.89,133500.0,141200.0,0,0,0,0,0,0,132,2026-02-03 05:41:42.449220
RITC,9.82,9.78,9.81,98500.0,198800.0,0,0,0,0,0,0,133,2026-02-03 05:41:43.470873
COMP,24.88,24.88,24.89,133500.0,140800.0,0,0,0,0,0,0,133,2026-02-03 05:41:43.470873
RITC,9.76,9.73,9.75,101400.0,203200.0,0,0,0,0,0,0,134,2026-02-03 05:41:44.492735
COMP,24.88,24.88,24.89,133500.0,140600.0,0,0,0,0,0,0,134,2026-02-03 05:41:44.492735
RITC,9.75,9.73,9.74,101400.0,203800.0,0,0,0,0,0,0,135,2026-02-03 05:41:45.513774
COMP,24.89,24.88,24.89,134700.0,140600.0,0,0,0,0,0,0,135,2026-02-03 05:41:45.513774
RITC,9.73,9.73,9.74,112100.0,203800.0,0,0,0,0,0,0,136,2026-02-03 05:41:46.536120
COMP,24.9,24.88,24.9,134700.0,138900.0,0,0,0,0,0,0,136,2026-02-03 05:41:46.536120
RITC,9.72,9.72,9.74,101700.0,204000.0,0,0,0,0,0,0,137,2026-02-03 05:41:47.059023
COMP,24.9,24.88,24.9,134700.0,138900.0,0,0,0,0,0,0,137,2026-02-03 05:41:47.059023
RITC,9.71,9.71,9.74,101700.0,204000.0,0,0,0,0,0,0,138,2026-02-03 05:41:48.096057
COMP,24.86,24.86,24.9,135300.0,140200.0,0,0,0,0,0,0,138,2026-02-03 05:41:48.096057
RITC,9.71,9.72,9.73,113100.0,204300.0,0,0,0,0,0,0,139,2026-02-03 05:41:49.115167
COMP,24.86,24.86,24.87,135300.0,140100.0,0,0,0,0,0,0,139,2026-02-03 05:41:49.115167
RITC,9.71,9.67,9.71,99600.0,201100.0,0,0,0,0,0,0,140,2026-02-03 05:41:50.136753
COMP,24.86,24.86,24.87,134600.0,140100.0,0,0,0,0,0,0,140,2026-02-03 05:41:50.136753
RITC,9.71,9.69,9.71,122200.0,201100.0,0,0,0,0,0,0,141,2026-02-03 05:41:51.156838
COMP,24.86,24.86,24.87,135400.0,140100.0,0,0,0,0,0,0,141,2026-02-03 05:41:51.156838
RITC,9.73,9.72,9.73,131300.0,204300.0,0,0,0,0,0,0,142,2026-02-03 05:41:52.177367
COMP,24.85,24.85,24.87,135900.0,140100.0,0,0,0,0,0,0,142,2026-02-03 05:41:52.177367
RITC,9.74,9.72,9.74,143600.0,204000.0,0,0,0,0,0,0,143,2026-02-03 05:41:53.199674
COMP,24.85,24.85,24.87,135900.0,140300.0,0,0,0,0,0,0,143,2026-02-03 05:41:53.199674
RITC,9.74,9.72,9.74,143600.0,202000.0,0,0,0,0,0,0,144,2026-02-03 05:41:54.220683
COMP,24.85,24.85,24.87,134900.0,140300.0,0,0,0,0,0,0,144,2026-02-03 05:41:54.220683
RITC,9.72,9.72,9.74,144100.0,202000.0,0,0,0,0,0,0,145,2026-02-03 05:41:55.241881
COMP,24.84,24.83,24.87,137600.0,139500.0,0,0,0,0,0,0,145,2026-02-03 05:41:55.241881
RITC,9.72,9.72,9.74,144100.0,203700.0,0,0,0,0,0,0,146,2026-02-03 05:41:56.263280
COMP,24.84,24.83,24.87,137600.0,137100.0,0,0,0,0,0,0,146,2026-02-03 05:41:56.263280
RITC,9.72,9.72,9.74,131800.0,204300.0,0,0,0,0,0,0,147,2026-02-03 05:41:57.285938
COMP,24.83,24.83,24.87,138900.0,137000.0,0,0,0,0,0,0,147,2026-02-03 05:41:57.285938
RITC,9.69,9.69,9.71,122200.0,204100.0,0,0,0,0,0,0,148,2026-02-03 05:41:58.322854
COMP,24.83,24.83,24.87,138600.0,137000.0,0,0,0,0,0,0,148,2026-02-03 05:41:58.322854
RITC,9.68,9.68,9.7,110800.0,203900.0,0,0,0,0,0,0,149,2026-02-03 05:41:59.351670
COMP,24.83,24.83,24.87,138600.0,137900.0,0,0,0,0,0,0,149,2026-02-03 05:41:59.351670
RITC,9.71,9.7,9.71,121700.0,204100.0,0,0,0,0,0,0,150,2026-02-03 05:42:00.375852
COMP,24.83,24.83,24.87,138600.0,137900.0,0,0,0,0,0,0,150,2026-02-03 05:42:00.375852
RITC,9.71,9.73,9.74,132500.0,204300.0,0,0,0,0,0,0,151,2026-02-03 05:42:01.399014
COMP,24.83,24.83,24.84,138600.0,137700.0,0,0,0,0,0,0,151,2026-02-03 05:42:01.399014
RITC,9.71,9.7,9.72,121700.0,203400.0,0,0,0,0,0,0,152,2026-02-03 05:42:02.420890
COMP,24.82,24.82,24.84,138600.0,137700.0,0,0,0,0,0,0,152,2026-02-03 05:42:02.420890
RITC,9.7,9.68,9.7,110800.0,203000.0,0,0,0,0,0,0,153,2026-02-03 05:42:03.446658
COMP,24.82,24.82,24.84,138600.0,139200.0,0,0,0,0,0,0,153,2026-02-03 05:42:03.446658
RITC,9.66,9.66,9.69,99800.0,205200.0,0,0,0,0,0,0,154,2026-02-03 05:42:04.476516
COMP,24.8,24.8,24.84,138700.0,140900.0,0,0,0,0,0,0,154,2026-02-03 05:42:04.476516
RITC,9.64,9.62,9.66,99600.0,206400.0,0,0,0,0,0,0,155,2026-02-03 05:42:05.499852
COMP,24.8,24.8,24.82,138700.0,138600.0,0,0,0,0,0,0,155,2026-02-03 05:42:05.499852
RITC,9.64,9.62,9.63,99600.0,204700.0,0,0,0,0,0,0,156,2026-02-03 05:42:06.521828
COMP,24.8,24.8,24.82,138700.0,138800.0,0,0,0,0,0,0,156,2026-02-03 05:42:06.521828
RITC,9.64,9.62,9.63,120300.0,204700.0,0,0,0,0,0,0,157,2026-02-03 05:42:07.546068
COMP,24.79,24.79,24.82,139100.0,138800.0,0,0,0,0,0,0,157,2026-02-03 05:42:07.546068
RITC,9.62,9.62,9.63,120300.0,206900.0,0,0,0,0,0,0,158,2026-02-03 05:42:08.565514
COMP,24.78,24.78,24.82,139100.0,138800.0,0,0,0,0,0,0,158,2026-02-03 05:42:08.565514
RITC,9.61,9.61,9.63,107900.0,205500.0,0,0,0,0,0,0,159,2026-02-03 05:42:09.587752
COMP,24.77,24.77,24.82,139600.0,138800.0,0,0,0,0,0,0,159,2026-02-03 05:42:09.587752
RITC,9.61,9.61,9.63,107700.0,205500.0,0,0,0,0,0,0,160,2026-02-03 05:42:10.610567
COMP,24.77,24.77,24.82,139600.0,141200.0,0,0,0,0,0,0,160,2026-02-03 05:42:10.610567
RITC,9.61,9.62,9.63,117300.0,207600.0,0,0,0,0,0,0,161,2026-02-03 05:42:11.631697
COMP,24.77,24.77,24.82,140300.0,141200.0,0,0,0,0,0,0,161,2026-02-03 05:42:11.631697
RITC,9.61,9.62,9.63,126400.0,208500.0,0,0,0,0,0,0,162,2026-02-03 05:42:12.650603
COMP,24.77,24.77,24.82,140600.0,141200.0,0,0,0,0,0,0,162,2026-02-03 05:42:12.650603
RITC,9.63,9.62,9.63,126400.0,207100.0,0,0,0,0,0,0,163,2026-02-03 05:42:13.670986
COMP,24.76,24.74,24.76,141400.0,139400.0,0,0,0,0,0,0,163,2026-02-03 05:42:13.670986
RITC,9.62,9.62,9.63,126600.0,207100.0,0,0,0,0,0,0,164,2026-02-03 05:42:14.692292
COMP,24.76,24.74,24.76,141400.0,140400.0,0,0,0,0,0,0,164,2026-02-03 05:42:14.692292
RITC,9.65,9.62,9.65,126600.0,204000.0,0,0,0,0,0,0,165,2026-02-03 05:42:15.212798
COMP,24.74,24.74,24.76,141900.0,140400.0,0,0,0,0,0,0,165,2026-02-03 05:42:15.212798
RITC,9.66,9.62,9.66,136400.0,204100.0,0,0,0,0,0,0,166,2026-02-03 05:42:16.232691
COMP,24.73,24.73,24.76,140600.0,140400.0,0,0,0,0,0,0,166,2026-02-03 05:42:16.232691
RITC,9.66,9.63,9.65,148700.0,203200.0,0,0,0,0,0,0,167,2026-02-03 05:42:17.253091
COMP,24.72,24.72,24.76,139700.0,140400.0,0,0,0,0,0,0,167,2026-02-03 05:42:17.253091
RITC,9.63,9.63,9.65,148700.0,206000.0,0,0,0,0,0,0,168,2026-02-03 05:42:18.278475
COMP,24.72,24.72,24.76,139700.0,140200.0,0,0,0,0,0,0,168,2026-02-03 05:42:18.278475
RITC,9.61,9.61,9.62,126600.0,205800.0,0,0,0,0,0,0,169,2026-02-03 05:42:19.297830
COMP,24.72,24.72,24.76,137900.0,141000.0,0,0,0,0,0,0,169,2026-02-03 05:42:19.297830
RITC,9.61,9.61,9.62,136000.0,205500.0,0,0,0,0,0,0,170,2026-02-03 05:42:20.317381
COMP,24.72,24.72,24.76,137900.0,141000.0,0,0,0,0,0,0,170,2026-02-03 05:42:20.317381
RITC,9.62,9.61,9.62,144600.0,205500.0,0,0,0,0,0,0,171,2026-02-03 05:42:21.340294
COMP,24.69,24.69,24.76,138900.0,142100.0,0,0,0,0,0,0,171,2026-02-03 05:42:21.340294
RITC,9.61,9.61,9.62,145000.0,205500.0,0,0,0,0,0,0,172,2026-02-03 05:42:22.364930
COMP,24.69,24.69,24.76,138900.0,140100.0,0,0,0,0,0,0,172,2026-02-03 05:42:22.364930
RITC,9.6,9.6,9.62,115800.0,205500.0,0,0,0,0,0,0,173,2026-02-03 05:42:23.384213
COMP,24.69,24.69,24.73,139200.0,140800.0,0,0,0,0,0,0,173,2026-02-03 05:42:23.384213
RITC,9.6,9.6,9.62,106400.0,203400.0,0,0,0,0,0,0,174,2026-02-03 05:42:24.405287
COMP,24.68,24.68,24.73,140300.0,140800.0,0,0,0,0,0,0,174,2026-02-03 05:42:24.405287
RITC,9.6,9.6,9.62,108100.0,203400.0,0,0,0,0,0,0,175,2026-02-03 05:42:25.427998
COMP,24.68,24.68,24.73,140300.0,142300.0,0,0,0,0,0,0,175,2026-02-03 05:42:25.427998
RITC,9.59,9.59,9.61,99500.0,204000.0,0,0,0,0,0,0,176,2026-02-03 05:42:26.460537
COMP,24.68,24.68,24.73,140300.0,142000.0,0,0,0,0,0,0,176,2026-02-03 05:42:26.460537
RITC,9.59,9.58,9.59,113600.0,207000.0,0,0,0,0,0,0,177,2026-02-03 05:42:27.480618
COMP,24.68,24.68,24.73,140300.0,142000.0,0,0,0,0,0,0,177,2026-02-03 05:42:27.480618
RITC,9.58,9.58,9.59,101300.0,207000.0,0,0,0,0,0,0,178,2026-02-03 05:42:28.508511
COMP,24.68,24.68,24.73,140000.0,144200.0,0,0,0,0,0,0,178,2026-02-03 05:42:28.508511
RITC,9.58,9.56,9.58,100900.0,210200.0,0,0,0,0,0,0,179,2026-02-03 05:42:29.531696
COMP,24.68,24.68,24.73,138800.0,144200.0,0,0,0,0,0,0,179,2026-02-03 05:42:29.531696
RITC,9.55,9.55,9.58,100600.0,209700.0,0,0,0,0,0,0,180,2026-02-03 05:42:30.551248
COMP,24.67,24.67,24.73,139900.0,145100.0,0,0,0,0,0,0,180,2026-02-03 05:42:30.551248
RITC,9.55,9.54,9.55,97200.0,212600.0,0,0,0,0,0,0,181,2026-02-03 05:42:31.572949
COMP,24.65,24.65,24.73,142500.0,145100.0,0,0,0,0,0,0,181,2026-02-03 05:42:31.572949
RITC,9.55,9.54,9.55,97200.0,216100.0,0,0,0,0,0,0,182,2026-02-03 05:42:32.593050
COMP,24.65,24.65,24.66,142500.0,146900.0,0,0,0,0,0,0,182,2026-02-03 05:42:32.593050
RITC,9.54,9.53,9.54,97800.0,212300.0,0,0,0,0,0,0,183,2026-02-03 05:42:33.614341
COMP,24.64,24.64,24.66,141900.0,146900.0,0,0,0,0,0,0,183,2026-02-03 05:42:33.614341
RITC,9.53,9.53,9.54,97800.0,211800.0,0,0,0,0,0,0,184,2026-02-03 05:42:34.634570
COMP,24.64,24.63,24.64,141800.0,146100.0,0,0,0,0,0,0,184,2026-02-03 05:42:34.634570
RITC,9.53,9.53,9.54,97800.0,213300.0,0,0,0,0,0,0,185,2026-02-03 05:42:35.661308
COMP,24.64,24.63,24.64,141800.0,146100.0,0,0,0,0,0,0,185,2026-02-03 05:42:35.661308
RITC,9.51,9.51,9.54,97600.0,214000.0,0,0,0,0,0,0,186,2026-02-03 05:42:36.692049
COMP,24.61,24.61,24.62,142100.0,144100.0,0,0,0,0,0,0,186,2026-02-03 05:42:36.692049
RITC,9.43,9.43,9.48,98500.0,213100.0,0,0,0,0,0,0,187,2026-02-03 05:42:37.720492
COMP,24.61,24.61,24.62,142100.0,141800.0,0,0,0,0,0,0,187,2026-02-03 05:42:37.720492
RITC,9.43,9.47,9.48,109600.0,211900.0,0,0,0,0,0,0,188,2026-02-03 05:42:38.741952
COMP,24.6,24.6,24.62,133900.0,141800.0,0,0,0,0,0,0,188,2026-02-03 05:42:38.741952
RITC,9.43,9.47,9.48,131800.0,211900.0,0,0,0,0,0,0,189,2026-02-03 05:42:39.763780
COMP,24.6,24.6,24.62,133900.0,142700.0,0,0,0,0,0,0,189,2026-02-03 05:42:39.763780
RITC,9.48,9.51,9.54,153900.0,214500.0,0,0,0,0,0,0,190,2026-02-03 05:42:40.800334
COMP,24.59,24.59,24.62,126900.0,142700.0,0,0,0,0,0,0,190,2026-02-03 05:42:40.800334
RITC,9.48,9.52,9.54,165300.0,212300.0,0,0,0,0,0,0,191,2026-02-03 05:42:41.820772
COMP,24.59,24.56,24.57,112100.0,145200.0,0,0,0,0,0,0,191,2026-02-03 05:42:41.820772
RITC,9.52,9.53,9.54,175700.0,212300.0,0,0,0,0,0,0,192,2026-02-03 05:42:42.842027
COMP,24.56,24.56,24.57,112100.0,145200.0,0,0,0,0,0,0,192,2026-02-03 05:42:42.842027
RITC,9.52,9.53,9.54,175700.0,210300.0,0,0,0,0,0,0,193,2026-02-03 05:42:43.393930
COMP,24.56,24.56,24.57,112100.0,144600.0,0,0,0,0,0,0,193,2026-02-03 05:42:43.393930
RITC,9.52,9.53,9.54,175700.0,212600.0,0,0,0,0,0,0,194,2026-02-03 05:42:44.438432
COMP,24.55,24.47,24.48,99300.0,143200.0,0,0,0,0,0,0,194,2026-02-03 05:42:44.438432
RITC,9.52,9.52,9.54,176900.0,212600.0,0,0,0,0,0,0,195,2026-02-03 05:42:45.466049
COMP,24.46,24.46,24.48,91600.0,143200.0,0,0,0,0,0,0,195,2026-02-03 05:42:45.466049
RITC,9.52,9.52,9.53,176900.0,209900.0,0,0,0,0,0,0,196,2026-02-03 05:42:46.497128
COMP,24.46,24.46,24.48,98700.0,143900.0,0,0,0,0,0,0,196,2026-02-03 05:42:46.497128
RITC,9.51,9.51,9.53,165500.0,208800.0,0,0,0,0,0,0,197,2026-02-03 05:42:47.519026
COMP,24.44,24.44,24.48,92800.0,143900.0,0,0,0,0,0,0,197,2026-02-03 05:42:47.519026
RITC,9.51,9.51,9.52,165500.0,213400.0,0,0,0,0,0,0,198,2026-02-03 05:42:48.542807
COMP,24.44,24.44,24.48,92800.0,143200.0,0,0,0,0,0,0,198,2026-02-03 05:42:48.542807
RITC,9.48,9.47,9.48,131800.0,212700.0,0,0,0,0,0,0,199,2026-02-03 05:42:49.565123
COMP,24.43,24.43,24.48,86300.0,144300.0,0,0,0,0,0,0,199,2026-02-03 05:42:49.565123
RITC,9.48,9.47,9.48,140800.0,212700.0,0,0,0,0,0,0,200,2026-02-03 05:42:50.585700
COMP,24.43,24.43,24.48,86300.0,144300.0,0,0,0,0,0,0,200,2026-02-03 05:42:50.585700
RITC,9.47,9.47,9.48,129700.0,213000.0,0,0,0,0,0,0,201,2026-02-03 05:42:51.612637
COMP,24.43,24.45,24.48,93800.0,144300.0,0,0,0,0,0,0,201,2026-02-03 05:42:51.612637
RITC,9.47,9.44,9.47,117100.0,214500.0,0,0,0,0,0,0,202,2026-02-03 05:42:52.639512
COMP,24.43,24.45,24.48,101000.0,144300.0,0,0,0,0,0,0,202,2026-02-03 05:42:52.639512
RITC,9.47,9.44,9.47,117100.0,209800.0,0,0,0,0,0,0,203,2026-02-03 05:42:53.658145
COMP,24.43,24.45,24.48,108200.0,144500.0,0,0,0,0,0,0,203,2026-02-03 05:42:53.658145
RITC,9.47,9.44,9.47,139800.0,209800.0,0,0,0,0,0,0,204,2026-02-03 05:42:54.680423
COMP,24.43,24.45,24.48,108200.0,142600.0,0,0,0,0,0,0,204,2026-02-03 05:42:54.680423
RITC,9.47,9.45,9.47,169700.0,209800.0,0,0,0,0,0,0,205,2026-02-03 05:42:55.700584
COMP,24.43,24.45,24.48,115900.0,142600.0,0,0,0,0,0,0,205,2026-02-03 05:42:55.700584
RITC,9.48,9.45,9.48,169700.0,208900.0,0,0,0,0,0,0,206,2026-02-03 05:42:56.721165
COMP,24.49,24.45,24.49,115900.0,143600.0,0,0,0,0,0,0,206,2026-02-03 05:42:56.721165
RITC,9.47,9.46,9.47,179300.0,207100.0,0,0,0,0,0,0,207,2026-02-03 05:42:57.743470
COMP,24.5,24.45,24.48,115900.0,141700.0,0,0,0,0,0,0,207,2026-02-03 05:42:57.743470
RITC,9.46,9.46,9.47,179300.0,207100.0,0,0,0,0,0,0,208,2026-02-03 05:42:58.775113
COMP,24.5,24.47,24.48,121700.0,141700.0,0,0,0,0,0,0,208,2026-02-03 05:42:58.775113
RITC,9.49,9.46,9.49,187800.0,210900.0,0,0,0,0,0,0,209,2026-02-03 05:42:59.809752
COMP,24.47,24.45,24.48,123700.0,141700.0,0,0,0,0,0,0,209,2026-02-03 05:42:59.809752
RITC,9.49,9.46,9.49,199400.0,210900.0,0,0,0,0,0,0,210,2026-02-03 05:43:00.844627
COMP,24.5,24.45,24.5,123700.0,141300.0,0,0,0,0,0,0,210,2026-02-03 05:43:00.844627
RITC,9.49,9.46,9.49,200700.0,209300.0,0,0,0,0,0,0,211,2026-02-03 05:43:01.874343
COMP,24.47,24.45,24.5,123700.0,141300.0,0,0,0,0,0,0,211,2026-02-03 05:43:01.874343
RITC,9.52,9.51,9.52,203500.0,213400.0,0,0,0,0,0,0,212,2026-02-03 05:43:02.907564
COMP,24.47,24.48,24.5,131200.0,141300.0,0,0,0,0,0,0,212,2026-02-03 05:43:02.907564
RITC,9.52,9.51,9.52,207400.0,213400.0,0,0,0,0,0,0,213,2026-02-03 05:43:03.939886
COMP,24.53,24.48,24.53,139500.0,141300.0,0,0,0,0,0,0,213,2026-02-03 05:43:03.939886
RITC,9.51,9.47,9.51,203200.0,212100.0,0,0,0,0,0,0,214,2026-02-03 05:43:04.963381
COMP,24.53,24.5,24.53,146300.0,141300.0,0,0,0,0,0,0,214,2026-02-03 05:43:04.963381
RITC,9.51,9.49,9.51,202500.0,212100.0,0,0,0,0,0,0,215,2026-02-03 05:43:05.498445
COMP,24.55,24.5,24.55,146300.0,141600.0,0,0,0,0,0,0,215,2026-02-03 05:43:05.498445
RITC,9.53,9.49,9.52,202500.0,211200.0,0,0,0,0,0,0,216,2026-02-03 05:43:06.529338
COMP,24.55,24.54,24.55,146500.0,140600.0,0,0,0,0,0,0,216,2026-02-03 05:43:06.529338
RITC,9.52,9.51,9.52,204900.0,211200.0,0,0,0,0,0,0,217,2026-02-03 05:43:07.569776
COMP,24.54,24.54,24.55,146500.0,140600.0,0,0,0,0,0,0,217,2026-02-03 05:43:07.569776
RITC,9.51,9.51,9.52,202400.0,211200.0,0,0,0,0,0,0,218,2026-02-03 05:43:08.608807
COMP,24.54,24.54,24.55,147500.0,140000.0,0,0,0,0,0,0,218,2026-02-03 05:43:08.608807
RITC,9.51,9.51,9.52,202000.0,211200.0,0,0,0,0,0,0,219,2026-02-03 05:43:09.639522
COMP,24.5,24.5,24.55,146000.0,140000.0,0,0,0,0,0,0,219,2026-02-03 05:43:09.639522
RITC,9.52,9.52,9.53,200800.0,210600.0,0,0,0,0,0,0,220,2026-02-03 05:43:10.663061
COMP,24.5,24.5,24.54,146200.0,140100.0,0,0,0,0,0,0,220,2026-02-03 05:43:10.663061
RITC,9.52,9.52,9.53,200800.0,210600.0,0,0,0,0,0,0,221,2026-02-03 05:43:11.688914
COMP,24.5,24.5,24.53,146200.0,137800.0,0,0,0,0,0,0,221,2026-02-03 05:43:11.688914
RITC,9.52,9.52,9.53,200900.0,213800.0,0,0,0,0,0,0,222,2026-02-03 05:43:12.715367
COMP,24.54,24.5,24.54,146200.0,138200.0,0,0,0,0,0,0,222,2026-02-03 05:43:12.715367
RITC,9.52,9.52,9.53,201000.0,213800.0,0,0,0,0,0,0,223,2026-02-03 05:43:13.739488
COMP,24.55,24.5,24.55,146200.0,139400.0,0,0,0,0,0,0,223,2026-02-03 05:43:13.739488
RITC,9.52,9.52,9.53,201200.0,213800.0,0,0,0,0,0,0,224,2026-02-03 05:43:14.765094
COMP,24.55,24.5,24.55,146200.0,139400.0,0,0,0,0,0,0,224,2026-02-03 05:43:14.765094
RITC,9.52,9.52,9.53,201800.0,212900.0,0,0,0,0,0,0,225,2026-02-03 05:43:15.788815
COMP,24.48,24.48,24.55,146500.0,139400.0,0,0,0,0,0,0,225,2026-02-03 05:43:15.788815
RITC,9.52,9.52,9.53,201800.0,214200.0,0,0,0,0,0,0,226,2026-02-03 05:43:16.812131
COMP,24.48,24.48,24.55,146500.0,139400.0,0,0,0,0,0,0,226,2026-02-03 05:43:16.812131
RITC,9.51,9.51,9.53,202800.0,214200.0,0,0,0,0,0,0,227,2026-02-03 05:43:17.831720
COMP,24.48,24.52,24.55,148100.0,139400.0,0,0,0,0,0,0,227,2026-02-03 05:43:17.831720
RITC,9.5,9.5,9.53,205200.0,217000.0,0,0,0,0,0,0,228,2026-02-03 05:43:18.854587
COMP,24.56,24.52,24.56,148800.0,139200.0,0,0,0,0,0,0,228,2026-02-03 05:43:18.854587
RITC,9.5,9.5,9.52,205200.0,215000.0,0,0,0,0,0,0,229,2026-02-03 05:43:19.883978
COMP,24.52,24.48,24.52,146800.0,141600.0,0,0,0,0,0,0,229,2026-02-03 05:43:19.883978
RITC,9.5,9.5,9.51,205200.0,213600.0,0,0,0,0,0,0,230,2026-02-03 05:43:20.909415
COMP,24.52,24.48,24.52,147300.0,141600.0,0,0,0,0,0,0,230,2026-02-03 05:43:20.909415
RITC,9.52,9.5,9.52,205200.0,216700.0,0,0,0,0,0,0,231,2026-02-03 05:43:21.930438
COMP,24.52,24.53,24.56,144300.0,139200.0,0,0,0,0,0,0,231,2026-02-03 05:43:21.930438
RITC,9.5,9.5,9.52,205700.0,217900.0,0,0,0,0,0,0,232,2026-02-03 05:43:22.951725
COMP,24.53,24.54,24.56,143400.0,139200.0,0,0,0,0,0,0,232,2026-02-03 05:43:22.951725
RITC,9.5,9.5,9.52,205600.0,217900.0,0,0,0,0,0,0,233,2026-02-03 05:43:23.979118
COMP,24.53,24.54,24.56,143400.0,140100.0,0,0,0,0,0,0,233,2026-02-03 05:43:23.979118
RITC,9.52,9.5,9.52,205600.0,217200.0,0,0,0,0,0,0,234,2026-02-03 05:43:25.003236
COMP,24.56,24.55,24.56,144600.0,140100.0,0,0,0,0,0,0,234,2026-02-03 05:43:25.003236
RITC,9.52,9.5,9.52,205300.0,216000.0,0,0,0,0,0,0,235,2026-02-03 05:43:26.021655
COMP,24.56,24.55,24.56,144600.0,139000.0,0,0,0,0,0,0,235,2026-02-03 05:43:26.021655
RITC,9.52,9.5,9.52,205800.0,216100.0,0,0,0,0,0,0,236,2026-02-03 05:43:27.040563
COMP,24.55,24.55,24.56,144700.0,139000.0,0,0,0,0,0,0,236,2026-02-03 05:43:27.040563
RITC,9.49,9.49,9.52,207000.0,216100.0,0,0,0,0,0,0,237,2026-02-03 05:43:28.061944
COMP,24.55,24.55,24.56,143600.0,139000.0,0,0,0,0,0,0,237,2026-02-03 05:43:28.061944
RITC,9.49,9.49,9.5,207000.0,214200.0,0,0,0,0,0,0,238,2026-02-03 05:43:28.579809
COMP,24.57,24.55,24.57,143600.0,141000.0,0,0,0,0,0,0,238,2026-02-03 05:43:28.579809
RITC,9.5,9.48,9.5,206800.0,214200.0,0,0,0,0,0,0,239,2026-02-03 05:43:29.626605
COMP,24.57,24.55,24.57,142600.0,138400.0,0,0,0,0,0,0,239,2026-02-03 05:43:29.626605
RITC,9.52,9.47,9.52,205300.0,216100.0,0,0,0,0,0,0,240,2026-02-03 05:43:30.659269
COMP,24.57,24.55,24.57,142900.0,138400.0,0,0,0,0,0,0,240,2026-02-03 05:43:30.659269
RITC,9.52,9.49,9.52,208000.0,216100.0,0,0,0,0,0,0,241,2026-02-03 05:43:31.686859
COMP,24.57,24.55,24.57,142900.0,138500.0,0,0,0,0,0,0,241,2026-02-03 05:43:31.686859
RITC,9.51,9.51,9.52,206200.0,216100.0,0,0,0,0,0,0,242,2026-02-03 05:43:32.713470
COMP,24.57,24.55,24.57,142500.0,138500.0,0,0,0,0,0,0,242,2026-02-03 05:43:32.713470
RITC,9.49,9.49,9.51,208000.0,213700.0,0,0,0,0,0,0,243,2026-02-03 05:43:33.750756
COMP,24.57,24.55,24.57,142600.0,138500.0,0,0,0,0,0,0,243,2026-02-03 05:43:33.750756
RITC,9.47,9.47,9.51,203300.0,213700.0,0,0,0,0,0,0,244,2026-02-03 05:43:34.774797
COMP,24.58,24.55,24.58,142600.0,141200.0,0,0,0,0,0,0,244,2026-02-03 05:43:34.774797
RITC,9.52,9.47,9.52,205300.0,213500.0,0,0,0,0,0,0,245,2026-02-03 05:43:35.799357
COMP,24.58,24.55,24.58,143000.0,141200.0,0,0,0,0,0,0,245,2026-02-03 05:43:35.799357
RITC,9.52,9.51,9.52,204800.0,213500.0,0,0,0,0,0,0,246,2026-02-03 05:43:36.822265
COMP,24.6,24.55,24.6,142000.0,144000.0,0,0,0,0,0,0,246,2026-02-03 05:43:36.822265
RITC,9.51,9.47,9.51,204900.0,213600.0,0,0,0,0,0,0,247,2026-02-03 05:43:37.845367
COMP,24.6,24.61,24.62,141200.0,142900.0,0,0,0,0,0,0,247,2026-02-03 05:43:37.845367
RITC,9.49,9.47,9.49,204900.0,213900.0,0,0,0,0,0,0,248,2026-02-03 05:43:38.869117
COMP,24.6,24.61,24.62,141200.0,144800.0,0,0,0,0,0,0,248,2026-02-03 05:43:38.869117
RITC,9.52,9.47,9.51,204900.0,215300.0,0,0,0,0,0,0,249,2026-02-03 05:43:39.892369
COMP,24.6,24.61,24.62,141000.0,144800.0,0,0,0,0,0,0,249,2026-02-03 05:43:39.892369
RITC,9.51,9.47,9.49,204900.0,215100.0,0,0,0,0,0,0,250,2026-02-03 05:43:40.915427
COMP,24.62,24.61,24.62,140800.0,144800.0,0,0,0,0,0,0,250,2026-02-03 05:43:40.915427
RITC,9.51,9.48,9.49,202800.0,215100.0,0,0,0,0,0,0,251,2026-02-03 05:43:41.938968
COMP,24.62,24.61,24.62,140600.0,144800.0,0,0,0,0,0,0,251,2026-02-03 05:43:41.938968
RITC,9.49,9.48,9.49,202800.0,211700.0,0,0,0,0,0,0,252,2026-02-03 05:43:42.960544
COMP,24.62,24.61,24.62,140700.0,143100.0,0,0,0,0,0,0,252,2026-02-03 05:43:42.960544
RITC,9.51,9.48,9.51,202800.0,212700.0,0,0,0,0,0,0,253,2026-02-03 05:43:43.986766
COMP,24.62,24.61,24.62,141200.0,143100.0,0,0,0,0,0,0,253,2026-02-03 05:43:43.986766
RITC,9.51,9.48,9.51,203200.0,212700.0,0,0,0,0,0,0,254,2026-02-03 05:43:45.013775
COMP,24.62,24.61,24.62,141200.0,145400.0,0,0,0,0,0,0,254,2026-02-03 05:43:45.013775
RITC,9.51,9.48,9.51,203200.0,212800.0,0,0,0,0,0,0,255,2026-02-03 05:43:46.037003
COMP,24.62,24.61,24.62,141200.0,146200.0,0,0,0,0,0,0,255,2026-02-03 05:43:46.037003
RITC,9.52,9.48,9.51,203200.0,212400.0,0,0,0,0,0,0,256,2026-02-03 05:43:47.061631
COMP,24.6,24.6,24.62,140200.0,146200.0,0,0,0,0,0,0,256,2026-02-03 05:43:47.061631
RITC,9.52,9.48,9.51,203200.0,212400.0,0,0,0,0,0,0,257,2026-02-03 05:43:48.082611
COMP,24.6,24.6,24.62,140700.0,146200.0,0,0,0,0,0,0,257,2026-02-03 05:43:48.082611
RITC,9.49,9.49,9.51,202700.0,212400.0,0,0,0,0,0,0,258,2026-02-03 05:43:49.105844
COMP,24.64,24.6,24.64,140700.0,146500.0,0,0,0,0,0,0,258,2026-02-03 05:43:49.105844
RITC,9.47,9.47,9.51,208300.0,211800.0,0,0,0,0,0,0,259,2026-02-03 05:43:50.130845
COMP,24.64,24.6,24.64,140700.0,146500.0,0,0,0,0,0,0,259,2026-02-03 05:43:50.130845
RITC,9.47,9.5,9.51,207100.0,211800.0,0,0,0,0,0,0,260,2026-02-03 05:43:51.155834
COMP,24.64,24.6,24.64,140700.0,147400.0,0,0,0,0,0,0,260,2026-02-03 05:43:51.155834
RITC,9.5,9.5,9.51,207700.0,210500.0,0,0,0,0,0,0,261,2026-02-03 05:43:52.175408
COMP,24.59,24.59,24.65,140300.0,145400.0,0,0,0,0,0,0,261,2026-02-03 05:43:52.175408
RITC,9.5,9.5,9.51,208600.0,210500.0,0,0,0,0,0,0,262,2026-02-03 05:43:53.196207
COMP,24.57,24.57,24.59,141500.0,147600.0,0,0,0,0,0,0,262,2026-02-03 05:43:53.196207
RITC,9.5,9.5,9.51,209200.0,208400.0,0,0,0,0,0,0,263,2026-02-03 05:43:54.219938
COMP,24.59,24.6,24.65,141200.0,145400.0,0,0,0,0,0,0,263,2026-02-03 05:43:54.219938
RITC,9.51,9.51,9.52,208500.0,213400.0,0,0,0,0,0,0,264,2026-02-03 05:43:55.243224
COMP,24.56,24.56,24.65,140200.0,145400.0,0,0,0,0,0,0,264,2026-02-03 05:43:55.243224
RITC,9.51,9.51,9.52,210100.0,213400.0,0,0,0,0,0,0,265,2026-02-03 05:43:55.769811
COMP,24.56,24.56,24.58,140200.0,147000.0,0,0,0,0,0,0,265,2026-02-03 05:43:55.769811
RITC,9.51,9.51,9.52,210300.0,214500.0,0,0,0,0,0,0,266,2026-02-03 05:43:56.800293
COMP,24.58,24.62,24.65,140300.0,145400.0,0,0,0,0,0,0,266,2026-02-03 05:43:56.800293
RITC,9.52,9.52,9.53,210500.0,215100.0,0,0,0,0,0,0,267,2026-02-03 05:43:57.843191
COMP,24.58,24.62,24.65,140300.0,146000.0,0,0,0,0,0,0,267,2026-02-03 05:43:57.843191
RITC,9.52,9.52,9.53,210900.0,213200.0,0,0,0,0,0,0,268,2026-02-03 05:43:58.877120
COMP,24.58,24.62,24.65,140300.0,145800.0,0,0,0,0,0,0,268,2026-02-03 05:43:58.877120
RITC,9.52,9.51,9.52,210900.0,214400.0,0,0,0,0,0,0,269,2026-02-03 05:43:59.904647
COMP,24.55,24.55,24.66,140800.0,148500.0,0,0,0,0,0,0,269,2026-02-03 05:43:59.904647
RITC,9.52,9.51,9.52,207700.0,214400.0,0,0,0,0,0,0,270,2026-02-03 05:44:00.932574
COMP,24.55,24.56,24.66,142100.0,148500.0,0,0,0,0,0,0,270,2026-02-03 05:44:00.932574
RITC,9.53,9.51,9.53,208000.0,213200.0,0,0,0,0,0,0,271,2026-02-03 05:44:01.958008
COMP,24.55,24.56,24.58,142100.0,146900.0,0,0,0,0,0,0,271,2026-02-03 05:44:01.958008
RITC,9.51,9.51,9.52,204700.0,213000.0,0,0,0,0,0,0,272,2026-02-03 05:44:02.984773
COMP,24.58,24.6,24.66,143100.0,148500.0,0,0,0,0,0,0,272,2026-02-03 05:44:02.984773
RITC,9.53,9.51,9.53,204700.0,212900.0,0,0,0,0,0,0,273,2026-02-03 05:44:04.007757
COMP,24.67,24.6,24.67,143100.0,147400.0,0,0,0,0,0,0,273,2026-02-03 05:44:04.007757
RITC,9.52,9.51,9.52,204700.0,214300.0,0,0,0,0,0,0,274,2026-02-03 05:44:05.030384
COMP,24.67,24.6,24.67,143100.0,145400.0,0,0,0,0,0,0,274,2026-02-03 05:44:05.030384
RITC,9.52,9.51,9.52,204700.0,214000.0,0,0,0,0,0,0,275,2026-02-03 05:44:06.054042
COMP,24.67,24.56,24.67,143100.0,145400.0,0,0,0,0,0,0,275,2026-02-03 05:44:06.054042
RITC,9.5,9.5,9.52,206400.0,214000.0,0,0,0,0,0,0,276,2026-02-03 05:44:07.075785
COMP,24.6,24.6,24.67,144000.0,145400.0,0,0,0,0,0,0,276,2026-02-03 05:44:07.075785
RITC,9.49,9.49,9.5,207300.0,212500.0,0,0,0,0,0,0,277,2026-02-03 05:44:08.097725
COMP,24.6,24.6,24.67,144000.0,145400.0,0,0,0,0,0,0,277,2026-02-03 05:44:08.097725
RITC,9.49,9.49,9.5,207300.0,210300.0,0,0,0,0,0,0,278,2026-02-03 05:44:09.119216
COMP,24.59,24.66,24.67,142400.0,145400.0,0,0,0,0,0,0,278,2026-02-03 05:44:09.119216
RITC,9.49,9.47,9.49,207200.0,209500.0,0,0,0,0,0,0,279,2026-02-03 05:44:10.139649
COMP,24.66,24.56,24.66,143100.0,146300.0,0,0,0,0,0,0,279,2026-02-03 05:44:10.139649
RITC,9.47,9.47,9.49,206900.0,209500.0,0,0,0,0,0,0,280,2026-02-03 05:44:11.162793
COMP,24.66,24.61,24.65,142900.0,145600.0,0,0,0,0,0,0,280,2026-02-03 05:44:11.162793
RITC,9.47,9.47,9.48,206900.0,208600.0,0,0,0,0,0,0,281,2026-02-03 05:44:12.185548
COMP,24.66,24.62,24.65,144900.0,145600.0,0,0,0,0,0,0,281,2026-02-03 05:44:12.185548
RITC,9.46,9.46,9.48,207500.0,204900.0,0,0,0,0,0,0,282,2026-02-03 05:44:13.208473
COMP,24.65,24.62,24.65,144900.0,144800.0,0,0,0,0,0,0,282,2026-02-03 05:44:13.208473
RITC,9.46,9.46,9.47,207500.0,205700.0,0,0,0,0,0,0,283,2026-02-03 05:44:14.230435
COMP,24.65,24.62,24.65,144900.0,144800.0,0,0,0,0,0,0,283,2026-02-03 05:44:14.230435
RITC,9.46,9.46,9.47,211100.0,204300.0,0,0,0,0,0,0,284,2026-02-03 05:44:15.251766
COMP,24.66,24.66,24.67,145900.0,145700.0,0,0,0,0,0,0,284,2026-02-03 05:44:15.251766
RITC,9.45,9.45,9.47,208800.0,204300.0,0,0,0,0,0,0,285,2026-02-03 05:44:16.275375
COMP,24.66,24.66,24.67,145600.0,145700.0,0,0,0,0,0,0,285,2026-02-03 05:44:16.275375
RITC,9.44,9.44,9.46,208300.0,205100.0,0,0,0,0,0,0,286,2026-02-03 05:44:17.298085
COMP,24.64,24.64,24.67,145000.0,145700.0,0,0,0,0,0,0,286,2026-02-03 05:44:17.298085
RITC,9.44,9.44,9.46,208300.0,203400.0,0,0,0,0,0,0,287,2026-02-03 05:44:18.323379
COMP,24.63,24.63,24.67,143400.0,145700.0,0,0,0,0,0,0,287,2026-02-03 05:44:18.323379
RITC,9.44,9.44,9.46,207600.0,203800.0,0,0,0,0,0,0,288,2026-02-03 05:44:19.351906
COMP,24.67,24.62,24.67,144700.0,145700.0,0,0,0,0,0,0,288,2026-02-03 05:44:19.351906
RITC,9.44,9.44,9.46,198600.0,205900.0,0,0,0,0,0,0,289,2026-02-03 05:44:20.378018
COMP,24.67,24.63,24.67,144300.0,145700.0,0,0,0,0,0,0,289,2026-02-03 05:44:20.378018
RITC,9.44,9.44,9.45,198600.0,210500.0,0,0,0,0,0,0,290,2026-02-03 05:44:20.913987
COMP,24.67,24.63,24.67,142900.0,145700.0,0,0,0,0,0,0,290,2026-02-03 05:44:20.913987
RITC,9.44,9.44,9.45,198600.0,211600.0,0,0,0,0,0,0,291,2026-02-03 05:44:21.953574
COMP,24.68,24.63,24.68,142900.0,144800.0,0,0,0,0,0,0,291,2026-02-03 05:44:21.953574
RITC,9.44,9.44,9.45,188100.0,210100.0,0,0,0,0,0,0,292,2026-02-03 05:44:22.995261
COMP,24.68,24.64,24.68,140600.0,144800.0,0,0,0,0,0,0,292,2026-02-03 05:44:22.995261
RITC,9.44,9.44,9.45,175900.0,213000.0,0,0,0,0,0,0,293,2026-02-03 05:44:24.020074
COMP,24.68,24.64,24.68,140600.0,145600.0,0,0,0,0,0,0,293,2026-02-03 05:44:24.020074
RITC,9.44,9.44,9.45,175900.0,216300.0,0,0,0,0,0,0,294,2026-02-03 05:44:25.040250
COMP,24.68,24.66,24.68,141700.0,145600.0,0,0,0,0,0,0,294,2026-02-03 05:44:25.040250
RITC,9.43,9.43,9.45,155000.0,216300.0,0,0,0,0,0,0,295,2026-02-03 05:44:26.064740
COMP,24.68,24.66,24.68,141700.0,147700.0,0,0,0,0,0,0,295,2026-02-03 05:44:26.064740
RITC,9.43,9.43,9.45,144300.0,215400.0,0,0,0,0,0,0,296,2026-02-03 05:44:27.083840
COMP,24.7,24.66,24.7,141700.0,147700.0,0,0,0,0,0,0,296,2026-02-03 05:44:27.083840
RITC,9.43,9.43,9.44,133100.0,218500.0,0,0,0,0,0,0,297,2026-02-03 05:44:28.104899
COMP,24.7,24.66,24.7,141700.0,146400.0,0,0,0,0,0,0,297,2026-02-03 05:44:28.104899
RITC,9.43,9.43,9.44,132700.0,218500.0,0,0,0,0,0,0,298,2026-02-03 05:44:29.125544
COMP,24.7,24.66,24.7,141900.0,146400.0,0,0,0,0,0,0,298,2026-02-03 05:44:29.125544
RITC,9.43,9.43,9.44,120700.0,219000.0,0,0,0,0,0,0,299,2026-02-03 05:44:30.146527
COMP,24.7,24.66,24.7,144500.0,146400.0,0,0,0,0,0,0,299,2026-02-03 05:44:30.146527
RITC,9.42,9.42,9.43,109400.0,217400.0,0,0,0,0,0,0,300,2026-02-03 05:44:31.168557
COMP,24.7,24.7,24.71,143700.0,146400.0,0,0,0,0,0,0,300,2026-02-03 05:44:31.168557
RITC,9.44,9.42,9.44,109400.0,216100.0,0,0,0,0,0,0,301,2026-02-03 05:44:32.194617
COMP,24.71,24.7,24.71,143700.0,146400.0,0,0,0,0,0,0,301,2026-02-03 05:44:32.194617
RITC,9.42,9.42,9.44,106500.0,216100.0,0,0,0,0,0,0,302,2026-02-03 05:44:33.236871
COMP,24.71,24.7,24.71,143700.0,145800.0,0,0,0,0,0,0,302,2026-02-03 05:44:33.236871
RITC,9.42,9.43,9.44,117300.0,216200.0,0,0,0,0,0,0,303,2026-02-03 05:44:34.266010
COMP,24.73,24.7,24.73,143700.0,146900.0,0,0,0,0,0,0,303,2026-02-03 05:44:34.266010
RITC,9.43,9.43,9.44,117300.0,216400.0,0,0,0,0,0,0,304,2026-02-03 05:44:35.294029
COMP,24.73,24.7,24.73,143700.0,146900.0,0,0,0,0,0,0,304,2026-02-03 05:44:35.294029
RITC,9.43,9.43,9.44,117300.0,220100.0,0,0,0,0,0,0,305,2026-02-03 05:44:36.329858
COMP,24.73,24.7,24.73,145200.0,146900.0,0,0,0,0,0,0,305,2026-02-03 05:44:36.329858
RITC,9.38,9.39,9.44,109000.0,220100.0,0,0,0,0,0,0,306,2026-02-03 05:44:37.356752
COMP,24.73,24.7,24.73,145200.0,147000.0,0,0,0,0,0,0,306,2026-02-03 05:44:37.356752
RITC,9.44,9.39,9.44,109000.0,218700.0,0,0,0,0,0,0,307,2026-02-03 05:44:38.380141
COMP,24.73,24.7,24.73,145200.0,147000.0,0,0,0,0,0,0,307,2026-02-03 05:44:38.380141
RITC,9.44,9.39,9.41,118700.0,218400.0,0,0,0,0,0,0,308,2026-02-03 05:44:39.445413
COMP,24.73,24.7,24.73,144700.0,145600.0,0,0,0,0,0,0,308,2026-02-03 05:44:39.445413
RITC,9.44,9.39,9.44,129500.0,218700.0,0,0,0,0,0,0,309,2026-02-03 05:44:40.471357
COMP,24.73,24.7,24.73,144300.0,145600.0,0,0,0,0,0,0,309,2026-02-03 05:44:40.471357
RITC,9.44,9.42,9.44,138300.0,220200.0,0,0,0,0,0,0,310,2026-02-03 05:44:41.495687
COMP,24.74,24.7,24.74,143700.0,145500.0,0,0,0,0,0,0,310,2026-02-03 05:44:41.495687
RITC,9.42,9.39,9.41,129500.0,219700.0,0,0,0,0,0,0,311,2026-02-03 05:44:42.521715
COMP,24.74,24.7,24.74,143700.0,145600.0,0,0,0,0,0,0,311,2026-02-03 05:44:42.521715
RITC,9.38,9.38,9.41,118200.0,219700.0,0,0,0,0,0,0,312,2026-02-03 05:44:43.542062
COMP,24.76,24.71,24.76,144800.0,144900.0,0,0,0,0,0,0,312,2026-02-03 05:44:43.542062
RITC,9.38,9.38,9.41,118200.0,221500.0,0,0,0,0,0,0,313,2026-02-03 05:44:44.063064
COMP,24.77,24.71,24.77,144800.0,143900.0,0,0,0,0,0,0,313,2026-02-03 05:44:44.063064
RITC,9.38,9.38,9.4,118200.0,223400.0,0,0,0,0,0,0,314,2026-02-03 05:44:45.095768
COMP,24.77,24.71,24.77,144800.0,143900.0,0,0,0,0,0,0,314,2026-02-03 05:44:45.095768
RITC,9.38,9.39,9.4,128200.0,223400.0,0,0,0,0,0,0,315,2026-02-03 05:44:46.126939
COMP,24.77,24.73,24.77,144200.0,143900.0,0,0,0,0,0,0,315,2026-02-03 05:44:46.126939
RITC,9.38,9.38,9.4,130600.0,223400.0,0,0,0,0,0,0,316,2026-02-03 05:44:47.156696
COMP,24.77,24.74,24.77,142400.0,141100.0,0,0,0,0,0,0,316,2026-02-03 05:44:47.156696
RITC,9.38,9.38,9.4,130600.0,218100.0,0,0,0,0,0,0,317,2026-02-03 05:44:48.211255
COMP,24.77,24.74,24.77,142400.0,141900.0,0,0,0,0,0,0,317,2026-02-03 05:44:48.211255
RITC,9.38,9.38,9.39,142100.0,218000.0,0,0,0,0,0,0,318,2026-02-03 05:44:49.238319
COMP,24.77,24.74,24.77,142100.0,140500.0,0,0,0,0,0,0,318,2026-02-03 05:44:49.238319
RITC,9.37,9.37,9.39,133200.0,215900.0,0,0,0,0,0,0,319,2026-02-03 05:44:50.260617
COMP,24.78,24.74,24.78,142100.0,140600.0,0,0,0,0,0,0,319,2026-02-03 05:44:50.260617
RITC,9.37,9.37,9.39,132400.0,215900.0,0,0,0,0,0,0,320,2026-02-03 05:44:51.289398
COMP,24.78,24.74,24.78,142400.0,140600.0,0,0,0,0,0,0,320,2026-02-03 05:44:51.289398
RITC,9.37,9.37,9.39,154100.0,215900.0,0,0,0,0,0,0,321,2026-02-03 05:44:52.314095
COMP,24.78,24.74,24.78,143300.0,139400.0,0,0,0,0,0,0,321,2026-02-03 05:44:52.314095
RITC,9.37,9.37,9.39,177600.0,215900.0,0,0,0,0,0,0,322,2026-02-03 05:44:53.400731
COMP,24.78,24.74,24.78,143300.0,140500.0,0,0,0,0,0,0,322,2026-02-03 05:44:53.400731
RITC,9.37,9.37,9.39,202100.0,215900.0,0,0,0,0,0,0,323,2026-02-03 05:44:54.431951
COMP,24.82,24.74,24.82,142900.0,141600.0,0,0,0,0,0,0,323,2026-02-03 05:44:54.431951
RITC,9.39,9.39,9.4,214300.0,218800.0,0,0,0,0,0,0,324,2026-02-03 05:44:55.456614
COMP,24.82,24.79,24.82,141500.0,141600.0,0,0,0,0,0,0,324,2026-02-03 05:44:55.456614
RITC,9.39,9.39,9.4,215900.0,218800.0,0,0,0,0,0,0,325,2026-02-03 05:44:56.480461
COMP,24.84,24.82,24.84,141300.0,143500.0,0,0,0,0,0,0,325,2026-02-03 05:44:56.480461
RITC,9.4,9.4,9.41,216200.0,216800.0,0,0,0,0,0,0,326,2026-02-03 05:44:57.505342
COMP,24.84,24.82,24.84,141300.0,143500.0,0,0,0,0,0,0,326,2026-02-03 05:44:57.505342
RITC,9.4,9.4,9.41,221500.0,216800.0,0,0,0,0,0,0,327,2026-02-03 05:44:58.524812
COMP,24.84,24.82,24.84,141300.0,141800.0,0,0,0,0,0,0,327,2026-02-03 05:44:58.524812
RITC,9.41,9.4,9.41,221500.0,217500.0,0,0,0,0,0,0,328,2026-02-03 05:44:59.546840
COMP,24.84,24.82,24.84,141300.0,142100.0,0,0,0,0,0,0,328,2026-02-03 05:44:59.546840
RITC,9.43,9.4,9.43,218600.0,219600.0,0,0,0,0,0,0,329,2026-02-03 05:45:00.567433
COMP,24.84,24.82,24.84,139700.0,142100.0,0,0,0,0,0,0,329,2026-02-03 05:45:00.567433
RITC,9.43,9.43,9.44,216700.0,220200.0,0,0,0,0,0,0,330,2026-02-03 05:45:01.587340
COMP,24.84,24.82,24.84,139700.0,140100.0,0,0,0,0,0,0,330,2026-02-03 05:45:01.587340
RITC,9.44,9.43,9.44,216700.0,219500.0,0,0,0,0,0,0,331,2026-02-03 05:45:02.626292
COMP,24.82,24.82,24.84,139700.0,140100.0,0,0,0,0,0,0,331,2026-02-03 05:45:02.626292
RITC,9.44,9.43,9.44,214600.0,220600.0,0,0,0,0,0,0,332,2026-02-03 05:45:03.152534
COMP,24.82,24.82,24.84,138600.0,140100.0,0,0,0,0,0,0,332,2026-02-03 05:45:03.152534
RITC,9.44,9.43,9.44,214300.0,217400.0,0,0,0,0,0,0,333,2026-02-03 05:45:04.182135
COMP,24.82,24.82,24.84,138600.0,142200.0,0,0,0,0,0,0,333,2026-02-03 05:45:04.182135
RITC,9.44,9.43,9.44,214300.0,215500.0,0,0,0,0,0,0,334,2026-02-03 05:45:05.207891
COMP,24.84,24.84,24.85,140100.0,141800.0,0,0,0,0,0,0,334,2026-02-03 05:45:05.207891
RITC,9.44,9.44,9.45,213400.0,217100.0,0,0,0,0,0,0,335,2026-02-03 05:45:06.234990
COMP,24.82,24.82,24.85,138400.0,141800.0,0,0,0,0,0,0,335,2026-02-03 05:45:06.234990
RITC,9.45,9.44,9.45,210200.0,217100.0,0,0,0,0,0,0,336,2026-02-03 05:45:07.256031
COMP,24.85,24.82,24.85,137900.0,141800.0,0,0,0,0,0,0,336,2026-02-03 05:45:07.256031
RITC,9.45,9.44,9.45,206800.0,217100.0,0,0,0,0,0,0,337,2026-02-03 05:45:08.277122
COMP,24.85,24.82,24.85,137800.0,141300.0,0,0,0,0,0,0,337,2026-02-03 05:45:08.277122
RITC,9.45,9.44,9.45,207700.0,214300.0,0,0,0,0,0,0,338,2026-02-03 05:45:09.297437
COMP,24.85,24.82,24.85,138400.0,141300.0,0,0,0,0,0,0,338,2026-02-03 05:45:09.297437
RITC,9.45,9.44,9.45,209400.0,214300.0,0,0,0,0,0,0,339,2026-02-03 05:45:10.319055
COMP,24.86,24.82,24.86,138400.0,140900.0,0,0,0,0,0,0,339,2026-02-03 05:45:10.319055
RITC,9.45,9.44,9.45,210600.0,214300.0,0,0,0,0,0,0,340,2026-02-03 05:45:11.338282
COMP,24.86,24.82,24.86,138700.0,140900.0,0,0,0,0,0,0,340,2026-02-03 05:45:11.338282
RITC,9.45,9.44,9.45,214000.0,214300.0,0,0,0,0,0,0,341,2026-02-03 05:45:12.367484
COMP,24.86,24.82,24.86,138700.0,140700.0,0,0,0,0,0,0,341,2026-02-03 05:45:12.367484
RITC,9.45,9.44,9.45,208300.0,214300.0,0,0,0,0,0,0,342,2026-02-03 05:45:13.397323
COMP,24.87,24.82,24.87,138700.0,138400.0,0,0,0,0,0,0,342,2026-02-03 05:45:13.397323
RITC,9.45,9.44,9.45,208300.0,213400.0,0,0,0,0,0,0,343,2026-02-03 05:45:14.433439
COMP,24.87,24.82,24.86,138200.0,138800.0,0,0,0,0,0,0,343,2026-02-03 05:45:14.433439
RITC,9.46,9.45,9.46,209900.0,215200.0,0,0,0,0,0,0,344,2026-02-03 05:45:15.467730
COMP,24.87,24.82,24.85,138200.0,139400.0,0,0,0,0,0,0,344,2026-02-03 05:45:15.467730
RITC,9.46,9.45,9.46,209900.0,212000.0,0,0,0,0,0,0,345,2026-02-03 05:45:16.492636
COMP,24.8,24.8,24.85,140000.0,137900.0,0,0,0,0,0,0,345,2026-02-03 05:45:16.492636
RITC,9.46,9.45,9.46,208300.0,210000.0,0,0,0,0,0,0,346,2026-02-03 05:45:17.519358
COMP,24.85,24.8,24.85,140000.0,137900.0,0,0,0,0,0,0,346,2026-02-03 05:45:17.519358
RITC,9.47,9.45,9.47,208300.0,207300.0,0,0,0,0,0,0,347,2026-02-03 05:45:18.546110
COMP,24.86,24.8,24.86,140000.0,139100.0,0,0,0,0,0,0,347,2026-02-03 05:45:18.546110
RITC,9.47,9.45,9.47,208300.0,204200.0,0,0,0,0,0,0,348,2026-02-03 05:45:19.570641
COMP,24.86,24.8,24.86,140000.0,137300.0,0,0,0,0,0,0,348,2026-02-03 05:45:19.570641
RITC,9.48,9.47,9.48,208500.0,202000.0,0,0,0,0,0,0,349,2026-02-03 05:45:20.594010
COMP,24.8,24.8,24.86,140800.0,137300.0,0,0,0,0,0,0,349,2026-02-03 05:45:20.594010
RITC,9.48,9.47,9.48,206400.0,200000.0,0,0,0,0,0,0,350,2026-02-03 05:45:21.614328
COMP,24.8,24.8,24.83,140800.0,137000.0,0,0,0,0,0,0,350,2026-02-03 05:45:21.614328
RITC,9.49,9.47,9.49,206400.0,202800.0,0,0,0,0,0,0,351,2026-02-03 05:45:22.634638
COMP,24.87,24.8,24.87,140800.0,136200.0,0,0,0,0,0,0,351,2026-02-03 05:45:22.634638
RITC,9.49,9.48,9.49,208000.0,202600.0,0,0,0,0,0,0,352,2026-02-03 05:45:23.655879
COMP,24.87,24.8,24.87,140800.0,137800.0,0,0,0,0,0,0,352,2026-02-03 05:45:23.655879
RITC,9.49,9.48,9.49,207800.0,202800.0,0,0,0,0,0,0,353,2026-02-03 05:45:24.679464
COMP,24.79,24.79,24.87,141200.0,137800.0,0,0,0,0,0,0,353,2026-02-03 05:45:24.679464
RITC,9.51,9.49,9.51,206900.0,206600.0,0,0,0,0,0,0,354,2026-02-03 05:45:25.701859
COMP,24.79,24.79,24.87,141200.0,137800.0,0,0,0,0,0,0,354,2026-02-03 05:45:25.701859
RITC,9.52,9.49,9.52,206400.0,208800.0,0,0,0,0,0,0,355,2026-02-03 05:45:26.724335
COMP,24.79,24.79,24.87,141200.0,137600.0,0,0,0,0,0,0,355,2026-02-03 05:45:26.724335
RITC,9.52,9.49,9.52,206400.0,210700.0,0,0,0,0,0,0,356,2026-02-03 05:45:27.746747
COMP,24.79,24.79,24.87,140800.0,137600.0,0,0,0,0,0,0,356,2026-02-03 05:45:27.746747
RITC,9.49,9.48,9.49,207900.0,210600.0,0,0,0,0,0,0,357,2026-02-03 05:45:28.766522
COMP,24.79,24.79,24.87,140800.0,138900.0,0,0,0,0,0,0,357,2026-02-03 05:45:28.766522
RITC,9.46,9.46,9.49,211000.0,210600.0,0,0,0,0,0,0,358,2026-02-03 05:45:29.286548
COMP,24.79,24.79,24.87,141600.0,138900.0,0,0,0,0,0,0,358,2026-02-03 05:45:29.286548
RITC,9.49,9.5,9.52,208900.0,208400.0,0,0,0,0,0,0,359,2026-02-03 05:45:30.320229
COMP,24.79,24.79,24.87,142500.0,138900.0,0,0,0,0,0,0,359,2026-02-03 05:45:30.320229
RITC,9.49,9.5,9.52,208900.0,207700.0,0,0,0,0,0,0,360,2026-02-03 05:45:31.348392
COMP,24.79,24.79,24.87,141500.0,138900.0,0,0,0,0,0,0,360,2026-02-03 05:45:31.348392
RITC,9.49,9.5,9.52,208900.0,204900.0,0,0,0,0,0,0,361,2026-02-03 05:45:32.379418
COMP,24.79,24.83,24.87,141000.0,138900.0,0,0,0,0,0,0,361,2026-02-03 05:45:32.379418
RITC,9.52,9.5,9.52,209800.0,207800.0,0,0,0,0,0,0,362,2026-02-03 05:45:33.403049
COMP,24.79,24.83,24.87,141000.0,138900.0,0,0,0,0,0,0,362,2026-02-03 05:45:33.403049
RITC,9.49,9.49,9.52,209900.0,207800.0,0,0,0,0,0,0,363,2026-02-03 05:45:34.430652
COMP,24.83,24.83,24.87,141300.0,138900.0,0,0,0,0,0,0,363,2026-02-03 05:45:34.430652
RITC,9.49,9.46,9.48,211000.0,205200.0,0,0,0,0,0,0,364,2026-02-03 05:45:35.460787
COMP,24.83,24.83,24.87,141300.0,138900.0,0,0,0,0,0,0,364,2026-02-03 05:45:35.460787
RITC,9.5,9.46,9.48,211000.0,208100.0,0,0,0,0,0,0,365,2026-02-03 05:45:36.487512
COMP,24.83,24.86,24.87,141300.0,138900.0,0,0,0,0,0,0,365,2026-02-03 05:45:36.487512
RITC,9.48,9.45,9.48,211200.0,208100.0,0,0,0,0,0,0,366,2026-02-03 05:45:37.511378
COMP,24.86,24.83,24.85,141200.0,139400.0,0,0,0,0,0,0,366,2026-02-03 05:45:37.511378
RITC,9.48,9.45,9.46,211200.0,206700.0,0,0,0,0,0,0,367,2026-02-03 05:45:38.535307
COMP,24.87,24.83,24.87,141200.0,139000.0,0,0,0,0,0,0,367,2026-02-03 05:45:38.535307
RITC,9.48,9.45,9.46,210900.0,206700.0,0,0,0,0,0,0,368,2026-02-03 05:45:39.566152
COMP,24.87,24.83,24.87,141200.0,139000.0,0,0,0,0,0,0,368,2026-02-03 05:45:39.566152
RITC,9.46,9.47,9.53,208000.0,207600.0,0,0,0,0,0,0,369,2026-02-03 05:45:40.587684
COMP,24.87,24.85,24.87,140200.0,139000.0,0,0,0,0,0,0,369,2026-02-03 05:45:40.587684
RITC,9.46,9.52,9.53,210800.0,207600.0,0,0,0,0,0,0,370,2026-02-03 05:45:41.609932
COMP,24.88,24.85,24.88,140200.0,140700.0,0,0,0,0,0,0,370,2026-02-03 05:45:41.609932
RITC,9.53,9.52,9.53,210800.0,210700.0,0,0,0,0,0,0,371,2026-02-03 05:45:42.632536
COMP,24.88,24.85,24.88,139400.0,139000.0,0,0,0,0,0,0,371,2026-02-03 05:45:42.632536
RITC,9.53,9.52,9.53,209000.0,212800.0,0,0,0,0,0,0,372,2026-02-03 05:45:43.658620
COMP,24.88,24.85,24.88,141100.0,139000.0,0,0,0,0,0,0,372,2026-02-03 05:45:43.658620
RITC,9.53,9.52,9.53,210300.0,212100.0,0,0,0,0,0,0,373,2026-02-03 05:45:44.683132
COMP,24.88,24.85,24.88,141600.0,139000.0,0,0,0,0,0,0,373,2026-02-03 05:45:44.683132
RITC,9.53,9.52,9.53,208500.0,212100.0,0,0,0,0,0,0,374,2026-02-03 05:45:45.709020
COMP,24.85,24.85,24.88,141600.0,139000.0,0,0,0,0,0,0,374,2026-02-03 05:45:45.709020
RITC,9.53,9.52,9.53,209700.0,212800.0,0,0,0,0,0,0,375,2026-02-03 05:45:46.741863
COMP,24.88,24.85,24.88,141600.0,141900.0,0,0,0,0,0,0,375,2026-02-03 05:45:46.741863
RITC,9.52,9.52,9.53,209500.0,212800.0,0,0,0,0,0,0,376,2026-02-03 05:45:47.772990
COMP,24.89,24.85,24.89,141600.0,142100.0,0,0,0,0,0,0,376,2026-02-03 05:45:47.772990
RITC,9.53,9.52,9.53,211100.0,212800.0,0,0,0,0,0,0,377,2026-02-03 05:45:48.795797
COMP,24.89,24.85,24.89,142100.0,142100.0,0,0,0,0,0,0,377,2026-02-03 05:45:48.795797
RITC,9.53,9.52,9.53,210300.0,210400.0,0,0,0,0,0,0,378,2026-02-03 05:45:49.818071
COMP,24.89,24.85,24.89,142100.0,142100.0,0,0,0,0,0,0,378,2026-02-03 05:45:49.818071
RITC,9.53,9.52,9.53,208800.0,210400.0,0,0,0,0,0,0,379,2026-02-03 05:45:50.837210
COMP,24.84,24.84,24.89,139600.0,142100.0,0,0,0,0,0,0,379,2026-02-03 05:45:50.837210
RITC,9.52,9.52,9.53,209200.0,210400.0,0,0,0,0,0,0,380,2026-02-03 05:45:51.859189
COMP,24.83,24.83,24.89,139200.0,142100.0,0,0,0,0,0,0,380,2026-02-03 05:45:51.859189
RITC,9.52,9.52,9.53,210900.0,210400.0,0,0,0,0,0,0,381,2026-02-03 05:45:52.883332
COMP,24.83,24.86,24.89,141300.0,140700.0,0,0,0,0,0,0,381,2026-02-03 05:45:52.883332
RITC,9.51,9.51,9.53,211600.0,210400.0,0,0,0,0,0,0,382,2026-02-03 05:45:53.906905
COMP,24.83,24.86,24.89,141300.0,140700.0,0,0,0,0,0,0,382,2026-02-03 05:45:53.906905
RITC,9.51,9.51,9.52,213200.0,213400.0,0,0,0,0,0,0,383,2026-02-03 05:45:54.931119
COMP,24.89,24.86,24.89,141300.0,141300.0,0,0,0,0,0,0,383,2026-02-03 05:45:54.931119
RITC,9.51,9.51,9.52,211100.0,214600.0,0,0,0,0,0,0,384,2026-02-03 05:45:55.951695
COMP,24.89,24.86,24.89,139700.0,141300.0,0,0,0,0,0,0,384,2026-02-03 05:45:55.951695
RITC,9.51,9.51,9.52,211100.0,213200.0,0,0,0,0,0,0,385,2026-02-03 05:45:56.973765
COMP,24.86,24.86,24.89,140500.0,141300.0,0,0,0,0,0,0,385,2026-02-03 05:45:56.973765
RITC,9.52,9.51,9.52,211100.0,213200.0,0,0,0,0,0,0,386,2026-02-03 05:45:57.493060
COMP,24.86,24.86,24.89,140500.0,141300.0,0,0,0,0,0,0,386,2026-02-03 05:45:57.493060
RITC,9.52,9.51,9.52,211600.0,212500.0,0,0,0,0,0,0,387,2026-02-03 05:45:58.527948
COMP,24.86,24.85,24.86,139600.0,140800.0,0,0,0,0,0,0,387,2026-02-03 05:45:58.527948
RITC,9.52,9.51,9.52,212100.0,212500.0,0,0,0,0,0,0,388,2026-02-03 05:45:59.552576
COMP,24.86,24.85,24.86,139600.0,140800.0,0,0,0,0,0,0,388,2026-02-03 05:45:59.552576
RITC,9.51,9.51,9.52,212100.0,212500.0,0,0,0,0,0,0,389,2026-02-03 05:46:00.578026
COMP,24.86,24.85,24.86,139600.0,140800.0,0,0,0,0,0,0,389,2026-02-03 05:46:00.578026
RITC,9.51,9.5,9.51,211600.0,211900.0,0,0,0,0,0,0,390,2026-02-03 05:46:01.601762
COMP,24.86,24.85,24.86,139600.0,139700.0,0,0,0,0,0,0,390,2026-02-03 05:46:01.601762
RITC,9.51,9.51,9.52,211300.0,210000.0,0,0,0,0,0,0,391,2026-02-03 05:46:02.625333
COMP,24.89,24.84,24.89,140800.0,141100.0,0,0,0,0,0,0,391,2026-02-03 05:46:02.625333
RITC,9.53,9.51,9.53,211300.0,210200.0,0,0,0,0,0,0,392,2026-02-03 05:46:03.647766
COMP,24.89,24.84,24.89,140600.0,141100.0,0,0,0,0,0,0,392,2026-02-03 05:46:03.647766
RITC,9.53,9.52,9.53,212500.0,210200.0,0,0,0,0,0,0,393,2026-02-03 05:46:04.672400
COMP,24.9,24.84,24.9,140600.0,142500.0,0,0,0,0,0,0,393,2026-02-03 05:46:04.672400
RITC,9.53,9.52,9.53,212500.0,213700.0,0,0,0,0,0,0,394,2026-02-03 05:46:05.699231
COMP,24.82,24.82,24.9,141200.0,142500.0,0,0,0,0,0,0,394,2026-02-03 05:46:05.699231
RITC,9.53,9.52,9.53,210300.0,211200.0,0,0,0,0,0,0,395,2026-02-03 05:46:06.746686
COMP,24.9,24.87,24.9,141800.0,143000.0,0,0,0,0,0,0,395,2026-02-03 05:46:06.746686
RITC,9.54,9.52,9.54,210300.0,214100.0,0,0,0,0,0,0,396,2026-02-03 05:46:07.788053
COMP,24.9,24.87,24.9,141800.0,143200.0,0,0,0,0,0,0,396,2026-02-03 05:46:07.788053
RITC,9.54,9.53,9.54,213600.0,214500.0,0,0,0,0,0,0,397,2026-02-03 05:46:08.817524
COMP,24.87,24.82,24.85,141200.0,144800.0,0,0,0,0,0,0,397,2026-02-03 05:46:08.817524
RITC,9.52,9.52,9.54,210300.0,214500.0,0,0,0,0,0,0,398,2026-02-03 05:46:09.843696
COMP,24.81,24.81,24.85,139600.0,144800.0,0,0,0,0,0,0,398,2026-02-03 05:46:09.843696
RITC,9.49,9.49,9.5,209900.0,217900.0,0,0,0,0,0,0,399,2026-02-03 05:46:10.872265
COMP,24.81,24.81,24.85,139600.0,144800.0,0,0,0,0,0,0,399,2026-02-03 05:46:10.872265
RITC,9.49,9.49,9.5,210900.0,217900.0,0,0,0,0,0,0,400,2026-02-03 05:46:11.900071
COMP,24.85,24.81,24.85,139600.0,144800.0,0,0,0,0,0,0,400,2026-02-03 05:46:11.900071
RITC,9.54,9.49,9.51,212700.0,216000.0,0,0,0,0,0,0,401,2026-02-03 05:46:12.924446
COMP,24.85,24.82,24.85,141600.0,144800.0,0,0,0,0,0,0,401,2026-02-03 05:46:12.924446
RITC,9.54,9.49,9.51,211900.0,218700.0,0,0,0,0,0,0,402,2026-02-03 05:46:13.949698
COMP,24.83,24.83,24.85,141300.0,144800.0,0,0,0,0,0,0,402,2026-02-03 05:46:13.949698
RITC,9.54,9.49,9.54,211900.0,216200.0,0,0,0,0,0,0,403,2026-02-03 05:46:14.974914
COMP,24.82,24.82,24.85,141700.0,144800.0,0,0,0,0,0,0,403,2026-02-03 05:46:14.974914
RITC,9.54,9.49,9.54,212000.0,216200.0,0,0,0,0,0,0,404,2026-02-03 05:46:15.995837
COMP,24.9,24.82,24.9,141700.0,143200.0,0,0,0,0,0,0,404,2026-02-03 05:46:15.995837
RITC,9.49,9.49,9.54,212000.0,216200.0,0,0,0,0,0,0,405,2026-02-03 05:46:17.020264
COMP,24.9,24.82,24.9,141700.0,144700.0,0,0,0,0,0,0,405,2026-02-03 05:46:17.020264
RITC,9.49,9.51,9.53,214800.0,216600.0,0,0,0,0,0,0,406,2026-02-03 05:46:18.048946
COMP,24.9,24.88,24.9,142600.0,144700.0,0,0,0,0,0,0,406,2026-02-03 05:46:18.048946
RITC,9.51,9.51,9.53,217300.0,216600.0,0,0,0,0,0,0,407,2026-02-03 05:46:19.070207
COMP,24.9,24.88,24.9,143700.0,144800.0,0,0,0,0,0,0,407,2026-02-03 05:46:19.070207
RITC,9.51,9.51,9.53,215500.0,216600.0,0,0,0,0,0,0,408,2026-02-03 05:46:19.643419
COMP,24.9,24.88,24.9,143700.0,144800.0,0,0,0,0,0,0,408,2026-02-03 05:46:19.643419
RITC,9.53,9.52,9.53,217000.0,216600.0,0,0,0,0,0,0,409,2026-02-03 05:46:20.703203
COMP,24.9,24.88,24.9,143100.0,144800.0,0,0,0,0,0,0,409,2026-02-03 05:46:20.703203
RITC,9.52,9.52,9.53,217000.0,216600.0,0,0,0,0,0,0,410,2026-02-03 05:46:21.727065
COMP,24.88,24.88,24.9,143100.0,144800.0,0,0,0,0,0,0,410,2026-02-03 05:46:21.727065
RITC,9.54,9.52,9.54,217000.0,219600.0,0,0,0,0,0,0,411,2026-02-03 05:46:22.749704
COMP,24.9,24.88,24.9,142900.0,143100.0,0,0,0,0,0,0,411,2026-02-03 05:46:22.749704
RITC,9.54,9.52,9.54,217000.0,220000.0,0,0,0,0,0,0,412,2026-02-03 05:46:23.769991
COMP,24.91,24.89,24.91,142800.0,144000.0,0,0,0,0,0,0,412,2026-02-03 05:46:23.769991
RITC,9.51,9.51,9.54,216600.0,220000.0,0,0,0,0,0,0,413,2026-02-03 05:46:24.796448
COMP,24.91,24.89,24.91,142900.0,144000.0,0,0,0,0,0,0,413,2026-02-03 05:46:24.796448
RITC,9.54,9.51,9.54,216600.0,218700.0,0,0,0,0,0,0,414,2026-02-03 05:46:25.819828
COMP,24.91,24.89,24.91,142100.0,144000.0,0,0,0,0,0,0,414,2026-02-03 05:46:25.819828
RITC,9.51,9.51,9.54,216600.0,217700.0,0,0,0,0,0,0,415,2026-02-03 05:46:26.844759
COMP,24.91,24.89,24.91,142100.0,144000.0,0,0,0,0,0,0,415,2026-02-03 05:46:26.844759
RITC,9.51,9.51,9.52,216600.0,215100.0,0,0,0,0,0,0,416,2026-02-03 05:46:27.871035
COMP,24.91,24.89,24.91,141700.0,142200.0,0,0,0,0,0,0,416,2026-02-03 05:46:27.871035
RITC,9.52,9.51,9.52,216600.0,212500.0,0,0,0,0,0,0,417,2026-02-03 05:46:28.914718
COMP,24.91,24.89,24.91,141700.0,143700.0,0,0,0,0,0,0,417,2026-02-03 05:46:28.914718
RITC,9.52,9.53,9.54,217300.0,213700.0,0,0,0,0,0,0,418,2026-02-03 05:46:29.954232
COMP,24.92,24.91,24.92,139300.0,143700.0,0,0,0,0,0,0,418,2026-02-03 05:46:29.954232
RITC,9.52,9.53,9.54,217300.0,211900.0,0,0,0,0,0,0,419,2026-02-03 05:46:30.975037
COMP,24.92,24.91,24.92,139300.0,143600.0,0,0,0,0,0,0,419,2026-02-03 05:46:30.975037
RITC,9.53,9.5,9.51,215800.0,211700.0,0,0,0,0,0,0,420,2026-02-03 05:46:31.999895
COMP,24.92,24.91,24.92,139300.0,144200.0,0,0,0,0,0,0,420,2026-02-03 05:46:31.999895
RITC,9.49,9.49,9.51,211500.0,212100.0,0,0,0,0,0,0,421,2026-02-03 05:46:33.022779
COMP,24.92,24.91,24.92,139300.0,143000.0,0,0,0,0,0,0,421,2026-02-03 05:46:33.022779
RITC,9.51,9.49,9.51,213700.0,211500.0,0,0,0,0,0,0,422,2026-02-03 05:46:34.047059
COMP,24.93,24.91,24.93,139300.0,143600.0,0,0,0,0,0,0,422,2026-02-03 05:46:34.047059
RITC,9.54,9.49,9.54,213700.0,213500.0,0,0,0,0,0,0,423,2026-02-03 05:46:35.074385
COMP,24.93,24.91,24.92,139300.0,142800.0,0,0,0,0,0,0,423,2026-02-03 05:46:35.074385
RITC,9.54,9.49,9.54,213600.0,213800.0,0,0,0,0,0,0,424,2026-02-03 05:46:36.099091
COMP,24.93,24.91,24.93,138200.0,143600.0,0,0,0,0,0,0,424,2026-02-03 05:46:36.099091
RITC,9.54,9.49,9.51,213600.0,211500.0,0,0,0,0,0,0,425,2026-02-03 05:46:37.121729
COMP,24.93,24.91,24.93,138300.0,143600.0,0,0,0,0,0,0,425,2026-02-03 05:46:37.121729
RITC,9.54,9.49,9.5,216400.0,209500.0,0,0,0,0,0,0,426,2026-02-03 05:46:38.144191
COMP,24.93,24.91,24.93,140000.0,143600.0,0,0,0,0,0,0,426,2026-02-03 05:46:38.144191
RITC,9.54,9.49,9.5,216400.0,207900.0,0,0,0,0,0,0,427,2026-02-03 05:46:38.662292
COMP,24.93,24.91,24.93,140000.0,144200.0,0,0,0,0,0,0,427,2026-02-03 05:46:38.662292
RITC,9.49,9.49,9.5,214500.0,207900.0,0,0,0,0,0,0,428,2026-02-03 05:46:39.707970
COMP,24.93,24.91,24.93,141500.0,144200.0,0,0,0,0,0,0,428,2026-02-03 05:46:39.707970
RITC,9.49,9.49,9.5,214000.0,209900.0,0,0,0,0,0,0,429,2026-02-03 05:46:40.740325
COMP,24.93,24.91,24.93,141600.0,143300.0,0,0,0,0,0,0,429,2026-02-03 05:46:40.740325
RITC,9.49,9.49,9.5,214800.0,209900.0,0,0,0,0,0,0,430,2026-02-03 05:46:41.774790
COMP,24.93,24.91,24.93,141600.0,143300.0,0,0,0,0,0,0,430,2026-02-03 05:46:41.774790
RITC,9.49,9.49,9.5,211900.0,209900.0,0,0,0,0,0,0,431,2026-02-03 05:46:42.806231
COMP,24.93,24.91,24.93,140700.0,143300.0,0,0,0,0,0,0,431,2026-02-03 05:46:42.806231
RITC,9.49,9.48,9.49,212300.0,213800.0,0,0,0,0,0,0,432,2026-02-03 05:46:43.833238
COMP,24.93,24.91,24.93,140000.0,143300.0,0,0,0,0,0,0,432,2026-02-03 05:46:43.833238
RITC,9.48,9.48,9.49,212300.0,213800.0,0,0,0,0,0,0,433,2026-02-03 05:46:44.856319
COMP,24.93,24.91,24.93,141000.0,144400.0,0,0,0,0,0,0,433,2026-02-03 05:46:44.856319
RITC,9.48,9.48,9.49,210700.0,213100.0,0,0,0,0,0,0,434,2026-02-03 05:46:45.880276
COMP,24.93,24.91,24.93,141000.0,143000.0,0,0,0,0,0,0,434,2026-02-03 05:46:45.880276
RITC,9.48,9.48,9.49,211100.0,214300.0,0,0,0,0,0,0,435,2026-02-03 05:46:46.906342
COMP,24.93,24.92,24.93,140700.0,143000.0,0,0,0,0,0,0,435,2026-02-03 05:46:46.906342
RITC,9.48,9.48,9.49,211100.0,214800.0,0,0,0,0,0,0,436,2026-02-03 05:46:47.988356
COMP,24.94,24.92,24.94,140700.0,141900.0,0,0,0,0,0,0,436,2026-02-03 05:46:47.988356
RITC,9.48,9.48,9.49,212100.0,215400.0,0,0,0,0,0,0,437,2026-02-03 05:46:49.011546
COMP,24.95,24.92,24.95,140700.0,141400.0,0,0,0,0,0,0,437,2026-02-03 05:46:49.011546
RITC,9.47,9.47,9.49,210700.0,215400.0,0,0,0,0,0,0,438,2026-02-03 05:46:50.034858
COMP,24.95,24.92,24.95,141200.0,141400.0,0,0,0,0,0,0,438,2026-02-03 05:46:50.034858
RITC,9.47,9.45,9.46,210600.0,219600.0,0,0,0,0,0,0,439,2026-02-03 05:46:51.060262
COMP,24.92,24.92,24.95,141200.0,140700.0,0,0,0,0,0,0,439,2026-02-03 05:46:51.060262
RITC,9.45,9.45,9.46,210200.0,220400.0,0,0,0,0,0,0,440,2026-02-03 05:46:52.080960
COMP,24.92,24.92,24.95,138900.0,140700.0,0,0,0,0,0,0,440,2026-02-03 05:46:52.080960
RITC,9.46,9.45,9.46,210200.0,218400.0,0,0,0,0,0,0,441,2026-02-03 05:46:53.104578
COMP,24.91,24.91,24.95,140900.0,140700.0,0,0,0,0,0,0,441,2026-02-03 05:46:53.104578
RITC,9.46,9.45,9.46,209800.0,218400.0,0,0,0,0,0,0,442,2026-02-03 05:46:54.129703
COMP,24.89,24.89,24.95,141500.0,140700.0,0,0,0,0,0,0,442,2026-02-03 05:46:54.129703
RITC,9.47,9.48,9.49,210100.0,216700.0,0,0,0,0,0,0,443,2026-02-03 05:46:55.152380
COMP,24.89,24.89,24.95,141500.0,140700.0,0,0,0,0,0,0,443,2026-02-03 05:46:55.152380
RITC,9.49,9.48,9.49,208700.0,216700.0,0,0,0,0,0,0,444,2026-02-03 05:46:56.178343
COMP,24.95,24.89,24.95,141500.0,140700.0,0,0,0,0,0,0,444,2026-02-03 05:46:56.178343
RITC,9.48,9.45,9.47,208900.0,215100.0,0,0,0,0,0,0,445,2026-02-03 05:46:57.200266
COMP,24.95,24.93,24.95,142200.0,140700.0,0,0,0,0,0,0,445,2026-02-03 05:46:57.200266
RITC,9.48,9.45,9.46,208900.0,213800.0,0,0,0,0,0,0,446,2026-02-03 05:46:58.224680
COMP,24.89,24.89,24.96,141500.0,140000.0,0,0,0,0,0,0,446,2026-02-03 05:46:58.224680
RITC,9.46,9.45,9.46,210300.0,213800.0,0,0,0,0,0,0,447,2026-02-03 05:46:59.246397
COMP,24.89,24.89,24.96,142600.0,140000.0,0,0,0,0,0,0,447,2026-02-03 05:46:59.246397
RITC,9.46,9.45,9.46,210300.0,211000.0,0,0,0,0,0,0,448,2026-02-03 05:46:59.772215
COMP,24.89,24.95,24.96,142900.0,140000.0,0,0,0,0,0,0,448,2026-02-03 05:46:59.772215
RITC,9.45,9.45,9.46,212700.0,211000.0,0,0,0,0,0,0,449,2026-02-03 05:47:00.790655
COMP,24.89,24.95,24.96,142500.0,140000.0,0,0,0,0,0,0,449,2026-02-03 05:47:00.790655
RITC,9.45,9.45,9.46,212700.0,211700.0,0,0,0,0,0,0,450,2026-02-03 05:47:01.820706
COMP,24.96,24.95,24.96,141400.0,139700.0,0,0,0,0,0,0,450,2026-02-03 05:47:01.820706
RITC,9.44,9.44,9.46,214000.0,214800.0,0,0,0,0,0,0,451,2026-02-03 05:47:02.851737
COMP,24.96,24.95,24.96,141400.0,139700.0,0,0,0,0,0,0,451,2026-02-03 05:47:02.851737
RITC,9.44,9.44,9.46,213700.0,216100.0,0,0,0,0,0,0,452,2026-02-03 05:47:03.881341
COMP,24.96,24.95,24.96,143600.0,139700.0,0,0,0,0,0,0,452,2026-02-03 05:47:03.881341
RITC,9.44,9.44,9.45,214500.0,213700.0,0,0,0,0,0,0,453,2026-02-03 05:47:04.912277
COMP,24.97,24.95,24.98,143600.0,140700.0,0,0,0,0,0,0,453,2026-02-03 05:47:04.912277
RITC,9.44,9.44,9.45,214500.0,209800.0,0,0,0,0,0,0,454,2026-02-03 05:47:05.942399
COMP,24.98,24.95,24.98,146400.0,140700.0,0,0,0,0,0,0,454,2026-02-03 05:47:05.942399
RITC,9.44,9.44,9.45,214500.0,209500.0,0,0,0,0,0,0,455,2026-02-03 05:47:06.967849
COMP,24.99,24.95,24.99,146400.0,141400.0,0,0,0,0,0,0,455,2026-02-03 05:47:06.967849
RITC,9.44,9.44,9.45,214500.0,207800.0,0,0,0,0,0,0,456,2026-02-03 05:47:07.991793
COMP,24.99,24.95,24.99,148200.0,140700.0,0,0,0,0,0,0,456,2026-02-03 05:47:07.991793
RITC,9.44,9.44,9.45,213100.0,207800.0,0,0,0,0,0,0,457,2026-02-03 05:47:09.017283
COMP,24.99,24.95,24.99,148200.0,141400.0,0,0,0,0,0,0,457,2026-02-03 05:47:09.017283
RITC,9.44,9.44,9.45,213100.0,209100.0,0,0,0,0,0,0,458,2026-02-03 05:47:10.043448
COMP,24.99,24.95,24.99,147400.0,140200.0,0,0,0,0,0,0,458,2026-02-03 05:47:10.043448
RITC,9.44,9.44,9.45,211400.0,211600.0,0,0,0,0,0,0,459,2026-02-03 05:47:11.066659
COMP,25.0,24.95,25.0,147400.0,139200.0,0,0,0,0,0,0,459,2026-02-03 05:47:11.066659
RITC,9.44,9.44,9.45,211400.0,211600.0,0,0,0,0,0,0,460,2026-02-03 05:47:12.088799
COMP,25.0,24.97,25.0,143800.0,139200.0,0,0,0,0,0,0,460,2026-02-03 05:47:12.088799
RITC,9.44,9.44,9.45,211400.0,213200.0,0,0,0,0,0,0,461,2026-02-03 05:47:13.111535
COMP,25.0,24.97,25.0,141800.0,139200.0,0,0,0,0,0,0,461,2026-02-03 05:47:13.111535
RITC,9.44,9.44,9.45,213100.0,213200.0,0,0,0,0,0,0,462,2026-02-03 05:47:14.132738
COMP,25.0,24.97,25.0,142200.0,139200.0,0,0,0,0,0,0,462,2026-02-03 05:47:14.132738
RITC,9.43,9.43,9.45,214900.0,213200.0,0,0,0,0,0,0,463,2026-02-03 05:47:15.160862
COMP,25.0,24.97,25.0,139800.0,139200.0,0,0,0,0,0,0,463,2026-02-03 05:47:15.160862
RITC,9.43,9.43,9.45,215000.0,212900.0,0,0,0,0,0,0,464,2026-02-03 05:47:16.181326
COMP,25.0,24.98,25.0,140300.0,139200.0,0,0,0,0,0,0,464,2026-02-03 05:47:16.181326
RITC,9.43,9.43,9.44,215000.0,214300.0,0,0,0,0,0,0,465,2026-02-03 05:47:17.205723
COMP,25.0,24.98,25.0,140300.0,139200.0,0,0,0,0,0,0,465,2026-02-03 05:47:17.205723
RITC,9.43,9.43,9.44,212200.0,214200.0,0,0,0,0,0,0,466,2026-02-03 05:47:18.230106
COMP,25.01,25.0,25.01,140900.0,139300.0,0,0,0,0,0,0,466,2026-02-03 05:47:18.230106
RITC,9.44,9.43,9.44,212200.0,213700.0,0,0,0,0,0,0,467,2026-02-03 05:47:19.254234
COMP,25.01,25.0,25.01,141200.0,139300.0,0,0,0,0,0,0,467,2026-02-03 05:47:19.254234
RITC,9.45,9.43,9.45,212200.0,215700.0,0,0,0,0,0,0,468,2026-02-03 05:47:20.278710
COMP,25.01,25.0,25.01,141400.0,139300.0,0,0,0,0,0,0,468,2026-02-03 05:47:20.278710
RITC,9.43,9.43,9.45,213400.0,217400.0,0,0,0,0,0,0,469,2026-02-03 05:47:21.303471
COMP,25.02,25.0,25.02,141400.0,138700.0,0,0,0,0,0,0,469,2026-02-03 05:47:21.303471
RITC,9.43,9.43,9.45,211800.0,217400.0,0,0,0,0,0,0,470,2026-02-03 05:47:22.324396
COMP,25.02,25.0,25.02,141400.0,138000.0,0,0,0,0,0,0,470,2026-02-03 05:47:22.324396
RITC,9.43,9.43,9.45,212100.0,217400.0,0,0,0,0,0,0,471,2026-02-03 05:47:23.347282
COMP,25.02,25.0,25.02,142500.0,138000.0,0,0,0,0,0,0,471,2026-02-03 05:47:23.347282
RITC,9.45,9.43,9.45,212100.0,216200.0,0,0,0,0,0,0,472,2026-02-03 05:47:24.369061
COMP,25.04,25.0,25.04,142500.0,140100.0,0,0,0,0,0,0,472,2026-02-03 05:47:24.369061
RITC,9.44,9.44,9.45,211900.0,216200.0,0,0,0,0,0,0,473,2026-02-03 05:47:25.390866
COMP,25.04,25.0,25.04,142500.0,140100.0,0,0,0,0,0,0,473,2026-02-03 05:47:25.390866
RITC,9.44,9.44,9.45,211900.0,216900.0,0,0,0,0,0,0,474,2026-02-03 05:47:25.915845
COMP,25.05,25.0,25.05,142500.0,140800.0,0,0,0,0,0,0,474,2026-02-03 05:47:25.915845
RITC,9.45,9.44,9.45,211900.0,218100.0,0,0,0,0,0,0,475,2026-02-03 05:47:26.934126
COMP,25.05,25.01,25.05,142000.0,140800.0,0,0,0,0,0,0,475,2026-02-03 05:47:26.934126
RITC,9.45,9.44,9.45,211900.0,219600.0,0,0,0,0,0,0,476,2026-02-03 05:47:27.956213
COMP,25.05,25.01,25.05,142000.0,140700.0,0,0,0,0,0,0,476,2026-02-03 05:47:27.956213
RITC,9.45,9.44,9.45,209000.0,221200.0,0,0,0,0,0,0,477,2026-02-03 05:47:28.993633
COMP,25.06,25.01,25.06,142000.0,139900.0,0,0,0,0,0,0,477,2026-02-03 05:47:28.993633
RITC,9.45,9.44,9.45,212500.0,221200.0,0,0,0,0,0,0,478,2026-02-03 05:47:30.024319
COMP,25.06,25.06,25.09,143600.0,139500.0,0,0,0,0,0,0,478,2026-02-03 05:47:30.024319
RITC,9.43,9.43,9.45,210400.0,221200.0,0,0,0,0,0,0,479,2026-02-03 05:47:31.067788
COMP,25.06,25.06,25.09,142700.0,139500.0,0,0,0,0,0,0,479,2026-02-03 05:47:31.067788
RITC,9.42,9.43,9.45,210400.0,221200.0,0,0,0,0,0,0,480,2026-02-03 05:47:32.100446
COMP,25.09,25.08,25.09,142200.0,139500.0,0,0,0,0,0,0,480,2026-02-03 05:47:32.100446
RITC,9.43,9.43,9.44,210400.0,223700.0,0,0,0,0,0,0,481,2026-02-03 05:47:33.160085
COMP,25.09,25.08,25.09,142700.0,139500.0,0,0,0,0,0,0,481,2026-02-03 05:47:33.160085
RITC,9.44,9.42,9.44,211200.0,223700.0,0,0,0,0,0,0,482,2026-02-03 05:47:34.203005
COMP,25.09,25.08,25.09,143100.0,138800.0,0,0,0,0,0,0,482,2026-02-03 05:47:34.203005
RITC,9.44,9.42,9.44,209200.0,223700.0,0,0,0,0,0,0,483,2026-02-03 05:47:35.228992
COMP,25.09,25.08,25.09,144200.0,138800.0,0,0,0,0,0,0,483,2026-02-03 05:47:35.228992
RITC,9.44,9.42,9.44,209200.0,223700.0,0,0,0,0,0,0,484,2026-02-03 05:47:36.250704
COMP,25.11,25.08,25.11,144200.0,137300.0,0,0,0,0,0,0,484,2026-02-03 05:47:36.250704
RITC,9.42,9.42,9.45,207200.0,219600.0,0,0,0,0,0,0,485,2026-02-03 05:47:37.274643
COMP,25.11,25.08,25.11,143400.0,137300.0,0,0,0,0,0,0,485,2026-02-03 05:47:37.274643
RITC,9.43,9.43,9.45,207400.0,219600.0,0,0,0,0,0,0,486,2026-02-03 05:47:38.309288
COMP,25.12,25.08,25.12,143400.0,136000.0,0,0,0,0,0,0,486,2026-02-03 05:47:38.309288
RITC,9.43,9.43,9.45,207900.0,219600.0,0,0,0,0,0,0,487,2026-02-03 05:47:39.336519
COMP,25.12,25.08,25.12,143000.0,137100.0,0,0,0,0,0,0,487,2026-02-03 05:47:39.336519
RITC,9.43,9.43,9.45,210100.0,220400.0,0,0,0,0,0,0,488,2026-02-03 05:47:40.367227
COMP,25.12,25.08,25.12,143000.0,136000.0,0,0,0,0,0,0,488,2026-02-03 05:47:40.367227
RITC,9.43,9.42,9.43,207200.0,221900.0,0,0,0,0,0,0,489,2026-02-03 05:47:41.390270
COMP,25.12,25.09,25.12,143800.0,136000.0,0,0,0,0,0,0,489,2026-02-03 05:47:41.390270
RITC,9.43,9.42,9.43,209200.0,223900.0,0,0,0,0,0,0,490,2026-02-03 05:47:42.418207
COMP,25.12,25.09,25.12,143300.0,136000.0,0,0,0,0,0,0,490,2026-02-03 05:47:42.418207
RITC,9.43,9.42,9.43,209200.0,222900.0,0,0,0,0,0,0,491,2026-02-03 05:47:43.447976
COMP,25.12,25.11,25.12,143700.0,136000.0,0,0,0,0,0,0,491,2026-02-03 05:47:43.447976
RITC,9.42,9.42,9.43,207800.0,222900.0,0,0,0,0,0,0,492,2026-02-03 05:47:44.471943
COMP,25.13,25.11,25.13,143700.0,137500.0,0,0,0,0,0,0,492,2026-02-03 05:47:44.471943
RITC,9.42,9.42,9.43,210400.0,222900.0,0,0,0,0,0,0,493,2026-02-03 05:47:45.494609
COMP,25.15,25.11,25.15,143700.0,136200.0,0,0,0,0,0,0,493,2026-02-03 05:47:45.494609
RITC,9.42,9.42,9.43,209900.0,221400.0,0,0,0,0,0,0,494,2026-02-03 05:47:46.521068
COMP,25.15,25.14,25.15,142100.0,136200.0,0,0,0,0,0,0,494,2026-02-03 05:47:46.521068
RITC,9.41,9.41,9.43,211400.0,222900.0,0,0,0,0,0,0,495,2026-02-03 05:47:47.549056
COMP,25.15,25.14,25.15,142900.0,136200.0,0,0,0,0,0,0,495,2026-02-03 05:47:47.549056
RITC,9.41,9.41,9.43,213000.0,222900.0,0,0,0,0,0,0,496,2026-02-03 05:47:48.575467
COMP,25.16,25.14,25.16,142900.0,135000.0,0,0,0,0,0,0,496,2026-02-03 05:47:48.575467
RITC,9.41,9.41,9.42,213000.0,222400.0,0,0,0,0,0,0,497,2026-02-03 05:47:49.109577
COMP,25.16,25.14,25.16,143300.0,135000.0,0,0,0,0,0,0,497,2026-02-03 05:47:49.109577
RITC,9.41,9.41,9.42,216800.0,222700.0,0,0,0,0,0,0,498,2026-02-03 05:47:50.150040
COMP,25.16,25.14,25.16,143300.0,135800.0,0,0,0,0,0,0,498,2026-02-03 05:47:50.150040
RITC,9.41,9.41,9.42,220000.0,222700.0,0,0,0,0,0,0,499,2026-02-03 05:47:51.181346
COMP,25.18,25.14,25.18,143300.0,135700.0,0,0,0,0,0,0,499,2026-02-03 05:47:51.181346
RITC,9.41,9.41,9.42,220000.0,229600.0,0,0,0,0,0,0,500,2026-02-03 05:47:52.217110
COMP,25.18,25.16,25.18,144300.0,135700.0,0,0,0,0,0,0,500,2026-02-03 05:47:52.217110
RITC,9.41,9.4,9.41,217900.0,225300.0,0,0,0,0,0,0,501,2026-02-03 05:47:53.254440
COMP,25.18,25.16,25.18,144500.0,135700.0,0,0,0,0,0,0,501,2026-02-03 05:47:53.254440
RITC,9.4,9.4,9.41,218900.0,225300.0,0,0,0,0,0,0,502,2026-02-03 05:47:54.277207
COMP,25.18,25.16,25.18,145400.0,135700.0,0,0,0,0,0,0,502,2026-02-03 05:47:54.277207
RITC,9.4,9.4,9.41,218900.0,225300.0,0,0,0,0,0,0,503,2026-02-03 05:47:55.304932
COMP,25.19,25.16,25.19,145400.0,137400.0,0,0,0,0,0,0,503,2026-02-03 05:47:55.304932
RITC,9.4,9.4,9.41,217400.0,225300.0,0,0,0,0,0,0,504,2026-02-03 05:47:56.331434
COMP,25.19,25.16,25.19,144100.0,137400.0,0,0,0,0,0,0,504,2026-02-03 05:47:56.331434
RITC,9.39,9.39,9.41,213900.0,224700.0,0,0,0,0,0,0,505,2026-02-03 05:47:57.355779
COMP,25.19,25.16,25.19,145000.0,137200.0,0,0,0,0,0,0,505,2026-02-03 05:47:57.355779
RITC,9.39,9.39,9.41,214200.0,221500.0,0,0,0,0,0,0,506,2026-02-03 05:47:58.379766
COMP,25.2,25.16,25.2,142700.0,135500.0,0,0,0,0,0,0,506,2026-02-03 05:47:58.379766
RITC,9.39,9.39,9.4,214200.0,222100.0,0,0,0,0,0,0,507,2026-02-03 05:47:59.400187
COMP,25.2,25.16,25.2,142700.0,135400.0,0,0,0,0,0,0,507,2026-02-03 05:47:59.400187
RITC,9.39,9.39,9.4,211500.0,221600.0,0,0,0,0,0,0,508,2026-02-03 05:48:00.421475
COMP,25.22,25.16,25.22,142700.0,135600.0,0,0,0,0,0,0,508,2026-02-03 05:48:00.421475
RITC,9.39,9.39,9.4,211500.0,216700.0,0,0,0,0,0,0,509,2026-02-03 05:48:01.448818
COMP,25.22,25.19,25.22,142800.0,135900.0,0,0,0,0,0,0,509,2026-02-03 05:48:01.448818
RITC,9.39,9.39,9.4,213600.0,216700.0,0,0,0,0,0,0,510,2026-02-03 05:48:02.471212
COMP,25.22,25.26,25.27,143400.0,135500.0,0,0,0,0,0,0,510,2026-02-03 05:48:02.471212
RITC,9.39,9.39,9.4,213600.0,217300.0,0,0,0,0,0,0,511,2026-02-03 05:48:03.523253
COMP,25.22,25.26,25.27,142600.0,135500.0,0,0,0,0,0,0,511,2026-02-03 05:48:03.523253
RITC,9.37,9.37,9.4,215100.0,217300.0,0,0,0,0,0,0,512,2026-02-03 05:48:04.566462
COMP,25.27,25.26,25.27,142600.0,135500.0,0,0,0,0,0,0,512,2026-02-03 05:48:04.566462
RITC,9.37,9.37,9.4,217300.0,217300.0,0,0,0,0,0,0,513,2026-02-03 05:48:05.587704
COMP,25.33,25.26,25.33,140900.0,136100.0,0,0,0,0,0,0,513,2026-02-03 05:48:05.587704
RITC,9.37,9.37,9.4,217300.0,220000.0,0,0,0,0,0,0,514,2026-02-03 05:48:06.608702
COMP,25.33,25.26,25.33,140900.0,137100.0,0,0,0,0,0,0,514,2026-02-03 05:48:06.608702
RITC,9.37,9.37,9.38,217300.0,212400.0,0,0,0,0,0,0,515,2026-02-03 05:48:07.634495
COMP,25.34,25.26,25.34,140900.0,135800.0,0,0,0,0,0,0,515,2026-02-03 05:48:07.634495
RITC,9.37,9.37,9.38,217300.0,212800.0,0,0,0,0,0,0,516,2026-02-03 05:48:08.659616
COMP,25.35,25.29,25.35,141600.0,128800.0,0,0,0,0,0,0,516,2026-02-03 05:48:08.659616
RITC,9.36,9.36,9.38,213700.0,212800.0,0,0,0,0,0,0,517,2026-02-03 05:48:09.685594
COMP,25.35,25.29,25.35,143200.0,128800.0,0,0,0,0,0,0,517,2026-02-03 05:48:09.685594
RITC,9.36,9.36,9.38,213500.0,212800.0,0,0,0,0,0,0,518,2026-02-03 05:48:10.213187
COMP,25.35,25.29,25.35,143200.0,128800.0,0,0,0,0,0,0,518,2026-02-03 05:48:10.213187
RITC,9.36,9.36,9.37,213500.0,211700.0,0,0,0,0,0,0,519,2026-02-03 05:48:11.244803
COMP,25.35,25.29,25.35,143200.0,120700.0,0,0,0,0,0,0,519,2026-02-03 05:48:11.244803
RITC,9.36,9.36,9.37,213500.0,209600.0,0,0,0,0,0,0,520,2026-02-03 05:48:12.273783
COMP,25.35,25.34,25.35,146700.0,120700.0,0,0,0,0,0,0,520,2026-02-03 05:48:12.273783
RITC,9.36,9.36,9.37,210000.0,209200.0,0,0,0,0,0,0,521,2026-02-03 05:48:13.302432
COMP,25.35,25.38,25.39,143400.0,114600.0,0,0,0,0,0,0,521,2026-02-03 05:48:13.302432
RITC,9.35,9.35,9.37,211300.0,209200.0,0,0,0,0,0,0,522,2026-02-03 05:48:14.342100
COMP,25.38,25.34,25.35,144400.0,121600.0,0,0,0,0,0,0,522,2026-02-03 05:48:14.342100
RITC,9.35,9.34,9.35,201600.0,207600.0,0,0,0,0,0,0,523,2026-02-03 05:48:15.371115
COMP,25.35,25.37,25.39,143300.0,114600.0,0,0,0,0,0,0,523,2026-02-03 05:48:15.371115
RITC,9.34,9.34,9.35,201600.0,208300.0,0,0,0,0,0,0,524,2026-02-03 05:48:16.398818
COMP,25.37,25.34,25.37,144100.0,122700.0,0,0,0,0,0,0,524,2026-02-03 05:48:16.398818
RITC,9.32,9.32,9.35,180600.0,206900.0,0,0,0,0,0,0,525,2026-02-03 05:48:17.423002
COMP,25.37,25.34,25.39,143000.0,114600.0,0,0,0,0,0,0,525,2026-02-03 05:48:17.423002
RITC,9.32,9.32,9.35,171800.0,208100.0,0,0,0,0,0,0,526,2026-02-03 05:48:18.452636
COMP,25.37,25.34,25.39,143000.0,114600.0,0,0,0,0,0,0,526,2026-02-03 05:48:18.452636
RITC,9.3,9.3,9.33,148900.0,208100.0,0,0,0,0,0,0,527,2026-02-03 05:48:19.486590
COMP,25.37,25.37,25.39,141200.0,114600.0,0,0,0,0,0,0,527,2026-02-03 05:48:19.486590
RITC,9.3,9.3,9.31,148900.0,209200.0,0,0,0,0,0,0,528,2026-02-03 05:48:20.518441
COMP,25.37,25.37,25.39,139500.0,114600.0,0,0,0,0,0,0,528,2026-02-03 05:48:20.518441
RITC,9.27,9.27,9.31,139800.0,209200.0,0,0,0,0,0,0,529,2026-02-03 05:48:21.542036
COMP,25.37,25.38,25.39,140400.0,114600.0,0,0,0,0,0,0,529,2026-02-03 05:48:21.542036
RITC,9.27,9.3,9.31,150500.0,209000.0,0,0,0,0,0,0,530,2026-02-03 05:48:22.560248
COMP,25.37,25.38,25.39,139600.0,114600.0,0,0,0,0,0,0,530,2026-02-03 05:48:22.560248
RITC,9.27,9.3,9.31,150500.0,207900.0,0,0,0,0,0,0,531,2026-02-03 05:48:23.583086
COMP,25.37,25.38,25.39,140500.0,114600.0,0,0,0,0,0,0,531,2026-02-03 05:48:23.583086
RITC,9.26,9.26,9.31,129000.0,205300.0,0,0,0,0,0,0,532,2026-02-03 05:48:24.604205
COMP,25.39,25.38,25.39,138200.0,114600.0,0,0,0,0,0,0,532,2026-02-03 05:48:24.604205
RITC,9.26,9.26,9.27,129000.0,208600.0,0,0,0,0,0,0,533,2026-02-03 05:48:25.626446
COMP,25.39,25.38,25.39,138800.0,114600.0,0,0,0,0,0,0,533,2026-02-03 05:48:25.626446
RITC,9.26,9.26,9.27,116900.0,207200.0,0,0,0,0,0,0,534,2026-02-03 05:48:26.652383
COMP,25.39,25.38,25.39,138800.0,114600.0,0,0,0,0,0,0,534,2026-02-03 05:48:26.652383
RITC,9.25,9.25,9.27,108400.0,207200.0,0,0,0,0,0,0,535,2026-02-03 05:48:27.675286
COMP,25.39,25.38,25.39,138800.0,107700.0,0,0,0,0,0,0,535,2026-02-03 05:48:27.675286
RITC,9.25,9.25,9.26,108400.0,207100.0,0,0,0,0,0,0,536,2026-02-03 05:48:28.700258
COMP,25.39,25.38,25.4,138800.0,95200.0,0,0,0,0,0,0,536,2026-02-03 05:48:28.700258
RITC,9.25,9.23,9.24,107600.0,208500.0,0,0,0,0,0,0,537,2026-02-03 05:48:29.726096
COMP,25.4,25.38,25.4,138700.0,95200.0,0,0,0,0,0,0,537,2026-02-03 05:48:29.726096
RITC,9.22,9.22,9.23,109300.0,205800.0,0,0,0,0,0,0,538,2026-02-03 05:48:30.750384
COMP,25.4,25.38,25.4,138700.0,95200.0,0,0,0,0,0,0,538,2026-02-03 05:48:30.750384
RITC,9.22,9.22,9.23,109300.0,208800.0,0,0,0,0,0,0,539,2026-02-03 05:48:31.773306
COMP,25.4,25.38,25.4,136300.0,95200.0,0,0,0,0,0,0,539,2026-02-03 05:48:31.773306
RITC,9.22,9.22,9.23,109300.0,208800.0,0,0,0,0,0,0,540,2026-02-03 05:48:32.801389
COMP,25.4,25.43,25.45,137800.0,87200.0,0,0,0,0,0,0,540,2026-02-03 05:48:32.801389
RITC,9.22,9.21,9.22,107000.0,214000.0,0,0,0,0,0,0,541,2026-02-03 05:48:33.821908
COMP,25.47,25.43,25.47,137800.0,72500.0,0,0,0,0,0,0,541,2026-02-03 05:48:33.821908
RITC,9.21,9.14,9.19,106500.0,215900.0,0,0,0,0,0,0,542,2026-02-03 05:48:34.357363
COMP,25.47,25.47,25.48,138600.0,64400.0,0,0,0,0,0,0,542,2026-02-03 05:48:34.357363
RITC,9.13,9.13,9.19,105700.0,215900.0,0,0,0,0,0,0,543,2026-02-03 05:48:35.398624
COMP,25.47,25.47,25.48,138600.0,72200.0,0,0,0,0,0,0,543,2026-02-03 05:48:35.398624
RITC,9.13,9.08,9.12,110700.0,214400.0,0,0,0,0,0,0,544,2026-02-03 05:48:36.431907
COMP,25.47,25.47,25.48,138600.0,72200.0,0,0,0,0,0,0,544,2026-02-03 05:48:36.431907
RITC,9.13,9.1,9.12,120600.0,218300.0,0,0,0,0,0,0,545,2026-02-03 05:48:37.483049
COMP,25.47,25.47,25.48,137400.0,72200.0,0,0,0,0,0,0,545,2026-02-03 05:48:37.483049
RITC,9.08,9.08,9.12,110700.0,218000.0,0,0,0,0,0,0,546,2026-02-03 05:48:38.505509
COMP,25.49,25.47,25.49,137400.0,66400.0,0,0,0,0,0,0,546,2026-02-03 05:48:38.505509
RITC,9.05,9.07,9.1,111800.0,220800.0,0,0,0,0,0,0,547,2026-02-03 05:48:39.527948
COMP,25.49,25.47,25.49,137400.0,79100.0,0,0,0,0,0,0,547,2026-02-03 05:48:39.527948
RITC,9.07,9.07,9.1,111800.0,220800.0,0,0,0,0,0,0,548,2026-02-03 05:48:40.551318
COMP,25.46,25.46,25.49,137200.0,79100.0,0,0,0,0,0,0,548,2026-02-03 05:48:40.551318
RITC,9.07,9.07,9.1,109100.0,220800.0,0,0,0,0,0,0,549,2026-02-03 05:48:41.568309
COMP,25.49,25.46,25.49,137200.0,79100.0,0,0,0,0,0,0,549,2026-02-03 05:48:41.568309
RITC,9.09,9.09,9.1,120700.0,219900.0,0,0,0,0,0,0,550,2026-02-03 05:48:42.590296
COMP,25.49,25.46,25.49,137100.0,79100.0,0,0,0,0,0,0,550,2026-02-03 05:48:42.590296
RITC,9.09,9.09,9.1,120700.0,218600.0,0,0,0,0,0,0,551,2026-02-03 05:48:43.610998
COMP,25.43,25.41,25.49,137600.0,79100.0,0,0,0,0,0,0,551,2026-02-03 05:48:43.610998
RITC,9.07,9.05,9.07,108800.0,221200.0,0,0,0,0,0,0,552,2026-02-03 05:48:44.634557
COMP,25.51,25.41,25.49,137600.0,77900.0,0,0,0,0,0,0,552,2026-02-03 05:48:44.634557
RITC,9.04,9.04,9.07,110600.0,221000.0,0,0,0,0,0,0,553,2026-02-03 05:48:45.672639
COMP,25.49,25.51,25.54,135900.0,71300.0,0,0,0,0,0,0,553,2026-02-03 05:48:45.672639
RITC,9.02,9.02,9.05,112900.0,218200.0,0,0,0,0,0,0,554,2026-02-03 05:48:46.725987
COMP,25.41,25.41,25.54,137600.0,71300.0,0,0,0,0,0,0,554,2026-02-03 05:48:46.725987
RITC,9.02,9.02,9.05,112900.0,219700.0,0,0,0,0,0,0,555,2026-02-03 05:48:47.760538
COMP,25.41,25.47,25.49,136400.0,79400.0,0,0,0,0,0,0,555,2026-02-03 05:48:47.760538
RITC,9.02,9.02,9.05,112900.0,226700.0,0,0,0,0,0,0,556,2026-02-03 05:48:48.779547
COMP,25.47,25.41,25.43,137600.0,86900.0,0,0,0,0,0,0,556,2026-02-03 05:48:48.779547
RITC,9.05,9.02,9.05,112900.0,227200.0,0,0,0,0,0,0,557,2026-02-03 05:48:49.798046
COMP,25.43,25.44,25.49,138000.0,79400.0,0,0,0,0,0,0,557,2026-02-03 05:48:49.798046
RITC,9.05,9.02,9.04,112900.0,226500.0,0,0,0,0,0,0,558,2026-02-03 05:48:50.823011
COMP,25.49,25.5,25.54,136600.0,71300.0,0,0,0,0,0,0,558,2026-02-03 05:48:50.823011
RITC,9.05,9.02,9.03,125500.0,224000.0,0,0,0,0,0,0,559,2026-02-03 05:48:51.851169
COMP,25.49,25.5,25.54,136600.0,77500.0,0,0,0,0,0,0,559,2026-02-03 05:48:51.851169
RITC,9.02,9.01,9.02,117300.0,224200.0,0,0,0,0,0,0,560,2026-02-03 05:48:52.871096
COMP,25.49,25.5,25.54,136600.0,77500.0,0,0,0,0,0,0,560,2026-02-03 05:48:52.871096
RITC,9.02,9.01,9.02,139100.0,224200.0,0,0,0,0,0,0,561,2026-02-03 05:48:53.891650
COMP,25.54,25.5,25.54,138700.0,72000.0,0,0,0,0,0,0,561,2026-02-03 05:48:53.891650
RITC,9.02,9.01,9.02,139100.0,221500.0,0,0,0,0,0,0,562,2026-02-03 05:48:54.913056
COMP,25.57,25.5,25.57,138700.0,65200.0,0,0,0,0,0,0,562,2026-02-03 05:48:54.913056
RITC,9.04,9.01,9.04,139100.0,225800.0,0,0,0,0,0,0,563,2026-02-03 05:48:55.938143
COMP,25.58,25.5,25.58,138700.0,65500.0,0,0,0,0,0,0,563,2026-02-03 05:48:55.938143
RITC,9.04,9.01,9.04,139100.0,227100.0,0,0,0,0,0,0,564,2026-02-03 05:48:56.960723
COMP,25.58,25.5,25.58,138700.0,73300.0,0,0,0,0,0,0,564,2026-02-03 05:48:56.960723
RITC,9.05,9.01,9.05,139100.0,225200.0,0,0,0,0,0,0,565,2026-02-03 05:48:57.483898
COMP,25.58,25.5,25.58,138700.0,67100.0,0,0,0,0,0,0,565,2026-02-03 05:48:57.483898
RITC,9.01,9.01,9.05,139100.0,225700.0,0,0,0,0,0,0,566,2026-02-03 05:48:58.509537
COMP,25.58,25.59,25.6,138900.0,64800.0,0,0,0,0,0,0,566,2026-02-03 05:48:58.509537
RITC,9.05,9.01,9.02,148400.0,221900.0,0,0,0,0,0,0,567,2026-02-03 05:48:59.556593
COMP,25.58,25.59,25.6,138700.0,64800.0,0,0,0,0,0,0,567,2026-02-03 05:48:59.556593
RITC,9.01,9.01,9.02,135800.0,221900.0,0,0,0,0,0,0,568,2026-02-03 05:49:00.589330
COMP,25.58,25.59,25.6,136500.0,64800.0,0,0,0,0,0,0,568,2026-02-03 05:49:00.589330
RITC,9.0,9.01,9.02,126700.0,221900.0,0,0,0,0,0,0,569,2026-02-03 05:49:01.619053
COMP,25.59,25.52,25.59,138300.0,70700.0,0,0,0,0,0,0,569,2026-02-03 05:49:01.619053
RITC,9.05,9.03,9.05,140000.0,225000.0,0,0,0,0,0,0,570,2026-02-03 05:49:02.648376
COMP,25.52,25.52,25.59,138300.0,70700.0,0,0,0,0,0,0,570,2026-02-03 05:49:02.648376
RITC,9.01,9.03,9.05,139700.0,225000.0,0,0,0,0,0,0,571,2026-02-03 05:49:03.679066
COMP,25.52,25.54,25.59,138500.0,70700.0,0,0,0,0,0,0,571,2026-02-03 05:49:03.679066
RITC,9.06,9.03,9.06,139700.0,226800.0,0,0,0,0,0,0,572,2026-02-03 05:49:04.706335
COMP,25.52,25.58,25.59,139200.0,70700.0,0,0,0,0,0,0,572,2026-02-03 05:49:04.706335
RITC,9.06,9.04,9.06,161700.0,226800.0,0,0,0,0,0,0,573,2026-02-03 05:49:05.731864
COMP,25.59,25.61,25.64,139200.0,63400.0,0,0,0,0,0,0,573,2026-02-03 05:49:05.731864
RITC,9.04,9.04,9.05,161700.0,226000.0,0,0,0,0,0,0,574,2026-02-03 05:49:06.757614
COMP,25.59,25.61,25.64,139600.0,63400.0,0,0,0,0,0,0,574,2026-02-03 05:49:06.757614
RITC,9.04,9.04,9.05,161700.0,223100.0,0,0,0,0,0,0,575,2026-02-03 05:49:07.799260
COMP,25.59,25.61,25.64,140000.0,69500.0,0,0,0,0,0,0,575,2026-02-03 05:49:07.799260
RITC,9.03,9.01,9.03,126700.0,221400.0,0,0,0,0,0,0,576,2026-02-03 05:49:08.832012
COMP,25.59,25.62,25.64,139600.0,69500.0,0,0,0,0,0,0,576,2026-02-03 05:49:08.832012
RITC,9.0,8.99,9.0,114900.0,223700.0,0,0,0,0,0,0,577,2026-02-03 05:49:09.854448
COMP,25.65,25.62,25.65,139900.0,63600.0,0,0,0,0,0,0,577,2026-02-03 05:49:09.854448
RITC,8.99,8.98,8.99,117600.0,224800.0,0,0,0,0,0,0,578,2026-02-03 05:49:10.878240
COMP,25.61,25.61,25.65,141500.0,63600.0,0,0,0,0,0,0,578,2026-02-03 05:49:10.878240
RITC,8.99,8.98,8.99,117600.0,223000.0,0,0,0,0,0,0,579,2026-02-03 05:49:11.900067
COMP,25.67,25.67,25.69,139700.0,66600.0,0,0,0,0,0,0,579,2026-02-03 05:49:11.900067
RITC,8.98,8.96,8.98,119700.0,223900.0,0,0,0,0,0,0,580,2026-02-03 05:49:12.922914
COMP,25.67,25.67,25.69,139700.0,73200.0,0,0,0,0,0,0,580,2026-02-03 05:49:12.922914
RITC,8.96,8.92,8.96,118100.0,225400.0,0,0,0,0,0,0,581,2026-02-03 05:49:13.946269
COMP,25.67,25.67,25.69,140400.0,79000.0,0,0,0,0,0,0,581,2026-02-03 05:49:13.946269
RITC,8.9,8.9,8.91,119300.0,225100.0,0,0,0,0,0,0,582,2026-02-03 05:49:14.966505
COMP,25.7,25.67,25.7,140400.0,71600.0,0,0,0,0,0,0,582,2026-02-03 05:49:14.966505
RITC,8.87,8.87,8.91,118900.0,225100.0,0,0,0,0,0,0,583,2026-02-03 05:49:15.987699
COMP,25.61,25.61,25.67,141500.0,79600.0,0,0,0,0,0,0,583,2026-02-03 05:49:15.987699
RITC,8.86,8.86,8.89,121300.0,223100.0,0,0,0,0,0,0,584,2026-02-03 05:49:17.014166
COMP,25.61,25.61,25.67,141500.0,86800.0,0,0,0,0,0,0,584,2026-02-03 05:49:17.014166
RITC,8.86,8.85,8.86,122400.0,287100.0,0,0,0,0,0,0,585,2026-02-03 05:49:18.038692
COMP,25.61,25.61,25.65,141500.0,160200.0,0,0,0,0,0,0,585,2026-02-03 05:49:18.038692
RITC,8.86,8.88,8.89,314400.0,284900.0,0,0,0,0,0,0,586,2026-02-03 05:49:19.062885
COMP,25.61,25.63,25.65,225400.0,160200.0,0,0,0,0,0,0,586,2026-02-03 05:49:19.062885
RITC,8.86,8.88,8.89,314400.0,466000.0,0,0,0,0,0,0,587,2026-02-03 05:49:20.088594
COMP,25.6,25.59,25.6,139200.0,223900.0,0,0,0,0,0,0,587,2026-02-03 05:49:20.088594
RITC,8.88,8.8,8.83,206600.0,642500.0,0,0,0,0,0,0,588,2026-02-03 05:49:21.114534
COMP,25.54,25.53,25.54,139300.0,301400.0,0,0,0,0,0,0,588,2026-02-03 05:49:21.114534
RITC,8.83,8.8,8.83,284100.0,642500.0,0,0,0,0,0,0,589,2026-02-03 05:49:22.137795
COMP,25.5,25.48,25.49,136900.0,374600.0,0,0,0,0,0,0,589,2026-02-03 05:49:22.137795
RITC,8.83,8.83,8.87,369300.0,550500.0,0,0,0,0,0,0,590,2026-02-03 05:49:22.658279
COMP,25.5,25.48,25.49,136900.0,374600.0,0,0,0,0,0,0,590,2026-02-03 05:49:22.658279
RITC,8.83,8.86,8.87,547000.0,550500.0,0,0,0,0,0,0,591,2026-02-03 05:49:23.692225
COMP,25.51,25.48,25.51,136900.0,373200.0,0,0,0,0,0,0,591,2026-02-03 05:49:23.692225
RITC,8.83,8.86,8.87,702500.0,550500.0,0,0,0,0,0,0,592,2026-02-03 05:49:24.730692
COMP,25.43,25.41,25.43,136600.0,438900.0,0,0,0,0,0,0,592,2026-02-03 05:49:24.730692
RITC,8.87,8.87,8.89,876800.0,466000.0,0,0,0,0,0,0,593,2026-02-03 05:49:25.762889
COMP,25.43,25.41,25.43,209600.0,438900.0,0,0,0,0,0,0,593,2026-02-03 05:49:25.762889
RITC,8.87,8.88,8.89,1047600.0,466000.0,0,0,0,0,0,0,594,2026-02-03 05:49:26.873072
COMP,25.42,25.41,25.42,209600.0,530700.0,0,0,0,0,0,0,594,2026-02-03 05:49:26.873072
RITC,8.87,8.88,8.89,1114400.0,531000.0,0,0,0,0,0,0,595,2026-02-03 05:49:27.899374
COMP,25.42,25.42,25.43,284300.0,438900.0,0,0,0,0,0,0,595,2026-02-03 05:49:27.899374
RITC,8.87,8.88,8.89,1188400.0,531000.0,0,0,0,0,0,0,596,2026-02-03 05:49:28.927283
COMP,25.4,25.4,25.43,209400.0,523200.0,0,0,0,0,0,0,596,2026-02-03 05:49:28.927283
RITC,8.87,8.87,8.89,1128800.0,605600.0,0,0,0,0,0,0,597,2026-02-03 05:49:29.954352
COMP,25.4,25.38,25.4,137400.0,599200.0,0,0,0,0,0,0,597,2026-02-03 05:49:29.954352
RITC,8.89,8.87,8.89,1268700.0,607900.0,0,0,0,0,0,0,598,2026-02-03 05:49:30.981724
COMP,25.4,25.38,25.39,137400.0,685900.0,0,0,0,0,0,0,598,2026-02-03 05:49:30.981724
RITC,8.89,8.87,8.89,1423700.0,607900.0,0,0,0,0,0,0,599,2026-02-03 05:49:32.010839
COMP,25.39,25.38,25.39,137400.0,685900.0,0,0,0,0,0,0,599,2026-02-03 05:49:32.010839
