news_id,period,tick,ticker,headline,body,tick,timestamp,ticker,last_price,bid_price,ask_price,BUY_ANON,SELL_ANON,SELL_LUIS-T1,BUY_LUIS-T2,BUY_BOST-D,BUY_LUIS-T1,SELL_LUIS-T2
4.0,1.0,1.0,,SUNLIGHT Forecast for DAY 2,The weather forecasts call for between 12 and 20 hours of sunlight tomorrow.,3,2026-02-01 11:08:03.268315,NG,2.2,2.18,2.22,800000.0,800000.0,0,0,0,0,0
3.0,1.0,1.0,,You are logged in as a PRODUCER,,3,2026-02-01 11:08:03.268315,ELEC-day2,0.0,0.0,0.0,,,0,0,0,0,0
2.0,1.0,1.0,,FINES,"The fine for open positions of ELEC-dayX at the end of the day is $20,000/contract.",3,2026-02-01 11:08:03.268315,ELEC-day3,0.0,0.0,0.0,,,0,0,0,0,0
1.0,1.0,1.0,,Welcome to the RITC2026 GBE Energy Electricity Trading Case - practice server,,3,2026-02-01 11:08:03.268315,ELEC-day4,0.0,0.0,0.0,,,0,0,0,0,0
,,,,,,3,2026-02-01 11:08:03.268315,ELEC-day5,0.0,0.0,0.0,,,0,0,0,0,0
,,,,,,3,2026-02-01 11:08:03.268315,ELEC-day6,0.0,0.0,0.0,,,0,0,0,0,0
,,,,,,3,2026-02-01 11:08:03.268315,ELEC-F,0.0,0.0,0.0,,,0,0,0,0,0
4.0,1.0,1.0,,SUNLIGHT Forecast for DAY 2,The weather forecasts call for between 12 and 20 hours of sunlight tomorrow.,4,2026-02-01 11:08:04.305256,NG,2.2,2.18,2.22,800000.0,800000.0,0,0,0,0,0
3.0,1.0,1.0,,You are logged in as a PRODUCER,,4,2026-02-01 11:08:04.305256,ELEC-day2,0.0,0.0,0.0,,,0,0,0,0,0
2.0,1.0,1.0,,FINES,"The fine for open positions of ELEC-dayX at the end of the day is $20,000/contract.",4,2026-02-01 11:08:04.305256,ELEC-day3,0.0,0.0,0.0,,,0,0,0,0,0
1.0,1.0,1.0,,Welcome to the RITC2026 GBE Energy Electricity Trading Case - practice server,,4,2026-02-01 11:08:04.305256,ELEC-day4,0.0,0.0,0.0,,,0,0,0,0,0
,,,,,,4,2026-02-01 11:08:04.305256,ELEC-day5,0.0,0.0,0.0,,,0,0,0,0,0
,,,,,,4,2026-02-01 11:08:04.305256,ELEC-day6,0.0,0.0,0.0,,,0,0,0,0,0
,,,,,,4,2026-02-01 11:08:04.305256,ELEC-F,0.0,0.0,0.0,,,0,0,0,0,0
4.0,1.0,1.0,,SUNLIGHT Forecast for DAY 2,The weather forecasts call for between 12 and 20 hours of sunlight tomorrow.,5,2026-02-01 11:08:05.345544,NG,2.19,2.17,2.21,800000.0,800000.0,0,0,0,0,0
3.0,1.0,1.0,,You are logged in as a PRODUCER,,5,2026-02-01 11:08:05.345544,ELEC-day2,0.0,0.0,0.0,,,0,0,0,0,0
2.0,1.0,1.0,,FINES,"The fine for open positions of ELEC-dayX at the end of the day is $20,000/contract.",5,2026-02-01 11:08:05.345544,ELEC-day3,0.0,0.0,0.0,,,0,0,0,0,0
1.0,1.0,1.0,,Welcome to the RITC2026 GBE Energy Electricity Trading Case - practice server,,5,2026-02-01 11:08:05.345544,ELEC-day4,0.0,0.0,0.0,,,0,0,0,0,0
,,,,,,5,2026-02-01 11:08:05.345544,ELEC-day5,0.0,0.0,0.0,,,0,0,0,0,0
,,,,,,5,2026-02-01 11:08:05.345544,ELEC-day6,0.0,0.0,0.0,,,0,0,0,0,0
,,,,,,5,2026-02-01 11:08:05.345544,ELEC-F,0.0,0.0,0.0,,,0,0,0,0,0
4.0,1.0,1.0,,SUNLIGHT Forecast for DAY 2,The weather forecasts call for between 12 and 20 hours of sunlight tomorrow.,6,2026-02-01 11:08:06.376796,NG,2.2,2.18,2.22,800000.0,800000.0,0,0,0,0,0
3.0,1.0,1.0,,You are logged in as a PRODUCER,,6,2026-02-01 11:08:06.376796,ELEC-day2,0.0,0.0,0.0,,,0,0,0,0,0
2.0,1.0,1.0,,FINES,"The fine for open positions of ELEC-dayX at the end of the day is $20,000/contract.",6,2026-02-01 11:08:06.376796,ELEC-day3,0.0,0.0,0.0,,,0,0,0,0,0
1.0,1.0,1.0,,Welcome to the RITC2026 GBE Energy Electricity Trading Case - practice server,,6,2026-02-01 11:08:06.376796,ELEC-day4,0.0,0.0,0.0,,,0,0,0,0,0
,,,,,,6,2026-02-01 11:08:06.376796,ELEC-day5,0.0,0.0,0.0,,,0,0,0,0,0
,,,,,,6,2026-02-01 11:08:06.376796,ELEC-day6,0.0,0.0,0.0,,,0,0,0,0,0
,,,,,,6,2026-02-01 11:08:06.376796,ELEC-F,0.0,0.0,0.0,,,0,0,0,0,0
4.0,1.0,1.0,,SUNLIGHT Forecast for DAY 2,The weather forecasts call for between 12 and 20 hours of sunlight tomorrow.,7,2026-02-01 11:08:07.411844,NG,2.19,2.17,2.21,800000.0,800000.0,0,0,0,0,0
3.0,1.0,1.0,,You are logged in as a PRODUCER,,7,2026-02-01 11:08:07.411844,ELEC-day2,0.0,0.0,0.0,,,0,0,0,0,0
2.0,1.0,1.0,,FINES,"The fine for open positions of ELEC-dayX at the end of the day is $20,000/contract.",7,2026-02-01 11:08:07.411844,ELEC-day3,0.0,0.0,0.0,,,0,0,0,0,0
1.0,1.0,1.0,,Welcome to the RITC2026 GBE Energy Electricity Trading Case - practice server,,7,2026-02-01 11:08:07.411844,ELEC-day4,0.0,0.0,0.0,,,0,0,0,0,0
,,,,,,7,2026-02-01 11:08:07.411844,ELEC-day5,0.0,0.0,0.0,,,0,0,0,0,0
,,,,,,7,2026-02-01 11:08:07.411844,ELEC-day6,0.0,0.0,0.0,,,0,0,0,0,0
,,,,,,7,2026-02-01 11:08:07.411844,ELEC-F,0.0,0.0,0.0,,,0,0,0,0,0
4.0,1.0,1.0,,SUNLIGHT Forecast for DAY 2,The weather forecasts call for between 12 and 20 hours of sunlight tomorrow.,8,2026-02-01 11:08:08.448905,NG,2.19,2.17,2.21,800000.0,800000.0,0,0,0,0,0
3.0,1.0,1.0,,You are logged in as a PRODUCER,,8,2026-02-01 11:08:08.448905,ELEC-day2,0.0,0.0,0.0,,,0,0,0,0,0
2.0,1.0,1.0,,FINES,"The fine for open positions of ELEC-dayX at the end of the day is $20,000/contract.",8,2026-02-01 11:08:08.448905,ELEC-day3,0.0,0.0,0.0,,,0,0,0,0,0
1.0,1.0,1.0,,Welcome to the RITC2026 GBE Energy Electricity Trading Case - practice server,,8,2026-02-01 11:08:08.448905,ELEC-day4,0.0,0.0,0.0,,,0,0,0,0,0
,,,,,,8,2026-02-01 11:08:08.448905,ELEC-day5,0.0,0.0,0.0,,,0,0,0,0,0
,,,,,,8,2026-02-01 11:08:08.448905,ELEC-day6,0.0,0.0,0.0,,,0,0,0,0,0
,,,,,,8,2026-02-01 11:08:08.448905,ELEC-F,0.0,0.0,0.0,,,0,0,0,0,0
4.0,1.0,1.0,,SUNLIGHT Forecast for DAY 2,The weather forecasts call for between 12 and 20 hours of sunlight tomorrow.,9,2026-02-01 11:08:09.483287,NG,2.19,2.17,2.21,800000.0,800000.0,0,0,0,0,0
3.0,1.0,1.0,,You are logged in as a PRODUCER,,9,2026-02-01 11:08:09.483287,ELEC-day2,0.0,0.0,0.0,,,0,0,0,0,0
2.0,1.0,1.0,,FINES,"The fine for open positions of ELEC-dayX at the end of the day is $20,000/contract.",9,2026-02-01 11:08:09.483287,ELEC-day3,0.0,0.0,0.0,,,0,0,0,0,0
1.0,1.0,1.0,,Welcome to the RITC2026 GBE Energy Electricity Trading Case - practice server,,9,2026-02-01 11:08:09.483287,ELEC-day4,0.0,0.0,0.0,,,0,0,0,0,0
,,,,,,9,2026-02-01 11:08:09.483287,ELEC-day5,0.0,0.0,0.0,,,0,0,0,0,0
,,,,,,9,2026-02-01 11:08:09.483287,ELEC-day6,0.0,0.0,0.0,,,0,0,0,0,0
,,,,,,9,2026-02-01 11:08:09.483287,ELEC-F,0.0,0.0,0.0,,,0,0,0,0,0
4.0,1.0,1.0,,SUNLIGHT Forecast for DAY 2,The weather forecasts call for between 12 and 20 hours of sunlight tomorrow.,10,2026-02-01 11:08:10.517912,NG,2.18,2.16,2.2,800000.0,800000.0,0,0,0,0,0
3.0,1.0,1.0,,You are logged in as a PRODUCER,,10,2026-02-01 11:08:10.517912,ELEC-day2,0.0,0.0,0.0,,,0,0,0,0,0
2.0,1.0,1.0,,FINES,"The fine for open positions of ELEC-dayX at the end of the day is $20,000/contract.",10,2026-02-01 11:08:10.517912,ELEC-day3,0.0,0.0,0.0,,,0,0,0,0,0
1.0,1.0,1.0,,Welcome to the RITC2026 GBE Energy Electricity Trading Case - practice server,,10,2026-02-01 11:08:10.517912,ELEC-day4,0.0,0.0,0.0,,,0,0,0,0,0
,,,,,,10,2026-02-01 11:08:10.517912,ELEC-day5,0.0,0.0,0.0,,,0,0,0,0,0
,,,,,,10,2026-02-01 11:08:10.517912,ELEC-day6,0.0,0.0,0.0,,,0,0,0,0,0
,,,,,,10,2026-02-01 11:08:10.517912,ELEC-F,0.0,0.0,0.0,,,0,0,0,0,0
4.0,1.0,1.0,,SUNLIGHT Forecast for DAY 2,The weather forecasts call for between 12 and 20 hours of sunlight tomorrow.,11,2026-02-01 11:08:11.537115,NG,2.18,2.16,2.2,800000.0,800000.0,0,0,0,0,0
3.0,1.0,1.0,,You are logged in as a PRODUCER,,11,2026-02-01 11:08:11.537115,ELEC-day2,0.0,0.0,0.0,,,0,0,0,0,0
2.0,1.0,1.0,,FINES,"The fine for open positions of ELEC-dayX at the end of the day is $20,000/contract.",11,2026-02-01 11:08:11.537115,ELEC-day3,0.0,0.0,0.0,,,0,0,0,0,0
1.0,1.0,1.0,,Welcome to the RITC2026 GBE Energy Electricity Trading Case - practice server,,11,2026-02-01 11:08:11.537115,ELEC-day4,0.0,0.0,0.0,,,0,0,0,0,0
,,,,,,11,2026-02-01 11:08:11.537115,ELEC-day5,0.0,0.0,0.0,,,0,0,0,0,0
,,,,,,11,2026-02-01 11:08:11.537115,ELEC-day6,0.0,0.0,0.0,,,0,0,0,0,0
,,,,,,11,2026-02-01 11:08:11.537115,ELEC-F,0.0,0.0,0.0,,,0,0,0,0,0
4.0,1.0,1.0,,SUNLIGHT Forecast for DAY 2,The weather forecasts call for between 12 and 20 hours of sunlight tomorrow.,12,2026-02-01 11:08:12.565395,NG,2.17,2.15,2.19,800000.0,800000.0,0,0,0,0,0
3.0,1.0,1.0,,You are logged in as a PRODUCER,,12,2026-02-01 11:08:12.565395,ELEC-day2,0.0,0.0,0.0,,,0,0,0,0,0
2.0,1.0,1.0,,FINES,"The fine for open positions of ELEC-dayX at the end of the day is $20,000/contract.",12,2026-02-01 11:08:12.565395,ELEC-day3,0.0,0.0,0.0,,,0,0,0,0,0
1.0,1.0,1.0,,Welcome to the RITC2026 GBE Energy Electricity Trading Case - practice server,,12,2026-02-01 11:08:12.565395,ELEC-day4,0.0,0.0,0.0,,,0,0,0,0,0
,,,,,,12,2026-02-01 11:08:12.565395,ELEC-day5,0.0,0.0,0.0,,,0,0,0,0,0
,,,,,,12,2026-02-01 11:08:12.565395,ELEC-day6,0.0,0.0,0.0,,,0,0,0,0,0
,,,,,,12,2026-02-01 11:08:12.565395,ELEC-F,0.0,0.0,0.0,,,0,0,0,0,0
4.0,1.0,1.0,,SUNLIGHT Forecast for DAY 2,The weather forecasts call for between 12 and 20 hours of sunlight tomorrow.,13,2026-02-01 11:08:13.600863,NG,2.17,2.15,2.19,800000.0,800000.0,0,0,0,0,0
3.0,1.0,1.0,,You are logged in as a PRODUCER,,13,2026-02-01 11:08:13.600863,ELEC-day2,0.0,0.0,0.0,,,0,0,0,0,0
2.0,1.0,1.0,,FINES,"The fine for open positions of ELEC-dayX at the end of the day is $20,000/contract.",13,2026-02-01 11:08:13.600863,ELEC-day3,0.0,0.0,0.0,,,0,0,0,0,0
1.0,1.0,1.0,,Welcome to the RITC2026 GBE Energy Electricity Trading Case - practice server,,13,2026-02-01 11:08:13.600863,ELEC-day4,0.0,0.0,0.0,,,0,0,0,0,0
,,,,,,13,2026-02-01 11:08:13.600863,ELEC-day5,0.0,0.0,0.0,,,0,0,0,0,0
,,,,,,13,2026-02-01 11:08:13.600863,ELEC-day6,0.0,0.0,0.0,,,0,0,0,0,0
,,,,,,13,2026-02-01 11:08:13.600863,ELEC-F,0.0,0.0,0.0,,,0,0,0,0,0
4.0,1.0,1.0,,SUNLIGHT Forecast for DAY 2,The weather forecasts call for between 12 and 20 hours of sunlight tomorrow.,14,2026-02-01 11:08:14.636695,NG,2.17,2.15,2.19,800000.0,800000.0,0,0,0,0,0
3.0,1.0,1.0,,You are logged in as a PRODUCER,,14,2026-02-01 11:08:14.636695,ELEC-day2,0.0,0.0,0.0,,,0,0,0,0,0
2.0,1.0,1.0,,FINES,"The fine for open positions of ELEC-dayX at the end of the day is $20,000/contract.",14,2026-02-01 11:08:14.636695,ELEC-day3,0.0,0.0,0.0,,,0,0,0,0,0
1.0,1.0,1.0,,Welcome to the RITC2026 GBE Energy Electricity Trading Case - practice server,,14,2026-02-01 11:08:14.636695,ELEC-day4,0.0,0.0,0.0,,,0,0,0,0,0
,,,,,,14,2026-02-01 11:08:14.636695,ELEC-day5,0.0,0.0,0.0,,,0,0,0,0,0
,,,,,,14,2026-02-01 11:08:14.636695,ELEC-day6,0.0,0.0,0.0,,,0,0,0,0,0
,,,,,,14,2026-02-01 11:08:14.636695,ELEC-F,0.0,0.0,0.0,,,0,0,0,0,0
4.0,1.0,1.0,,SUNLIGHT Forecast for DAY 2,The weather forecasts call for between 12 and 20 hours of sunlight tomorrow.,15,2026-02-01 11:08:15.672166,NG,2.17,2.15,2.19,800000.0,800000.0,0,0,0,0,0
3.0,1.0,1.0,,You are logged in as a PRODUCER,,15,2026-02-01 11:08:15.672166,ELEC-day2,0.0,0.0,0.0,,,0,0,0,0,0
2.0,1.0,1.0,,FINES,"The fine for open positions of ELEC-dayX at the end of the day is $20,000/contract.",15,2026-02-01 11:08:15.672166,ELEC-day3,0.0,0.0,0.0,,,0,0,0,0,0
1.0,1.0,1.0,,Welcome to the RITC2026 GBE Energy Electricity Trading Case - practice server,,15,2026-02-01 11:08:15.672166,ELEC-day4,0.0,0.0,0.0,,,0,0,0,0,0
,,,,,,15,2026-02-01 11:08:15.672166,ELEC-day5,0.0,0.0,0.0,,,0,0,0,0,0
,,,,,,15,2026-02-01 11:08:15.672166,ELEC-day6,0.0,0.0,0.0,,,0,0,0,0,0
,,,,,,15,2026-02-01 11:08:15.672166,ELEC-F,0.0,0.0,0.0,,,0,0,0,0,0
4.0,1.0,1.0,,SUNLIGHT Forecast for DAY 2,The weather forecasts call for between 12 and 20 hours of sunlight tomorrow.,16,2026-02-01 11:08:16.706885,NG,2.18,2.16,2.2,800000.0,800000.0,0,0,0,0,0
3.0,1.0,1.0,,You are logged in as a PRODUCER,,16,2026-02-01 11:08:16.706885,ELEC-day2,0.0,0.0,0.0,,,0,0,0,0,0
2.0,1.0,1.0,,FINES,"The fine for open positions of ELEC-dayX at the end of the day is $20,000/contract.",16,2026-02-01 11:08:16.706885,ELEC-day3,0.0,0.0,0.0,,,0,0,0,0,0
1.0,1.0,1.0,,Welcome to the RITC2026 GBE Energy Electricity Trading Case - practice server,,16,2026-02-01 11:08:16.706885,ELEC-day4,0.0,0.0,0.0,,,0,0,0,0,0
,,,,,,16,2026-02-01 11:08:16.706885,ELEC-day5,0.0,0.0,0.0,,,0,0,0,0,0
,,,,,,16,2026-02-01 11:08:16.706885,ELEC-day6,0.0,0.0,0.0,,,0,0,0,0,0
,,,,,,16,2026-02-01 11:08:16.706885,ELEC-F,0.0,0.0,0.0,,,0,0,0,0,0
4.0,1.0,1.0,,SUNLIGHT Forecast for DAY 2,The weather forecasts call for between 12 and 20 hours of sunlight tomorrow.,17,2026-02-01 11:08:17.742723,NG,2.17,2.15,2.19,800000.0,800000.0,0,0,0,0,0
3.0,1.0,1.0,,You are logged in as a PRODUCER,,17,2026-02-01 11:08:17.742723,ELEC-day2,0.0,0.0,0.0,,,0,0,0,0,0
2.0,1.0,1.0,,FINES,"The fine for open positions of ELEC-dayX at the end of the day is $20,000/contract.",17,2026-02-01 11:08:17.742723,ELEC-day3,0.0,0.0,0.0,,,0,0,0,0,0
1.0,1.0,1.0,,Welcome to the RITC2026 GBE Energy Electricity Trading Case - practice server,,17,2026-02-01 11:08:17.742723,ELEC-day4,0.0,0.0,0.0,,,0,0,0,0,0
,,,,,,17,2026-02-01 11:08:17.742723,ELEC-day5,0.0,0.0,0.0,,,0,0,0,0,0
,,,,,,17,2026-02-01 11:08:17.742723,ELEC-day6,0.0,0.0,0.0,,,0,0,0,0,0
,,,,,,17,2026-02-01 11:08:17.742723,ELEC-F,0.0,0.0,0.0,,,0,0,0,0,0
4.0,1.0,1.0,,SUNLIGHT Forecast for DAY 2,The weather forecasts call for between 12 and 20 hours of sunlight tomorrow.,18,2026-02-01 11:08:18.768303,NG,2.18,2.16,2.2,800000.0,800000.0,0,0,0,0,0
3.0,1.0,1.0,,You are logged in as a PRODUCER,,18,2026-02-01 11:08:18.768303,ELEC-day2,0.0,0.0,0.0,,,0,0,0,0,0
2.0,1.0,1.0,,FINES,"The fine for open positions of ELEC-dayX at the end of the day is $20,000/contract.",18,2026-02-01 11:08:18.768303,ELEC-day3,0.0,0.0,0.0,,,0,0,0,0,0
1.0,1.0,1.0,,Welcome to the RITC2026 GBE Energy Electricity Trading Case - practice server,,18,2026-02-01 11:08:18.768303,ELEC-day4,0.0,0.0,0.0,,,0,0,0,0,0
,,,,,,18,2026-02-01 11:08:18.768303,ELEC-day5,0.0,0.0,0.0,,,0,0,0,0,0
,,,,,,18,2026-02-01 11:08:18.768303,ELEC-day6,0.0,0.0,0.0,,,0,0,0,0,0
,,,,,,18,2026-02-01 11:08:18.768303,ELEC-F,0.0,0.0,0.0,,,0,0,0,0,0
4.0,1.0,1.0,,SUNLIGHT Forecast for DAY 2,The weather forecasts call for between 12 and 20 hours of sunlight tomorrow.,19,2026-02-01 11:08:19.800289,NG,2.18,2.16,2.2,800000.0,800000.0,0,0,0,0,0
3.0,1.0,1.0,,You are logged in as a PRODUCER,,19,2026-02-01 11:08:19.800289,ELEC-day2,0.0,0.0,0.0,,,0,0,0,0,0
2.0,1.0,1.0,,FINES,"The fine for open positions of ELEC-dayX at the end of the day is $20,000/contract.",19,2026-02-01 11:08:19.800289,ELEC-day3,0.0,0.0,0.0,,,0,0,0,0,0
1.0,1.0,1.0,,Welcome to the RITC2026 GBE Energy Electricity Trading Case - practice server,,19,2026-02-01 11:08:19.800289,ELEC-day4,0.0,0.0,0.0,,,0,0,0,0,0
,,,,,,19,2026-02-01 11:08:19.800289,ELEC-day5,0.0,0.0,0.0,,,0,0,0,0,0
,,,,,,19,2026-02-01 11:08:19.800289,ELEC-day6,0.0,0.0,0.0,,,0,0,0,0,0
,,,,,,19,2026-02-01 11:08:19.800289,ELEC-F,0.0,0.0,0.0,,,0,0,0,0,0
4.0,1.0,1.0,,SUNLIGHT Forecast for DAY 2,The weather forecasts call for between 12 and 20 hours of sunlight tomorrow.,20,2026-02-01 11:08:20.840801,NG,2.18,2.16,2.2,800000.0,800000.0,0,0,0,0,0
3.0,1.0,1.0,,You are logged in as a PRODUCER,,20,2026-02-01 11:08:20.840801,ELEC-day2,0.0,0.0,0.0,,,0,0,0,0,0
2.0,1.0,1.0,,FINES,"The fine for open positions of ELEC-dayX at the end of the day is $20,000/contract.",20,2026-02-01 11:08:20.840801,ELEC-day3,0.0,0.0,0.0,,,0,0,0,0,0
1.0,1.0,1.0,,Welcome to the RITC2026 GBE Energy Electricity Trading Case - practice server,,20,2026-02-01 11:08:20.840801,ELEC-day4,0.0,0.0,0.0,,,0,0,0,0,0
,,,,,,20,2026-02-01 11:08:20.840801,ELEC-day5,0.0,0.0,0.0,,,0,0,0,0,0
,,,,,,20,2026-02-01 11:08:20.840801,ELEC-day6,0.0,0.0,0.0,,,0,0,0,0,0
,,,,,,20,2026-02-01 11:08:20.840801,ELEC-F,0.0,0.0,0.0,,,0,0,0,0,0
4.0,1.0,1.0,,SUNLIGHT Forecast for DAY 2,The weather forecasts call for between 12 and 20 hours of sunlight tomorrow.,21,2026-02-01 11:08:21.870066,NG,2.18,2.16,2.2,800000.0,800000.0,0,0,0,0,0
3.0,1.0,1.0,,You are logged in as a PRODUCER,,21,2026-02-01 11:08:21.870066,ELEC-day2,0.0,0.0,0.0,,,0,0,0,0,0
2.0,1.0,1.0,,FINES,"The fine for open positions of ELEC-dayX at the end of the day is $20,000/contract.",21,2026-02-01 11:08:21.870066,ELEC-day3,0.0,0.0,0.0,,,0,0,0,0,0
1.0,1.0,1.0,,Welcome to the RITC2026 GBE Energy Electricity Trading Case - practice server,,21,2026-02-01 11:08:21.870066,ELEC-day4,0.0,0.0,0.0,,,0,0,0,0,0
,,,,,,21,2026-02-01 11:08:21.870066,ELEC-day5,0.0,0.0,0.0,,,0,0,0,0,0
,,,,,,21,2026-02-01 11:08:21.870066,ELEC-day6,0.0,0.0,0.0,,,0,0,0,0,0
,,,,,,21,2026-02-01 11:08:21.870066,ELEC-F,0.0,0.0,0.0,,,0,0,0,0,0
4.0,1.0,1.0,,SUNLIGHT Forecast for DAY 2,The weather forecasts call for between 12 and 20 hours of sunlight tomorrow.,22,2026-02-01 11:08:22.905512,NG,2.19,2.17,2.21,800000.0,800000.0,0,0,0,0,0
3.0,1.0,1.0,,You are logged in as a PRODUCER,,22,2026-02-01 11:08:22.905512,ELEC-day2,0.0,0.0,0.0,,,0,0,0,0,0
2.0,1.0,1.0,,FINES,"The fine for open positions of ELEC-dayX at the end of the day is $20,000/contract.",22,2026-02-01 11:08:22.905512,ELEC-day3,0.0,0.0,0.0,,,0,0,0,0,0
1.0,1.0,1.0,,Welcome to the RITC2026 GBE Energy Electricity Trading Case - practice server,,22,2026-02-01 11:08:22.905512,ELEC-day4,0.0,0.0,0.0,,,0,0,0,0,0
,,,,,,22,2026-02-01 11:08:22.905512,ELEC-day5,0.0,0.0,0.0,,,0,0,0,0,0
,,,,,,22,2026-02-01 11:08:22.905512,ELEC-day6,0.0,0.0,0.0,,,0,0,0,0,0
,,,,,,22,2026-02-01 11:08:22.905512,ELEC-F,0.0,0.0,0.0,,,0,0,0,0,0
4.0,1.0,1.0,,SUNLIGHT Forecast for DAY 2,The weather forecasts call for between 12 and 20 hours of sunlight tomorrow.,23,2026-02-01 11:08:23.937627,NG,2.19,2.17,2.21,800000.0,800000.0,0,0,0,0,0
3.0,1.0,1.0,,You are logged in as a PRODUCER,,23,2026-02-01 11:08:23.937627,ELEC-day2,0.0,0.0,0.0,,,0,0,0,0,0
2.0,1.0,1.0,,FINES,"The fine for open positions of ELEC-dayX at the end of the day is $20,000/contract.",23,2026-02-01 11:08:23.937627,ELEC-day3,0.0,0.0,0.0,,,0,0,0,0,0
1.0,1.0,1.0,,Welcome to the RITC2026 GBE Energy Electricity Trading Case - practice server,,23,2026-02-01 11:08:23.937627,ELEC-day4,0.0,0.0,0.0,,,0,0,0,0,0
,,,,,,23,2026-02-01 11:08:23.937627,ELEC-day5,0.0,0.0,0.0,,,0,0,0,0,0
,,,,,,23,2026-02-01 11:08:23.937627,ELEC-day6,0.0,0.0,0.0,,,0,0,0,0,0
,,,,,,23,2026-02-01 11:08:23.937627,ELEC-F,0.0,0.0,0.0,,,0,0,0,0,0
4.0,1.0,1.0,,SUNLIGHT Forecast for DAY 2,The weather forecasts call for between 12 and 20 hours of sunlight tomorrow.,24,2026-02-01 11:08:24.976895,NG,2.18,2.16,2.2,800000.0,800000.0,0,0,0,0,0
3.0,1.0,1.0,,You are logged in as a PRODUCER,,24,2026-02-01 11:08:24.976895,ELEC-day2,0.0,0.0,0.0,,,0,0,0,0,0
2.0,1.0,1.0,,FINES,"The fine for open positions of ELEC-dayX at the end of the day is $20,000/contract.",24,2026-02-01 11:08:24.976895,ELEC-day3,0.0,0.0,0.0,,,0,0,0,0,0
1.0,1.0,1.0,,Welcome to the RITC2026 GBE Energy Electricity Trading Case - practice server,,24,2026-02-01 11:08:24.976895,ELEC-day4,0.0,0.0,0.0,,,0,0,0,0,0
,,,,,,24,2026-02-01 11:08:24.976895,ELEC-day5,0.0,0.0,0.0,,,0,0,0,0,0
,,,,,,24,2026-02-01 11:08:24.976895,ELEC-day6,0.0,0.0,0.0,,,0,0,0,0,0
,,,,,,24,2026-02-01 11:08:24.976895,ELEC-F,0.0,0.0,0.0,,,0,0,0,0,0
4.0,1.0,1.0,,SUNLIGHT Forecast for DAY 2,The weather forecasts call for between 12 and 20 hours of sunlight tomorrow.,25,2026-02-01 11:08:26.011761,NG,2.19,2.17,2.21,800000.0,800000.0,0,0,0,0,0
3.0,1.0,1.0,,You are logged in as a PRODUCER,,25,2026-02-01 11:08:26.011761,ELEC-day2,0.0,0.0,0.0,,,0,0,0,0,0
2.0,1.0,1.0,,FINES,"The fine for open positions of ELEC-dayX at the end of the day is $20,000/contract.",25,2026-02-01 11:08:26.011761,ELEC-day3,0.0,0.0,0.0,,,0,0,0,0,0
1.0,1.0,1.0,,Welcome to the RITC2026 GBE Energy Electricity Trading Case - practice server,,25,2026-02-01 11:08:26.011761,ELEC-day4,0.0,0.0,0.0,,,0,0,0,0,0
,,,,,,25,2026-02-01 11:08:26.011761,ELEC-day5,0.0,0.0,0.0,,,0,0,0,0,0
,,,,,,25,2026-02-01 11:08:26.011761,ELEC-day6,0.0,0.0,0.0,,,0,0,0,0,0
,,,,,,25,2026-02-01 11:08:26.011761,ELEC-F,0.0,0.0,0.0,,,0,0,0,0,0
4.0,1.0,1.0,,SUNLIGHT Forecast for DAY 2,The weather forecasts call for between 12 and 20 hours of sunlight tomorrow.,27,2026-02-01 11:08:27.072178,NG,2.18,2.16,2.2,800000.0,800000.0,0,0,0,0,0
3.0,1.0,1.0,,You are logged in as a PRODUCER,,27,2026-02-01 11:08:27.072178,ELEC-day2,0.0,0.0,0.0,,,0,0,0,0,0
2.0,1.0,1.0,,FINES,"The fine for open positions of ELEC-dayX at the end of the day is $20,000/contract.",27,2026-02-01 11:08:27.072178,ELEC-day3,0.0,0.0,0.0,,,0,0,0,0,0
1.0,1.0,1.0,,Welcome to the RITC2026 GBE Energy Electricity Trading Case - practice server,,27,2026-02-01 11:08:27.072178,ELEC-day4,0.0,0.0,0.0,,,0,0,0,0,0
,,,,,,27,2026-02-01 11:08:27.072178,ELEC-day5,0.0,0.0,0.0,,,0,0,0,0,0
,,,,,,27,2026-02-01 11:08:27.072178,ELEC-day6,0.0,0.0,0.0,,,0,0,0,0,0
,,,,,,27,2026-02-01 11:08:27.072178,ELEC-F,0.0,0.0,0.0,,,0,0,0,0,0
4.0,1.0,1.0,,SUNLIGHT Forecast for DAY 2,The weather forecasts call for between 12 and 20 hours of sunlight tomorrow.,28,2026-02-01 11:08:28.096906,NG,2.18,2.16,2.2,800000.0,800000.0,0,0,0,0,0
3.0,1.0,1.0,,You are logged in as a PRODUCER,,28,2026-02-01 11:08:28.096906,ELEC-day2,0.0,0.0,0.0,,,0,0,0,0,0
2.0,1.0,1.0,,FINES,"The fine for open positions of ELEC-dayX at the end of the day is $20,000/contract.",28,2026-02-01 11:08:28.096906,ELEC-day3,0.0,0.0,0.0,,,0,0,0,0,0
1.0,1.0,1.0,,Welcome to the RITC2026 GBE Energy Electricity Trading Case - practice server,,28,2026-02-01 11:08:28.096906,ELEC-day4,0.0,0.0,0.0,,,0,0,0,0,0
,,,,,,28,2026-02-01 11:08:28.096906,ELEC-day5,0.0,0.0,0.0,,,0,0,0,0,0
,,,,,,28,2026-02-01 11:08:28.096906,ELEC-day6,0.0,0.0,0.0,,,0,0,0,0,0
,,,,,,28,2026-02-01 11:08:28.096906,ELEC-F,0.0,0.0,0.0,,,0,0,0,0,0
4.0,1.0,1.0,,SUNLIGHT Forecast for DAY 2,The weather forecasts call for between 12 and 20 hours of sunlight tomorrow.,29,2026-02-01 11:08:29.127250,NG,2.18,2.16,2.2,800000.0,800000.0,0,0,0,0,0
3.0,1.0,1.0,,You are logged in as a PRODUCER,,29,2026-02-01 11:08:29.127250,ELEC-day2,0.0,0.0,0.0,,,0,0,0,0,0
2.0,1.0,1.0,,FINES,"The fine for open positions of ELEC-dayX at the end of the day is $20,000/contract.",29,2026-02-01 11:08:29.127250,ELEC-day3,0.0,0.0,0.0,,,0,0,0,0,0
1.0,1.0,1.0,,Welcome to the RITC2026 GBE Energy Electricity Trading Case - practice server,,29,2026-02-01 11:08:29.127250,ELEC-day4,0.0,0.0,0.0,,,0,0,0,0,0
,,,,,,29,2026-02-01 11:08:29.127250,ELEC-day5,0.0,0.0,0.0,,,0,0,0,0,0
,,,,,,29,2026-02-01 11:08:29.127250,ELEC-day6,0.0,0.0,0.0,,,0,0,0,0,0
,,,,,,29,2026-02-01 11:08:29.127250,ELEC-F,0.0,0.0,0.0,,,0,0,0,0,0
4.0,1.0,1.0,,SUNLIGHT Forecast for DAY 2,The weather forecasts call for between 12 and 20 hours of sunlight tomorrow.,30,2026-02-01 11:08:30.157297,NG,2.18,2.16,2.2,800000.0,800000.0,0,0,0,0,0
3.0,1.0,1.0,,You are logged in as a PRODUCER,,30,2026-02-01 11:08:30.157297,ELEC-day2,0.0,0.0,0.0,,,0,0,0,0,0
2.0,1.0,1.0,,FINES,"The fine for open positions of ELEC-dayX at the end of the day is $20,000/contract.",30,2026-02-01 11:08:30.157297,ELEC-day3,0.0,0.0,0.0,,,0,0,0,0,0
1.0,1.0,1.0,,Welcome to the RITC2026 GBE Energy Electricity Trading Case - practice server,,30,2026-02-01 11:08:30.157297,ELEC-day4,0.0,0.0,0.0,,,0,0,0,0,0
,,,,,,30,2026-02-01 11:08:30.157297,ELEC-day5,0.0,0.0,0.0,,,0,0,0,0,0
,,,,,,30,2026-02-01 11:08:30.157297,ELEC-day6,0.0,0.0,0.0,,,0,0,0,0,0
,,,,,,30,2026-02-01 11:08:30.157297,ELEC-F,0.0,0.0,0.0,,,0,0,0,0,0
4.0,1.0,1.0,,SUNLIGHT Forecast for DAY 2,The weather forecasts call for between 12 and 20 hours of sunlight tomorrow.,31,2026-02-01 11:08:31.190842,NG,2.19,2.17,2.21,800000.0,800000.0,0,0,0,0,0
3.0,1.0,1.0,,You are logged in as a PRODUCER,,31,2026-02-01 11:08:31.190842,ELEC-day2,0.0,0.0,0.0,,,0,0,0,0,0
2.0,1.0,1.0,,FINES,"The fine for open positions of ELEC-dayX at the end of the day is $20,000/contract.",31,2026-02-01 11:08:31.190842,ELEC-day3,0.0,0.0,0.0,,,0,0,0,0,0
1.0,1.0,1.0,,Welcome to the RITC2026 GBE Energy Electricity Trading Case - practice server,,31,2026-02-01 11:08:31.190842,ELEC-day4,0.0,0.0,0.0,,,0,0,0,0,0
,,,,,,31,2026-02-01 11:08:31.190842,ELEC-day5,0.0,0.0,0.0,,,0,0,0,0,0
,,,,,,31,2026-02-01 11:08:31.190842,ELEC-day6,0.0,0.0,0.0,,,0,0,0,0,0
,,,,,,31,2026-02-01 11:08:31.190842,ELEC-F,0.0,0.0,0.0,,,0,0,0,0,0
4.0,1.0,1.0,,SUNLIGHT Forecast for DAY 2,The weather forecasts call for between 12 and 20 hours of sunlight tomorrow.,32,2026-02-01 11:08:32.227573,NG,2.19,2.17,2.21,800000.0,800000.0,0,0,0,0,0
3.0,1.0,1.0,,You are logged in as a PRODUCER,,32,2026-02-01 11:08:32.227573,ELEC-day2,0.0,0.0,0.0,,,0,0,0,0,0
2.0,1.0,1.0,,FINES,"The fine for open positions of ELEC-dayX at the end of the day is $20,000/contract.",32,2026-02-01 11:08:32.227573,ELEC-day3,0.0,0.0,0.0,,,0,0,0,0,0
1.0,1.0,1.0,,Welcome to the RITC2026 GBE Energy Electricity Trading Case - practice server,,32,2026-02-01 11:08:32.227573,ELEC-day4,0.0,0.0,0.0,,,0,0,0,0,0
,,,,,,32,2026-02-01 11:08:32.227573,ELEC-day5,0.0,0.0,0.0,,,0,0,0,0,0
,,,,,,32,2026-02-01 11:08:32.227573,ELEC-day6,0.0,0.0,0.0,,,0,0,0,0,0
,,,,,,32,2026-02-01 11:08:32.227573,ELEC-F,0.0,0.0,0.0,,,0,0,0,0,0
4.0,1.0,1.0,,SUNLIGHT Forecast for DAY 2,The weather forecasts call for between 12 and 20 hours of sunlight tomorrow.,33,2026-02-01 11:08:33.261844,NG,2.19,2.17,2.21,800000.0,800000.0,0,0,0,0,0
3.0,1.0,1.0,,You are logged in as a PRODUCER,,33,2026-02-01 11:08:33.261844,ELEC-day2,0.0,0.0,0.0,,,0,0,0,0,0
2.0,1.0,1.0,,FINES,"The fine for open positions of ELEC-dayX at the end of the day is $20,000/contract.",33,2026-02-01 11:08:33.261844,ELEC-day3,0.0,0.0,0.0,,,0,0,0,0,0
1.0,1.0,1.0,,Welcome to the RITC2026 GBE Energy Electricity Trading Case - practice server,,33,2026-02-01 11:08:33.261844,ELEC-day4,0.0,0.0,0.0,,,0,0,0,0,0
,,,,,,33,2026-02-01 11:08:33.261844,ELEC-day5,0.0,0.0,0.0,,,0,0,0,0,0
,,,,,,33,2026-02-01 11:08:33.261844,ELEC-day6,0.0,0.0,0.0,,,0,0,0,0,0
,,,,,,33,2026-02-01 11:08:33.261844,ELEC-F,0.0,0.0,0.0,,,0,0,0,0,0
4.0,1.0,1.0,,SUNLIGHT Forecast for DAY 2,The weather forecasts call for between 12 and 20 hours of sunlight tomorrow.,34,2026-02-01 11:08:34.305259,NG,2.18,2.16,2.2,800000.0,800000.0,0,0,0,0,0
3.0,1.0,1.0,,You are logged in as a PRODUCER,,34,2026-02-01 11:08:34.305259,ELEC-day2,0.0,0.0,0.0,,,0,0,0,0,0
2.0,1.0,1.0,,FINES,"The fine for open positions of ELEC-dayX at the end of the day is $20,000/contract.",34,2026-02-01 11:08:34.305259,ELEC-day3,0.0,0.0,0.0,,,0,0,0,0,0
1.0,1.0,1.0,,Welcome to the RITC2026 GBE Energy Electricity Trading Case - practice server,,34,2026-02-01 11:08:34.305259,ELEC-day4,0.0,0.0,0.0,,,0,0,0,0,0
,,,,,,34,2026-02-01 11:08:34.305259,ELEC-day5,0.0,0.0,0.0,,,0,0,0,0,0
,,,,,,34,2026-02-01 11:08:34.305259,ELEC-day6,0.0,0.0,0.0,,,0,0,0,0,0
,,,,,,34,2026-02-01 11:08:34.305259,ELEC-F,0.0,0.0,0.0,,,0,0,0,0,0
4.0,1.0,1.0,,SUNLIGHT Forecast for DAY 2,The weather forecasts call for between 12 and 20 hours of sunlight tomorrow.,35,2026-02-01 11:08:35.336491,NG,2.17,2.15,2.19,800000.0,800000.0,0,0,0,0,0
3.0,1.0,1.0,,You are logged in as a PRODUCER,,35,2026-02-01 11:08:35.336491,ELEC-day2,0.0,0.0,0.0,,,0,0,0,0,0
2.0,1.0,1.0,,FINES,"The fine for open positions of ELEC-dayX at the end of the day is $20,000/contract.",35,2026-02-01 11:08:35.336491,ELEC-day3,0.0,0.0,0.0,,,0,0,0,0,0
1.0,1.0,1.0,,Welcome to the RITC2026 GBE Energy Electricity Trading Case - practice server,,35,2026-02-01 11:08:35.336491,ELEC-day4,0.0,0.0,0.0,,,0,0,0,0,0
,,,,,,35,2026-02-01 11:08:35.336491,ELEC-day5,0.0,0.0,0.0,,,0,0,0,0,0
,,,,,,35,2026-02-01 11:08:35.336491,ELEC-day6,0.0,0.0,0.0,,,0,0,0,0,0
,,,,,,35,2026-02-01 11:08:35.336491,ELEC-F,0.0,0.0,0.0,,,0,0,0,0,0
4.0,1.0,1.0,,SUNLIGHT Forecast for DAY 2,The weather forecasts call for between 12 and 20 hours of sunlight tomorrow.,36,2026-02-01 11:08:36.355050,NG,2.16,2.14,2.18,800000.0,800000.0,0,0,0,0,0
3.0,1.0,1.0,,You are logged in as a PRODUCER,,36,2026-02-01 11:08:36.355050,ELEC-day2,0.0,0.0,0.0,,,0,0,0,0,0
2.0,1.0,1.0,,FINES,"The fine for open positions of ELEC-dayX at the end of the day is $20,000/contract.",36,2026-02-01 11:08:36.355050,ELEC-day3,0.0,0.0,0.0,,,0,0,0,0,0
1.0,1.0,1.0,,Welcome to the RITC2026 GBE Energy Electricity Trading Case - practice server,,36,2026-02-01 11:08:36.355050,ELEC-day4,0.0,0.0,0.0,,,0,0,0,0,0
,,,,,,36,2026-02-01 11:08:36.355050,ELEC-day5,0.0,0.0,0.0,,,0,0,0,0,0
,,,,,,36,2026-02-01 11:08:36.355050,ELEC-day6,0.0,0.0,0.0,,,0,0,0,0,0
,,,,,,36,2026-02-01 11:08:36.355050,ELEC-F,0.0,0.0,0.0,,,0,0,0,0,0
4.0,1.0,1.0,,SUNLIGHT Forecast for DAY 2,The weather forecasts call for between 12 and 20 hours of sunlight tomorrow.,37,2026-02-01 11:08:37.387232,NG,2.16,2.14,2.18,800000.0,800000.0,0,0,0,0,0
3.0,1.0,1.0,,You are logged in as a PRODUCER,,37,2026-02-01 11:08:37.387232,ELEC-day2,0.0,0.0,0.0,,,0,0,0,0,0
2.0,1.0,1.0,,FINES,"The fine for open positions of ELEC-dayX at the end of the day is $20,000/contract.",37,2026-02-01 11:08:37.387232,ELEC-day3,0.0,0.0,0.0,,,0,0,0,0,0
1.0,1.0,1.0,,Welcome to the RITC2026 GBE Energy Electricity Trading Case - practice server,,37,2026-02-01 11:08:37.387232,ELEC-day4,0.0,0.0,0.0,,,0,0,0,0,0
,,,,,,37,2026-02-01 11:08:37.387232,ELEC-day5,0.0,0.0,0.0,,,0,0,0,0,0
,,,,,,37,2026-02-01 11:08:37.387232,ELEC-day6,0.0,0.0,0.0,,,0,0,0,0,0
,,,,,,37,2026-02-01 11:08:37.387232,ELEC-F,0.0,0.0,0.0,,,0,0,0,0,0
4.0,1.0,1.0,,SUNLIGHT Forecast for DAY 2,The weather forecasts call for between 12 and 20 hours of sunlight tomorrow.,38,2026-02-01 11:08:38.420048,NG,2.15,2.13,2.17,800000.0,800000.0,0,0,0,0,0
3.0,1.0,1.0,,You are logged in as a PRODUCER,,38,2026-02-01 11:08:38.420048,ELEC-day2,0.0,0.0,0.0,,,0,0,0,0,0
2.0,1.0,1.0,,FINES,"The fine for open positions of ELEC-dayX at the end of the day is $20,000/contract.",38,2026-02-01 11:08:38.420048,ELEC-day3,0.0,0.0,0.0,,,0,0,0,0,0
1.0,1.0,1.0,,Welcome to the RITC2026 GBE Energy Electricity Trading Case - practice server,,38,2026-02-01 11:08:38.420048,ELEC-day4,0.0,0.0,0.0,,,0,0,0,0,0
,,,,,,38,2026-02-01 11:08:38.420048,ELEC-day5,0.0,0.0,0.0,,,0,0,0,0,0
,,,,,,38,2026-02-01 11:08:38.420048,ELEC-day6,0.0,0.0,0.0,,,0,0,0,0,0
,,,,,,38,2026-02-01 11:08:38.420048,ELEC-F,0.0,0.0,0.0,,,0,0,0,0,0
4.0,1.0,1.0,,SUNLIGHT Forecast for DAY 2,The weather forecasts call for between 12 and 20 hours of sunlight tomorrow.,39,2026-02-01 11:08:39.449110,NG,2.16,2.14,2.18,800000.0,800000.0,0,0,0,0,0
3.0,1.0,1.0,,You are logged in as a PRODUCER,,39,2026-02-01 11:08:39.449110,ELEC-day2,0.0,0.0,0.0,,,0,0,0,0,0
2.0,1.0,1.0,,FINES,"The fine for open positions of ELEC-dayX at the end of the day is $20,000/contract.",39,2026-02-01 11:08:39.449110,ELEC-day3,0.0,0.0,0.0,,,0,0,0,0,0
1.0,1.0,1.0,,Welcome to the RITC2026 GBE Energy Electricity Trading Case - practice server,,39,2026-02-01 11:08:39.449110,ELEC-day4,0.0,0.0,0.0,,,0,0,0,0,0
,,,,,,39,2026-02-01 11:08:39.449110,ELEC-day5,0.0,0.0,0.0,,,0,0,0,0,0
,,,,,,39,2026-02-01 11:08:39.449110,ELEC-day6,0.0,0.0,0.0,,,0,0,0,0,0
,,,,,,39,2026-02-01 11:08:39.449110,ELEC-F,0.0,0.0,0.0,,,0,0,0,0,0
4.0,1.0,1.0,,SUNLIGHT Forecast for DAY 2,The weather forecasts call for between 12 and 20 hours of sunlight tomorrow.,40,2026-02-01 11:08:40.487237,NG,2.17,2.15,2.19,800000.0,800000.0,0,0,0,0,0
3.0,1.0,1.0,,You are logged in as a PRODUCER,,40,2026-02-01 11:08:40.487237,ELEC-day2,0.0,0.0,0.0,,,0,0,0,0,0
2.0,1.0,1.0,,FINES,"The fine for open positions of ELEC-dayX at the end of the day is $20,000/contract.",40,2026-02-01 11:08:40.487237,ELEC-day3,0.0,0.0,0.0,,,0,0,0,0,0
1.0,1.0,1.0,,Welcome to the RITC2026 GBE Energy Electricity Trading Case - practice server,,40,2026-02-01 11:08:40.487237,ELEC-day4,0.0,0.0,0.0,,,0,0,0,0,0
,,,,,,40,2026-02-01 11:08:40.487237,ELEC-day5,0.0,0.0,0.0,,,0,0,0,0,0
,,,,,,40,2026-02-01 11:08:40.487237,ELEC-day6,0.0,0.0,0.0,,,0,0,0,0,0
,,,,,,40,2026-02-01 11:08:40.487237,ELEC-F,0.0,0.0,0.0,,,0,0,0,0,0
4.0,1.0,1.0,,SUNLIGHT Forecast for DAY 2,The weather forecasts call for between 12 and 20 hours of sunlight tomorrow.,41,2026-02-01 11:08:41.542172,NG,2.16,2.14,2.18,800000.0,800000.0,0,0,0,0,0
3.0,1.0,1.0,,You are logged in as a PRODUCER,,41,2026-02-01 11:08:41.542172,ELEC-day2,0.0,0.0,0.0,,,0,0,0,0,0
2.0,1.0,1.0,,FINES,"The fine for open positions of ELEC-dayX at the end of the day is $20,000/contract.",41,2026-02-01 11:08:41.542172,ELEC-day3,0.0,0.0,0.0,,,0,0,0,0,0
1.0,1.0,1.0,,Welcome to the RITC2026 GBE Energy Electricity Trading Case - practice server,,41,2026-02-01 11:08:41.542172,ELEC-day4,0.0,0.0,0.0,,,0,0,0,0,0
,,,,,,41,2026-02-01 11:08:41.542172,ELEC-day5,0.0,0.0,0.0,,,0,0,0,0,0
,,,,,,41,2026-02-01 11:08:41.542172,ELEC-day6,0.0,0.0,0.0,,,0,0,0,0,0
,,,,,,41,2026-02-01 11:08:41.542172,ELEC-F,0.0,0.0,0.0,,,0,0,0,0,0
4.0,1.0,1.0,,SUNLIGHT Forecast for DAY 2,The weather forecasts call for between 12 and 20 hours of sunlight tomorrow.,42,2026-02-01 11:08:42.571307,NG,2.17,2.15,2.19,800000.0,800000.0,0,0,0,0,0
3.0,1.0,1.0,,You are logged in as a PRODUCER,,42,2026-02-01 11:08:42.571307,ELEC-day2,0.0,0.0,0.0,,,0,0,0,0,0
2.0,1.0,1.0,,FINES,"The fine for open positions of ELEC-dayX at the end of the day is $20,000/contract.",42,2026-02-01 11:08:42.571307,ELEC-day3,0.0,0.0,0.0,,,0,0,0,0,0
1.0,1.0,1.0,,Welcome to the RITC2026 GBE Energy Electricity Trading Case - practice server,,42,2026-02-01 11:08:42.571307,ELEC-day4,0.0,0.0,0.0,,,0,0,0,0,0
,,,,,,42,2026-02-01 11:08:42.571307,ELEC-day5,0.0,0.0,0.0,,,0,0,0,0,0
,,,,,,42,2026-02-01 11:08:42.571307,ELEC-day6,0.0,0.0,0.0,,,0,0,0,0,0
,,,,,,42,2026-02-01 11:08:42.571307,ELEC-F,0.0,0.0,0.0,,,0,0,0,0,0
4.0,1.0,1.0,,SUNLIGHT Forecast for DAY 2,The weather forecasts call for between 12 and 20 hours of sunlight tomorrow.,43,2026-02-01 11:08:43.596915,NG,2.16,2.14,2.18,800000.0,800000.0,0,0,0,0,0
3.0,1.0,1.0,,You are logged in as a PRODUCER,,43,2026-02-01 11:08:43.596915,ELEC-day2,0.0,0.0,0.0,,,0,0,0,0,0
2.0,1.0,1.0,,FINES,"The fine for open positions of ELEC-dayX at the end of the day is $20,000/contract.",43,2026-02-01 11:08:43.596915,ELEC-day3,0.0,0.0,0.0,,,0,0,0,0,0
1.0,1.0,1.0,,Welcome to the RITC2026 GBE Energy Electricity Trading Case - practice server,,43,2026-02-01 11:08:43.596915,ELEC-day4,0.0,0.0,0.0,,,0,0,0,0,0
,,,,,,43,2026-02-01 11:08:43.596915,ELEC-day5,0.0,0.0,0.0,,,0,0,0,0,0
,,,,,,43,2026-02-01 11:08:43.596915,ELEC-day6,0.0,0.0,0.0,,,0,0,0,0,0
,,,,,,43,2026-02-01 11:08:43.596915,ELEC-F,0.0,0.0,0.0,,,0,0,0,0,0
4.0,1.0,1.0,,SUNLIGHT Forecast for DAY 2,The weather forecasts call for between 12 and 20 hours of sunlight tomorrow.,44,2026-02-01 11:08:44.617178,NG,2.17,2.15,2.19,800000.0,800000.0,0,0,0,0,0
3.0,1.0,1.0,,You are logged in as a PRODUCER,,44,2026-02-01 11:08:44.617178,ELEC-day2,0.0,0.0,0.0,,,0,0,0,0,0
2.0,1.0,1.0,,FINES,"The fine for open positions of ELEC-dayX at the end of the day is $20,000/contract.",44,2026-02-01 11:08:44.617178,ELEC-day3,0.0,0.0,0.0,,,0,0,0,0,0
1.0,1.0,1.0,,Welcome to the RITC2026 GBE Energy Electricity Trading Case - practice server,,44,2026-02-01 11:08:44.617178,ELEC-day4,0.0,0.0,0.0,,,0,0,0,0,0
,,,,,,44,2026-02-01 11:08:44.617178,ELEC-day5,0.0,0.0,0.0,,,0,0,0,0,0
,,,,,,44,2026-02-01 11:08:44.617178,ELEC-day6,0.0,0.0,0.0,,,0,0,0,0,0
,,,,,,44,2026-02-01 11:08:44.617178,ELEC-F,0.0,0.0,0.0,,,0,0,0,0,0
4.0,1.0,1.0,,SUNLIGHT Forecast for DAY 2,The weather forecasts call for between 12 and 20 hours of sunlight tomorrow.,45,2026-02-01 11:08:45.640988,NG,2.19,2.17,2.21,800000.0,800000.0,0,0,0,0,0
3.0,1.0,1.0,,You are logged in as a PRODUCER,,45,2026-02-01 11:08:45.640988,ELEC-day2,0.0,0.0,0.0,,,0,0,0,0,0
2.0,1.0,1.0,,FINES,"The fine for open positions of ELEC-dayX at the end of the day is $20,000/contract.",45,2026-02-01 11:08:45.640988,ELEC-day3,0.0,0.0,0.0,,,0,0,0,0,0
1.0,1.0,1.0,,Welcome to the RITC2026 GBE Energy Electricity Trading Case - practice server,,45,2026-02-01 11:08:45.640988,ELEC-day4,0.0,0.0,0.0,,,0,0,0,0,0
,,,,,,45,2026-02-01 11:08:45.640988,ELEC-day5,0.0,0.0,0.0,,,0,0,0,0,0
,,,,,,45,2026-02-01 11:08:45.640988,ELEC-day6,0.0,0.0,0.0,,,0,0,0,0,0
,,,,,,45,2026-02-01 11:08:45.640988,ELEC-F,0.0,0.0,0.0,,,0,0,0,0,0
4.0,1.0,1.0,,SUNLIGHT Forecast for DAY 2,The weather forecasts call for between 12 and 20 hours of sunlight tomorrow.,46,2026-02-01 11:08:46.668716,NG,2.18,2.16,2.2,800000.0,800000.0,0,0,0,0,0
3.0,1.0,1.0,,You are logged in as a PRODUCER,,46,2026-02-01 11:08:46.668716,ELEC-day2,0.0,0.0,0.0,,,0,0,0,0,0
2.0,1.0,1.0,,FINES,"The fine for open positions of ELEC-dayX at the end of the day is $20,000/contract.",46,2026-02-01 11:08:46.668716,ELEC-day3,0.0,0.0,0.0,,,0,0,0,0,0
1.0,1.0,1.0,,Welcome to the RITC2026 GBE Energy Electricity Trading Case - practice server,,46,2026-02-01 11:08:46.668716,ELEC-day4,0.0,0.0,0.0,,,0,0,0,0,0
,,,,,,46,2026-02-01 11:08:46.668716,ELEC-day5,0.0,0.0,0.0,,,0,0,0,0,0
,,,,,,46,2026-02-01 11:08:46.668716,ELEC-day6,0.0,0.0,0.0,,,0,0,0,0,0
,,,,,,46,2026-02-01 11:08:46.668716,ELEC-F,0.0,0.0,0.0,,,0,0,0,0,0
4.0,1.0,1.0,,SUNLIGHT Forecast for DAY 2,The weather forecasts call for between 12 and 20 hours of sunlight tomorrow.,47,2026-02-01 11:08:47.705103,NG,2.19,2.17,2.21,800000.0,800000.0,0,0,0,0,0
3.0,1.0,1.0,,You are logged in as a PRODUCER,,47,2026-02-01 11:08:47.705103,ELEC-day2,0.0,0.0,0.0,,,0,0,0,0,0
2.0,1.0,1.0,,FINES,"The fine for open positions of ELEC-dayX at the end of the day is $20,000/contract.",47,2026-02-01 11:08:47.705103,ELEC-day3,0.0,0.0,0.0,,,0,0,0,0,0
1.0,1.0,1.0,,Welcome to the RITC2026 GBE Energy Electricity Trading Case - practice server,,47,2026-02-01 11:08:47.705103,ELEC-day4,0.0,0.0,0.0,,,0,0,0,0,0
,,,,,,47,2026-02-01 11:08:47.705103,ELEC-day5,0.0,0.0,0.0,,,0,0,0,0,0
,,,,,,47,2026-02-01 11:08:47.705103,ELEC-day6,0.0,0.0,0.0,,,0,0,0,0,0
,,,,,,47,2026-02-01 11:08:47.705103,ELEC-F,0.0,0.0,0.0,,,0,0,0,0,0
4.0,1.0,1.0,,SUNLIGHT Forecast for DAY 2,The weather forecasts call for between 12 and 20 hours of sunlight tomorrow.,48,2026-02-01 11:08:48.740982,NG,2.19,2.17,2.21,800000.0,800000.0,0,0,0,0,0
3.0,1.0,1.0,,You are logged in as a PRODUCER,,48,2026-02-01 11:08:48.740982,ELEC-day2,0.0,0.0,0.0,,,0,0,0,0,0
2.0,1.0,1.0,,FINES,"The fine for open positions of ELEC-dayX at the end of the day is $20,000/contract.",48,2026-02-01 11:08:48.740982,ELEC-day3,0.0,0.0,0.0,,,0,0,0,0,0
1.0,1.0,1.0,,Welcome to the RITC2026 GBE Energy Electricity Trading Case - practice server,,48,2026-02-01 11:08:48.740982,ELEC-day4,0.0,0.0,0.0,,,0,0,0,0,0
,,,,,,48,2026-02-01 11:08:48.740982,ELEC-day5,0.0,0.0,0.0,,,0,0,0,0,0
,,,,,,48,2026-02-01 11:08:48.740982,ELEC-day6,0.0,0.0,0.0,,,0,0,0,0,0
,,,,,,48,2026-02-01 11:08:48.740982,ELEC-F,0.0,0.0,0.0,,,0,0,0,0,0
4.0,1.0,1.0,,SUNLIGHT Forecast for DAY 2,The weather forecasts call for between 12 and 20 hours of sunlight tomorrow.,49,2026-02-01 11:08:49.761896,NG,2.19,2.17,2.21,800000.0,800000.0,0,0,0,0,0
3.0,1.0,1.0,,You are logged in as a PRODUCER,,49,2026-02-01 11:08:49.761896,ELEC-day2,0.0,0.0,0.0,,,0,0,0,0,0
2.0,1.0,1.0,,FINES,"The fine for open positions of ELEC-dayX at the end of the day is $20,000/contract.",49,2026-02-01 11:08:49.761896,ELEC-day3,0.0,0.0,0.0,,,0,0,0,0,0
1.0,1.0,1.0,,Welcome to the RITC2026 GBE Energy Electricity Trading Case - practice server,,49,2026-02-01 11:08:49.761896,ELEC-day4,0.0,0.0,0.0,,,0,0,0,0,0
,,,,,,49,2026-02-01 11:08:49.761896,ELEC-day5,0.0,0.0,0.0,,,0,0,0,0,0
,,,,,,49,2026-02-01 11:08:49.761896,ELEC-day6,0.0,0.0,0.0,,,0,0,0,0,0
,,,,,,49,2026-02-01 11:08:49.761896,ELEC-F,0.0,0.0,0.0,,,0,0,0,0,0
4.0,1.0,1.0,,SUNLIGHT Forecast for DAY 2,The weather forecasts call for between 12 and 20 hours of sunlight tomorrow.,50,2026-02-01 11:08:50.787149,NG,2.2,2.18,2.22,800000.0,800000.0,0,0,0,0,0
3.0,1.0,1.0,,You are logged in as a PRODUCER,,50,2026-02-01 11:08:50.787149,ELEC-day2,0.0,0.0,0.0,,,0,0,0,0,0
2.0,1.0,1.0,,FINES,"The fine for open positions of ELEC-dayX at the end of the day is $20,000/contract.",50,2026-02-01 11:08:50.787149,ELEC-day3,0.0,0.0,0.0,,,0,0,0,0,0
1.0,1.0,1.0,,Welcome to the RITC2026 GBE Energy Electricity Trading Case - practice server,,50,2026-02-01 11:08:50.787149,ELEC-day4,0.0,0.0,0.0,,,0,0,0,0,0
,,,,,,50,2026-02-01 11:08:50.787149,ELEC-day5,0.0,0.0,0.0,,,0,0,0,0,0
,,,,,,50,2026-02-01 11:08:50.787149,ELEC-day6,0.0,0.0,0.0,,,0,0,0,0,0
,,,,,,50,2026-02-01 11:08:50.787149,ELEC-F,0.0,0.0,0.0,,,0,0,0,0,0
4.0,1.0,1.0,,SUNLIGHT Forecast for DAY 2,The weather forecasts call for between 12 and 20 hours of sunlight tomorrow.,51,2026-02-01 11:08:51.807557,NG,2.21,2.19,2.23,800000.0,800000.0,0,0,0,0,0
3.0,1.0,1.0,,You are logged in as a PRODUCER,,51,2026-02-01 11:08:51.807557,ELEC-day2,0.0,0.0,0.0,,,0,0,0,0,0
2.0,1.0,1.0,,FINES,"The fine for open positions of ELEC-dayX at the end of the day is $20,000/contract.",51,2026-02-01 11:08:51.807557,ELEC-day3,0.0,0.0,0.0,,,0,0,0,0,0
1.0,1.0,1.0,,Welcome to the RITC2026 GBE Energy Electricity Trading Case - practice server,,51,2026-02-01 11:08:51.807557,ELEC-day4,0.0,0.0,0.0,,,0,0,0,0,0
,,,,,,51,2026-02-01 11:08:51.807557,ELEC-day5,0.0,0.0,0.0,,,0,0,0,0,0
,,,,,,51,2026-02-01 11:08:51.807557,ELEC-day6,0.0,0.0,0.0,,,0,0,0,0,0
,,,,,,51,2026-02-01 11:08:51.807557,ELEC-F,0.0,0.0,0.0,,,0,0,0,0,0
4.0,1.0,1.0,,SUNLIGHT Forecast for DAY 2,The weather forecasts call for between 12 and 20 hours of sunlight tomorrow.,52,2026-02-01 11:08:52.821347,NG,2.21,2.19,2.23,800000.0,800000.0,0,0,0,0,0
3.0,1.0,1.0,,You are logged in as a PRODUCER,,52,2026-02-01 11:08:52.821347,ELEC-day2,0.0,0.0,0.0,,,0,0,0,0,0
2.0,1.0,1.0,,FINES,"The fine for open positions of ELEC-dayX at the end of the day is $20,000/contract.",52,2026-02-01 11:08:52.821347,ELEC-day3,0.0,0.0,0.0,,,0,0,0,0,0
1.0,1.0,1.0,,Welcome to the RITC2026 GBE Energy Electricity Trading Case - practice server,,52,2026-02-01 11:08:52.821347,ELEC-day4,0.0,0.0,0.0,,,0,0,0,0,0
,,,,,,52,2026-02-01 11:08:52.821347,ELEC-day5,0.0,0.0,0.0,,,0,0,0,0,0
,,,,,,52,2026-02-01 11:08:52.821347,ELEC-day6,0.0,0.0,0.0,,,0,0,0,0,0
,,,,,,52,2026-02-01 11:08:52.821347,ELEC-F,0.0,0.0,0.0,,,0,0,0,0,0
4.0,1.0,1.0,,SUNLIGHT Forecast for DAY 2,The weather forecasts call for between 12 and 20 hours of sunlight tomorrow.,53,2026-02-01 11:08:53.854902,NG,2.2,2.18,2.22,800000.0,800000.0,0,0,0,0,0
3.0,1.0,1.0,,You are logged in as a PRODUCER,,53,2026-02-01 11:08:53.854902,ELEC-day2,0.0,0.0,0.0,,,0,0,0,0,0
2.0,1.0,1.0,,FINES,"The fine for open positions of ELEC-dayX at the end of the day is $20,000/contract.",53,2026-02-01 11:08:53.854902,ELEC-day3,0.0,0.0,0.0,,,0,0,0,0,0
1.0,1.0,1.0,,Welcome to the RITC2026 GBE Energy Electricity Trading Case - practice server,,53,2026-02-01 11:08:53.854902,ELEC-day4,0.0,0.0,0.0,,,0,0,0,0,0
,,,,,,53,2026-02-01 11:08:53.854902,ELEC-day5,0.0,0.0,0.0,,,0,0,0,0,0
,,,,,,53,2026-02-01 11:08:53.854902,ELEC-day6,0.0,0.0,0.0,,,0,0,0,0,0
,,,,,,53,2026-02-01 11:08:53.854902,ELEC-F,0.0,0.0,0.0,,,0,0,0,0,0
4.0,1.0,1.0,,SUNLIGHT Forecast for DAY 2,The weather forecasts call for between 12 and 20 hours of sunlight tomorrow.,54,2026-02-01 11:08:54.890207,NG,2.21,2.19,2.23,800000.0,800000.0,0,0,0,0,0
3.0,1.0,1.0,,You are logged in as a PRODUCER,,54,2026-02-01 11:08:54.890207,ELEC-day2,0.0,0.0,0.0,,,0,0,0,0,0
2.0,1.0,1.0,,FINES,"The fine for open positions of ELEC-dayX at the end of the day is $20,000/contract.",54,2026-02-01 11:08:54.890207,ELEC-day3,0.0,0.0,0.0,,,0,0,0,0,0
1.0,1.0,1.0,,Welcome to the RITC2026 GBE Energy Electricity Trading Case - practice server,,54,2026-02-01 11:08:54.890207,ELEC-day4,0.0,0.0,0.0,,,0,0,0,0,0
,,,,,,54,2026-02-01 11:08:54.890207,ELEC-day5,0.0,0.0,0.0,,,0,0,0,0,0
,,,,,,54,2026-02-01 11:08:54.890207,ELEC-day6,0.0,0.0,0.0,,,0,0,0,0,0
,,,,,,54,2026-02-01 11:08:54.890207,ELEC-F,0.0,0.0,0.0,,,0,0,0,0,0
4.0,1.0,1.0,,SUNLIGHT Forecast for DAY 2,The weather forecasts call for between 12 and 20 hours of sunlight tomorrow.,55,2026-02-01 11:08:55.922254,NG,2.21,2.19,2.23,800000.0,800000.0,0,0,0,0,0
3.0,1.0,1.0,,You are logged in as a PRODUCER,,55,2026-02-01 11:08:55.922254,ELEC-day2,0.0,0.0,0.0,,,0,0,0,0,0
2.0,1.0,1.0,,FINES,"The fine for open positions of ELEC-dayX at the end of the day is $20,000/contract.",55,2026-02-01 11:08:55.922254,ELEC-day3,0.0,0.0,0.0,,,0,0,0,0,0
1.0,1.0,1.0,,Welcome to the RITC2026 GBE Energy Electricity Trading Case - practice server,,55,2026-02-01 11:08:55.922254,ELEC-day4,0.0,0.0,0.0,,,0,0,0,0,0
,,,,,,55,2026-02-01 11:08:55.922254,ELEC-day5,0.0,0.0,0.0,,,0,0,0,0,0
,,,,,,55,2026-02-01 11:08:55.922254,ELEC-day6,0.0,0.0,0.0,,,0,0,0,0,0
,,,,,,55,2026-02-01 11:08:55.922254,ELEC-F,0.0,0.0,0.0,,,0,0,0,0,0
4.0,1.0,1.0,,SUNLIGHT Forecast for DAY 2,The weather forecasts call for between 12 and 20 hours of sunlight tomorrow.,56,2026-02-01 11:08:56.955663,NG,2.2,2.18,2.22,800000.0,800000.0,0,0,0,0,0
3.0,1.0,1.0,,You are logged in as a PRODUCER,,56,2026-02-01 11:08:56.955663,ELEC-day2,0.0,0.0,0.0,,,0,0,0,0,0
2.0,1.0,1.0,,FINES,"The fine for open positions of ELEC-dayX at the end of the day is $20,000/contract.",56,2026-02-01 11:08:56.955663,ELEC-day3,0.0,0.0,0.0,,,0,0,0,0,0
1.0,1.0,1.0,,Welcome to the RITC2026 GBE Energy Electricity Trading Case - practice server,,56,2026-02-01 11:08:56.955663,ELEC-day4,0.0,0.0,0.0,,,0,0,0,0,0
,,,,,,56,2026-02-01 11:08:56.955663,ELEC-day5,0.0,0.0,0.0,,,0,0,0,0,0
,,,,,,56,2026-02-01 11:08:56.955663,ELEC-day6,0.0,0.0,0.0,,,0,0,0,0,0
,,,,,,56,2026-02-01 11:08:56.955663,ELEC-F,0.0,0.0,0.0,,,0,0,0,0,0
4.0,1.0,1.0,,SUNLIGHT Forecast for DAY 2,The weather forecasts call for between 12 and 20 hours of sunlight tomorrow.,57,2026-02-01 11:08:57.976834,NG,2.2,2.18,2.22,800000.0,800000.0,0,0,0,0,0
3.0,1.0,1.0,,You are logged in as a PRODUCER,,57,2026-02-01 11:08:57.976834,ELEC-day2,0.0,0.0,0.0,,,0,0,0,0,0
2.0,1.0,1.0,,FINES,"The fine for open positions of ELEC-dayX at the end of the day is $20,000/contract.",57,2026-02-01 11:08:57.976834,ELEC-day3,0.0,0.0,0.0,,,0,0,0,0,0
1.0,1.0,1.0,,Welcome to the RITC2026 GBE Energy Electricity Trading Case - practice server,,57,2026-02-01 11:08:57.976834,ELEC-day4,0.0,0.0,0.0,,,0,0,0,0,0
,,,,,,57,2026-02-01 11:08:57.976834,ELEC-day5,0.0,0.0,0.0,,,0,0,0,0,0
,,,,,,57,2026-02-01 11:08:57.976834,ELEC-day6,0.0,0.0,0.0,,,0,0,0,0,0
,,,,,,57,2026-02-01 11:08:57.976834,ELEC-F,0.0,0.0,0.0,,,0,0,0,0,0
4.0,1.0,1.0,,SUNLIGHT Forecast for DAY 2,The weather forecasts call for between 12 and 20 hours of sunlight tomorrow.,58,2026-02-01 11:08:58.997329,NG,2.2,2.18,2.22,800000.0,800000.0,0,0,0,0,0
3.0,1.0,1.0,,You are logged in as a PRODUCER,,58,2026-02-01 11:08:58.997329,ELEC-day2,0.0,0.0,0.0,,,0,0,0,0,0
2.0,1.0,1.0,,FINES,"The fine for open positions of ELEC-dayX at the end of the day is $20,000/contract.",58,2026-02-01 11:08:58.997329,ELEC-day3,0.0,0.0,0.0,,,0,0,0,0,0
1.0,1.0,1.0,,Welcome to the RITC2026 GBE Energy Electricity Trading Case - practice server,,58,2026-02-01 11:08:58.997329,ELEC-day4,0.0,0.0,0.0,,,0,0,0,0,0
,,,,,,58,2026-02-01 11:08:58.997329,ELEC-day5,0.0,0.0,0.0,,,0,0,0,0,0
,,,,,,58,2026-02-01 11:08:58.997329,ELEC-day6,0.0,0.0,0.0,,,0,0,0,0,0
,,,,,,58,2026-02-01 11:08:58.997329,ELEC-F,0.0,0.0,0.0,,,0,0,0,0,0
4.0,1.0,1.0,,SUNLIGHT Forecast for DAY 2,The weather forecasts call for between 12 and 20 hours of sunlight tomorrow.,59,2026-02-01 11:09:00.017070,NG,2.2,2.18,2.22,800000.0,800000.0,0,0,0,0,0
3.0,1.0,1.0,,You are logged in as a PRODUCER,,59,2026-02-01 11:09:00.017070,ELEC-day2,0.0,0.0,0.0,,,0,0,0,0,0
2.0,1.0,1.0,,FINES,"The fine for open positions of ELEC-dayX at the end of the day is $20,000/contract.",59,2026-02-01 11:09:00.017070,ELEC-day3,0.0,0.0,0.0,,,0,0,0,0,0
1.0,1.0,1.0,,Welcome to the RITC2026 GBE Energy Electricity Trading Case - practice server,,59,2026-02-01 11:09:00.017070,ELEC-day4,0.0,0.0,0.0,,,0,0,0,0,0
,,,,,,59,2026-02-01 11:09:00.017070,ELEC-day5,0.0,0.0,0.0,,,0,0,0,0,0
,,,,,,59,2026-02-01 11:09:00.017070,ELEC-day6,0.0,0.0,0.0,,,0,0,0,0,0
,,,,,,59,2026-02-01 11:09:00.017070,ELEC-F,0.0,0.0,0.0,,,0,0,0,0,0
4.0,1.0,1.0,,SUNLIGHT Forecast for DAY 2,The weather forecasts call for between 12 and 20 hours of sunlight tomorrow.,60,2026-02-01 11:09:01.046135,NG,2.2,2.18,2.22,800000.0,800000.0,0,0,0,0,0
3.0,1.0,1.0,,You are logged in as a PRODUCER,,60,2026-02-01 11:09:01.046135,ELEC-day2,0.0,0.0,0.0,,,0,0,0,0,0
2.0,1.0,1.0,,FINES,"The fine for open positions of ELEC-dayX at the end of the day is $20,000/contract.",60,2026-02-01 11:09:01.046135,ELEC-day3,0.0,0.0,0.0,,,0,0,0,0,0
1.0,1.0,1.0,,Welcome to the RITC2026 GBE Energy Electricity Trading Case - practice server,,60,2026-02-01 11:09:01.046135,ELEC-day4,0.0,0.0,0.0,,,0,0,0,0,0
,,,,,,60,2026-02-01 11:09:01.046135,ELEC-day5,0.0,0.0,0.0,,,0,0,0,0,0
,,,,,,60,2026-02-01 11:09:01.046135,ELEC-day6,0.0,0.0,0.0,,,0,0,0,0,0
,,,,,,60,2026-02-01 11:09:01.046135,ELEC-F,0.0,0.0,0.0,,,0,0,0,0,0
4.0,1.0,1.0,,SUNLIGHT Forecast for DAY 2,The weather forecasts call for between 12 and 20 hours of sunlight tomorrow.,61,2026-02-01 11:09:02.070331,NG,2.2,2.18,2.22,800000.0,800000.0,0,0,0,0,0
3.0,1.0,1.0,,You are logged in as a PRODUCER,,61,2026-02-01 11:09:02.070331,ELEC-day2,0.0,0.0,0.0,,,0,0,0,0,0
2.0,1.0,1.0,,FINES,"The fine for open positions of ELEC-dayX at the end of the day is $20,000/contract.",61,2026-02-01 11:09:02.070331,ELEC-day3,0.0,0.0,0.0,,,0,0,0,0,0
1.0,1.0,1.0,,Welcome to the RITC2026 GBE Energy Electricity Trading Case - practice server,,61,2026-02-01 11:09:02.070331,ELEC-day4,0.0,0.0,0.0,,,0,0,0,0,0
,,,,,,61,2026-02-01 11:09:02.070331,ELEC-day5,0.0,0.0,0.0,,,0,0,0,0,0
,,,,,,61,2026-02-01 11:09:02.070331,ELEC-day6,0.0,0.0,0.0,,,0,0,0,0,0
,,,,,,61,2026-02-01 11:09:02.070331,ELEC-F,0.0,0.0,0.0,,,0,0,0,0,0
4.0,1.0,1.0,,SUNLIGHT Forecast for DAY 2,The weather forecasts call for between 12 and 20 hours of sunlight tomorrow.,62,2026-02-01 11:09:03.106790,NG,2.21,2.19,2.23,800000.0,800000.0,0,0,0,0,0
3.0,1.0,1.0,,You are logged in as a PRODUCER,,62,2026-02-01 11:09:03.106790,ELEC-day2,0.0,0.0,0.0,,,0,0,0,0,0
2.0,1.0,1.0,,FINES,"The fine for open positions of ELEC-dayX at the end of the day is $20,000/contract.",62,2026-02-01 11:09:03.106790,ELEC-day3,0.0,0.0,0.0,,,0,0,0,0,0
1.0,1.0,1.0,,Welcome to the RITC2026 GBE Energy Electricity Trading Case - practice server,,62,2026-02-01 11:09:03.106790,ELEC-day4,0.0,0.0,0.0,,,0,0,0,0,0
,,,,,,62,2026-02-01 11:09:03.106790,ELEC-day5,0.0,0.0,0.0,,,0,0,0,0,0
,,,,,,62,2026-02-01 11:09:03.106790,ELEC-day6,0.0,0.0,0.0,,,0,0,0,0,0
,,,,,,62,2026-02-01 11:09:03.106790,ELEC-F,0.0,0.0,0.0,,,0,0,0,0,0
4.0,1.0,1.0,,SUNLIGHT Forecast for DAY 2,The weather forecasts call for between 12 and 20 hours of sunlight tomorrow.,63,2026-02-01 11:09:04.136920,NG,2.21,2.19,2.23,800000.0,800000.0,0,0,0,0,0
3.0,1.0,1.0,,You are logged in as a PRODUCER,,63,2026-02-01 11:09:04.136920,ELEC-day2,0.0,0.0,0.0,,,0,0,0,0,0
2.0,1.0,1.0,,FINES,"The fine for open positions of ELEC-dayX at the end of the day is $20,000/contract.",63,2026-02-01 11:09:04.136920,ELEC-day3,0.0,0.0,0.0,,,0,0,0,0,0
1.0,1.0,1.0,,Welcome to the RITC2026 GBE Energy Electricity Trading Case - practice server,,63,2026-02-01 11:09:04.136920,ELEC-day4,0.0,0.0,0.0,,,0,0,0,0,0
,,,,,,63,2026-02-01 11:09:04.136920,ELEC-day5,0.0,0.0,0.0,,,0,0,0,0,0
,,,,,,63,2026-02-01 11:09:04.136920,ELEC-day6,0.0,0.0,0.0,,,0,0,0,0,0
,,,,,,63,2026-02-01 11:09:04.136920,ELEC-F,0.0,0.0,0.0,,,0,0,0,0,0
4.0,1.0,1.0,,SUNLIGHT Forecast for DAY 2,The weather forecasts call for between 12 and 20 hours of sunlight tomorrow.,64,2026-02-01 11:09:05.168834,NG,2.21,2.19,2.23,800000.0,800000.0,0,0,0,0,0
3.0,1.0,1.0,,You are logged in as a PRODUCER,,64,2026-02-01 11:09:05.168834,ELEC-day2,0.0,0.0,0.0,,,0,0,0,0,0
2.0,1.0,1.0,,FINES,"The fine for open positions of ELEC-dayX at the end of the day is $20,000/contract.",64,2026-02-01 11:09:05.168834,ELEC-day3,0.0,0.0,0.0,,,0,0,0,0,0
1.0,1.0,1.0,,Welcome to the RITC2026 GBE Energy Electricity Trading Case - practice server,,64,2026-02-01 11:09:05.168834,ELEC-day4,0.0,0.0,0.0,,,0,0,0,0,0
,,,,,,64,2026-02-01 11:09:05.168834,ELEC-day5,0.0,0.0,0.0,,,0,0,0,0,0
,,,,,,64,2026-02-01 11:09:05.168834,ELEC-day6,0.0,0.0,0.0,,,0,0,0,0,0
,,,,,,64,2026-02-01 11:09:05.168834,ELEC-F,0.0,0.0,0.0,,,0,0,0,0,0
4.0,1.0,1.0,,SUNLIGHT Forecast for DAY 2,The weather forecasts call for between 12 and 20 hours of sunlight tomorrow.,65,2026-02-01 11:09:06.233115,NG,2.22,2.2,2.24,800000.0,800000.0,0,0,0,0,0
3.0,1.0,1.0,,You are logged in as a PRODUCER,,65,2026-02-01 11:09:06.233115,ELEC-day2,0.0,0.0,0.0,,,0,0,0,0,0
2.0,1.0,1.0,,FINES,"The fine for open positions of ELEC-dayX at the end of the day is $20,000/contract.",65,2026-02-01 11:09:06.233115,ELEC-day3,0.0,0.0,0.0,,,0,0,0,0,0
1.0,1.0,1.0,,Welcome to the RITC2026 GBE Energy Electricity Trading Case - practice server,,65,2026-02-01 11:09:06.233115,ELEC-day4,0.0,0.0,0.0,,,0,0,0,0,0
,,,,,,65,2026-02-01 11:09:06.233115,ELEC-day5,0.0,0.0,0.0,,,0,0,0,0,0
,,,,,,65,2026-02-01 11:09:06.233115,ELEC-day6,0.0,0.0,0.0,,,0,0,0,0,0
,,,,,,65,2026-02-01 11:09:06.233115,ELEC-F,0.0,0.0,0.0,,,0,0,0,0,0
4.0,1.0,1.0,,SUNLIGHT Forecast for DAY 2,The weather forecasts call for between 12 and 20 hours of sunlight tomorrow.,67,2026-02-01 11:09:07.269851,NG,2.21,2.19,2.23,800000.0,800000.0,0,0,0,0,0
3.0,1.0,1.0,,You are logged in as a PRODUCER,,67,2026-02-01 11:09:07.269851,ELEC-day2,0.0,0.0,0.0,,,0,0,0,0,0
2.0,1.0,1.0,,FINES,"The fine for open positions of ELEC-dayX at the end of the day is $20,000/contract.",67,2026-02-01 11:09:07.269851,ELEC-day3,0.0,0.0,0.0,,,0,0,0,0,0
1.0,1.0,1.0,,Welcome to the RITC2026 GBE Energy Electricity Trading Case - practice server,,67,2026-02-01 11:09:07.269851,ELEC-day4,0.0,0.0,0.0,,,0,0,0,0,0
,,,,,,67,2026-02-01 11:09:07.269851,ELEC-day5,0.0,0.0,0.0,,,0,0,0,0,0
,,,,,,67,2026-02-01 11:09:07.269851,ELEC-day6,0.0,0.0,0.0,,,0,0,0,0,0
,,,,,,67,2026-02-01 11:09:07.269851,ELEC-F,0.0,0.0,0.0,,,0,0,0,0,0
4.0,1.0,1.0,,SUNLIGHT Forecast for DAY 2,The weather forecasts call for between 12 and 20 hours of sunlight tomorrow.,68,2026-02-01 11:09:08.305014,NG,2.21,2.19,2.23,800000.0,800000.0,0,0,0,0,0
3.0,1.0,1.0,,You are logged in as a PRODUCER,,68,2026-02-01 11:09:08.305014,ELEC-day2,0.0,0.0,0.0,,,0,0,0,0,0
2.0,1.0,1.0,,FINES,"The fine for open positions of ELEC-dayX at the end of the day is $20,000/contract.",68,2026-02-01 11:09:08.305014,ELEC-day3,0.0,0.0,0.0,,,0,0,0,0,0
1.0,1.0,1.0,,Welcome to the RITC2026 GBE Energy Electricity Trading Case - practice server,,68,2026-02-01 11:09:08.305014,ELEC-day4,0.0,0.0,0.0,,,0,0,0,0,0
,,,,,,68,2026-02-01 11:09:08.305014,ELEC-day5,0.0,0.0,0.0,,,0,0,0,0,0
,,,,,,68,2026-02-01 11:09:08.305014,ELEC-day6,0.0,0.0,0.0,,,0,0,0,0,0
,,,,,,68,2026-02-01 11:09:08.305014,ELEC-F,0.0,0.0,0.0,,,0,0,0,0,0
4.0,1.0,1.0,,SUNLIGHT Forecast for DAY 2,The weather forecasts call for between 12 and 20 hours of sunlight tomorrow.,69,2026-02-01 11:09:09.326188,NG,2.2,2.18,2.22,800000.0,800000.0,0,0,0,0,0
3.0,1.0,1.0,,You are logged in as a PRODUCER,,69,2026-02-01 11:09:09.326188,ELEC-day2,0.0,0.0,0.0,,,0,0,0,0,0
2.0,1.0,1.0,,FINES,"The fine for open positions of ELEC-dayX at the end of the day is $20,000/contract.",69,2026-02-01 11:09:09.326188,ELEC-day3,0.0,0.0,0.0,,,0,0,0,0,0
1.0,1.0,1.0,,Welcome to the RITC2026 GBE Energy Electricity Trading Case - practice server,,69,2026-02-01 11:09:09.326188,ELEC-day4,0.0,0.0,0.0,,,0,0,0,0,0
,,,,,,69,2026-02-01 11:09:09.326188,ELEC-day5,0.0,0.0,0.0,,,0,0,0,0,0
,,,,,,69,2026-02-01 11:09:09.326188,ELEC-day6,0.0,0.0,0.0,,,0,0,0,0,0
,,,,,,69,2026-02-01 11:09:09.326188,ELEC-F,0.0,0.0,0.0,,,0,0,0,0,0
4.0,1.0,1.0,,SUNLIGHT Forecast for DAY 2,The weather forecasts call for between 12 and 20 hours of sunlight tomorrow.,70,2026-02-01 11:09:10.349093,NG,2.2,2.18,2.22,800000.0,800000.0,0,0,0,0,0
3.0,1.0,1.0,,You are logged in as a PRODUCER,,70,2026-02-01 11:09:10.349093,ELEC-day2,0.0,0.0,0.0,,,0,0,0,0,0
2.0,1.0,1.0,,FINES,"The fine for open positions of ELEC-dayX at the end of the day is $20,000/contract.",70,2026-02-01 11:09:10.349093,ELEC-day3,0.0,0.0,0.0,,,0,0,0,0,0
1.0,1.0,1.0,,Welcome to the RITC2026 GBE Energy Electricity Trading Case - practice server,,70,2026-02-01 11:09:10.349093,ELEC-day4,0.0,0.0,0.0,,,0,0,0,0,0
,,,,,,70,2026-02-01 11:09:10.349093,ELEC-day5,0.0,0.0,0.0,,,0,0,0,0,0
,,,,,,70,2026-02-01 11:09:10.349093,ELEC-day6,0.0,0.0,0.0,,,0,0,0,0,0
,,,,,,70,2026-02-01 11:09:10.349093,ELEC-F,0.0,0.0,0.0,,,0,0,0,0,0
4.0,1.0,1.0,,SUNLIGHT Forecast for DAY 2,The weather forecasts call for between 12 and 20 hours of sunlight tomorrow.,71,2026-02-01 11:09:11.374657,NG,2.2,2.18,2.22,800000.0,800000.0,0,0,0,0,0
3.0,1.0,1.0,,You are logged in as a PRODUCER,,71,2026-02-01 11:09:11.374657,ELEC-day2,0.0,0.0,0.0,,,0,0,0,0,0
2.0,1.0,1.0,,FINES,"The fine for open positions of ELEC-dayX at the end of the day is $20,000/contract.",71,2026-02-01 11:09:11.374657,ELEC-day3,0.0,0.0,0.0,,,0,0,0,0,0
1.0,1.0,1.0,,Welcome to the RITC2026 GBE Energy Electricity Trading Case - practice server,,71,2026-02-01 11:09:11.374657,ELEC-day4,0.0,0.0,0.0,,,0,0,0,0,0
,,,,,,71,2026-02-01 11:09:11.374657,ELEC-day5,0.0,0.0,0.0,,,0,0,0,0,0
,,,,,,71,2026-02-01 11:09:11.374657,ELEC-day6,0.0,0.0,0.0,,,0,0,0,0,0
,,,,,,71,2026-02-01 11:09:11.374657,ELEC-F,0.0,0.0,0.0,,,0,0,0,0,0
4.0,1.0,1.0,,SUNLIGHT Forecast for DAY 2,The weather forecasts call for between 12 and 20 hours of sunlight tomorrow.,72,2026-02-01 11:09:12.411148,NG,2.2,2.18,2.22,800000.0,800000.0,0,0,0,0,0
3.0,1.0,1.0,,You are logged in as a PRODUCER,,72,2026-02-01 11:09:12.411148,ELEC-day2,0.0,0.0,0.0,,,0,0,0,0,0
2.0,1.0,1.0,,FINES,"The fine for open positions of ELEC-dayX at the end of the day is $20,000/contract.",72,2026-02-01 11:09:12.411148,ELEC-day3,0.0,0.0,0.0,,,0,0,0,0,0
1.0,1.0,1.0,,Welcome to the RITC2026 GBE Energy Electricity Trading Case - practice server,,72,2026-02-01 11:09:12.411148,ELEC-day4,0.0,0.0,0.0,,,0,0,0,0,0
,,,,,,72,2026-02-01 11:09:12.411148,ELEC-day5,0.0,0.0,0.0,,,0,0,0,0,0
,,,,,,72,2026-02-01 11:09:12.411148,ELEC-day6,0.0,0.0,0.0,,,0,0,0,0,0
,,,,,,72,2026-02-01 11:09:12.411148,ELEC-F,0.0,0.0,0.0,,,0,0,0,0,0
4.0,1.0,1.0,,SUNLIGHT Forecast for DAY 2,The weather forecasts call for between 12 and 20 hours of sunlight tomorrow.,73,2026-02-01 11:09:13.432121,NG,2.2,2.18,2.22,800000.0,800000.0,0,0,0,0,0
3.0,1.0,1.0,,You are logged in as a PRODUCER,,73,2026-02-01 11:09:13.432121,ELEC-day2,0.0,0.0,0.0,,,0,0,0,0,0
2.0,1.0,1.0,,FINES,"The fine for open positions of ELEC-dayX at the end of the day is $20,000/contract.",73,2026-02-01 11:09:13.432121,ELEC-day3,0.0,0.0,0.0,,,0,0,0,0,0
1.0,1.0,1.0,,Welcome to the RITC2026 GBE Energy Electricity Trading Case - practice server,,73,2026-02-01 11:09:13.432121,ELEC-day4,0.0,0.0,0.0,,,0,0,0,0,0
,,,,,,73,2026-02-01 11:09:13.432121,ELEC-day5,0.0,0.0,0.0,,,0,0,0,0,0
,,,,,,73,2026-02-01 11:09:13.432121,ELEC-day6,0.0,0.0,0.0,,,0,0,0,0,0
,,,,,,73,2026-02-01 11:09:13.432121,ELEC-F,0.0,0.0,0.0,,,0,0,0,0,0
4.0,1.0,1.0,,SUNLIGHT Forecast for DAY 2,The weather forecasts call for between 12 and 20 hours of sunlight tomorrow.,74,2026-02-01 11:09:14.455033,NG,2.2,2.18,2.22,800000.0,800000.0,0,0,0,0,0
3.0,1.0,1.0,,You are logged in as a PRODUCER,,74,2026-02-01 11:09:14.455033,ELEC-day2,0.0,0.0,0.0,,,0,0,0,0,0
2.0,1.0,1.0,,FINES,"The fine for open positions of ELEC-dayX at the end of the day is $20,000/contract.",74,2026-02-01 11:09:14.455033,ELEC-day3,0.0,0.0,0.0,,,0,0,0,0,0
1.0,1.0,1.0,,Welcome to the RITC2026 GBE Energy Electricity Trading Case - practice server,,74,2026-02-01 11:09:14.455033,ELEC-day4,0.0,0.0,0.0,,,0,0,0,0,0
,,,,,,74,2026-02-01 11:09:14.455033,ELEC-day5,0.0,0.0,0.0,,,0,0,0,0,0
,,,,,,74,2026-02-01 11:09:14.455033,ELEC-day6,0.0,0.0,0.0,,,0,0,0,0,0
,,,,,,74,2026-02-01 11:09:14.455033,ELEC-F,0.0,0.0,0.0,,,0,0,0,0,0
4.0,1.0,1.0,,SUNLIGHT Forecast for DAY 2,The weather forecasts call for between 12 and 20 hours of sunlight tomorrow.,75,2026-02-01 11:09:15.489310,NG,2.21,2.19,2.23,800000.0,800000.0,0,0,0,0,0
3.0,1.0,1.0,,You are logged in as a PRODUCER,,75,2026-02-01 11:09:15.489310,ELEC-day2,0.0,0.0,0.0,,,0,0,0,0,0
2.0,1.0,1.0,,FINES,"The fine for open positions of ELEC-dayX at the end of the day is $20,000/contract.",75,2026-02-01 11:09:15.489310,ELEC-day3,0.0,0.0,0.0,,,0,0,0,0,0
1.0,1.0,1.0,,Welcome to the RITC2026 GBE Energy Electricity Trading Case - practice server,,75,2026-02-01 11:09:15.489310,ELEC-day4,0.0,0.0,0.0,,,0,0,0,0,0
,,,,,,75,2026-02-01 11:09:15.489310,ELEC-day5,0.0,0.0,0.0,,,0,0,0,0,0
,,,,,,75,2026-02-01 11:09:15.489310,ELEC-day6,0.0,0.0,0.0,,,0,0,0,0,0
,,,,,,75,2026-02-01 11:09:15.489310,ELEC-F,0.0,0.0,0.0,,,0,0,0,0,0
4.0,1.0,1.0,,SUNLIGHT Forecast for DAY 2,The weather forecasts call for between 12 and 20 hours of sunlight tomorrow.,76,2026-02-01 11:09:16.521923,NG,2.21,2.19,2.23,800000.0,800000.0,0,0,0,0,0
3.0,1.0,1.0,,You are logged in as a PRODUCER,,76,2026-02-01 11:09:16.521923,ELEC-day2,0.0,0.0,0.0,,,0,0,0,0,0
2.0,1.0,1.0,,FINES,"The fine for open positions of ELEC-dayX at the end of the day is $20,000/contract.",76,2026-02-01 11:09:16.521923,ELEC-day3,0.0,0.0,0.0,,,0,0,0,0,0
1.0,1.0,1.0,,Welcome to the RITC2026 GBE Energy Electricity Trading Case - practice server,,76,2026-02-01 11:09:16.521923,ELEC-day4,0.0,0.0,0.0,,,0,0,0,0,0
,,,,,,76,2026-02-01 11:09:16.521923,ELEC-day5,0.0,0.0,0.0,,,0,0,0,0,0
,,,,,,76,2026-02-01 11:09:16.521923,ELEC-day6,0.0,0.0,0.0,,,0,0,0,0,0
,,,,,,76,2026-02-01 11:09:16.521923,ELEC-F,0.0,0.0,0.0,,,0,0,0,0,0
4.0,1.0,1.0,,SUNLIGHT Forecast for DAY 2,The weather forecasts call for between 12 and 20 hours of sunlight tomorrow.,77,2026-02-01 11:09:17.547719,NG,2.2,2.18,2.22,800000.0,800000.0,0,0,0,0,0
3.0,1.0,1.0,,You are logged in as a PRODUCER,,77,2026-02-01 11:09:17.547719,ELEC-day2,0.0,0.0,0.0,,,0,0,0,0,0
2.0,1.0,1.0,,FINES,"The fine for open positions of ELEC-dayX at the end of the day is $20,000/contract.",77,2026-02-01 11:09:17.547719,ELEC-day3,0.0,0.0,0.0,,,0,0,0,0,0
1.0,1.0,1.0,,Welcome to the RITC2026 GBE Energy Electricity Trading Case - practice server,,77,2026-02-01 11:09:17.547719,ELEC-day4,0.0,0.0,0.0,,,0,0,0,0,0
,,,,,,77,2026-02-01 11:09:17.547719,ELEC-day5,0.0,0.0,0.0,,,0,0,0,0,0
,,,,,,77,2026-02-01 11:09:17.547719,ELEC-day6,0.0,0.0,0.0,,,0,0,0,0,0
,,,,,,77,2026-02-01 11:09:17.547719,ELEC-F,0.0,0.0,0.0,,,0,0,0,0,0
4.0,1.0,1.0,,SUNLIGHT Forecast for DAY 2,The weather forecasts call for between 12 and 20 hours of sunlight tomorrow.,78,2026-02-01 11:09:18.596839,NG,2.21,2.19,2.23,800000.0,800000.0,0,0,0,0,0
3.0,1.0,1.0,,You are logged in as a PRODUCER,,78,2026-02-01 11:09:18.596839,ELEC-day2,0.0,0.0,0.0,,,0,0,0,0,0
2.0,1.0,1.0,,FINES,"The fine for open positions of ELEC-dayX at the end of the day is $20,000/contract.",78,2026-02-01 11:09:18.596839,ELEC-day3,0.0,0.0,0.0,,,0,0,0,0,0
1.0,1.0,1.0,,Welcome to the RITC2026 GBE Energy Electricity Trading Case - practice server,,78,2026-02-01 11:09:18.596839,ELEC-day4,0.0,0.0,0.0,,,0,0,0,0,0
,,,,,,78,2026-02-01 11:09:18.596839,ELEC-day5,0.0,0.0,0.0,,,0,0,0,0,0
,,,,,,78,2026-02-01 11:09:18.596839,ELEC-day6,0.0,0.0,0.0,,,0,0,0,0,0
,,,,,,78,2026-02-01 11:09:18.596839,ELEC-F,0.0,0.0,0.0,,,0,0,0,0,0
4.0,1.0,1.0,,SUNLIGHT Forecast for DAY 2,The weather forecasts call for between 12 and 20 hours of sunlight tomorrow.,79,2026-02-01 11:09:19.630907,NG,2.21,2.19,2.23,800000.0,800000.0,0,0,0,0,0
3.0,1.0,1.0,,You are logged in as a PRODUCER,,79,2026-02-01 11:09:19.630907,ELEC-day2,0.0,0.0,0.0,,,0,0,0,0,0
2.0,1.0,1.0,,FINES,"The fine for open positions of ELEC-dayX at the end of the day is $20,000/contract.",79,2026-02-01 11:09:19.630907,ELEC-day3,0.0,0.0,0.0,,,0,0,0,0,0
1.0,1.0,1.0,,Welcome to the RITC2026 GBE Energy Electricity Trading Case - practice server,,79,2026-02-01 11:09:19.630907,ELEC-day4,0.0,0.0,0.0,,,0,0,0,0,0
,,,,,,79,2026-02-01 11:09:19.630907,ELEC-day5,0.0,0.0,0.0,,,0,0,0,0,0
,,,,,,79,2026-02-01 11:09:19.630907,ELEC-day6,0.0,0.0,0.0,,,0,0,0,0,0
,,,,,,79,2026-02-01 11:09:19.630907,ELEC-F,0.0,0.0,0.0,,,0,0,0,0,0
4.0,1.0,1.0,,SUNLIGHT Forecast for DAY 2,The weather forecasts call for between 12 and 20 hours of sunlight tomorrow.,80,2026-02-01 11:09:20.667127,NG,2.2,2.18,2.22,800000.0,800000.0,0,0,0,0,0
3.0,1.0,1.0,,You are logged in as a PRODUCER,,80,2026-02-01 11:09:20.667127,ELEC-day2,0.0,0.0,0.0,,,0,0,0,0,0
2.0,1.0,1.0,,FINES,"The fine for open positions of ELEC-dayX at the end of the day is $20,000/contract.",80,2026-02-01 11:09:20.667127,ELEC-day3,0.0,0.0,0.0,,,0,0,0,0,0
1.0,1.0,1.0,,Welcome to the RITC2026 GBE Energy Electricity Trading Case - practice server,,80,2026-02-01 11:09:20.667127,ELEC-day4,0.0,0.0,0.0,,,0,0,0,0,0
,,,,,,80,2026-02-01 11:09:20.667127,ELEC-day5,0.0,0.0,0.0,,,0,0,0,0,0
,,,,,,80,2026-02-01 11:09:20.667127,ELEC-day6,0.0,0.0,0.0,,,0,0,0,0,0
,,,,,,80,2026-02-01 11:09:20.667127,ELEC-F,0.0,0.0,0.0,,,0,0,0,0,0
4.0,1.0,1.0,,SUNLIGHT Forecast for DAY 2,The weather forecasts call for between 12 and 20 hours of sunlight tomorrow.,81,2026-02-01 11:09:21.702902,NG,2.2,2.18,2.22,800000.0,800000.0,0,0,0,0,0
3.0,1.0,1.0,,You are logged in as a PRODUCER,,81,2026-02-01 11:09:21.702902,ELEC-day2,0.0,0.0,0.0,,,0,0,0,0,0
2.0,1.0,1.0,,FINES,"The fine for open positions of ELEC-dayX at the end of the day is $20,000/contract.",81,2026-02-01 11:09:21.702902,ELEC-day3,0.0,0.0,0.0,,,0,0,0,0,0
1.0,1.0,1.0,,Welcome to the RITC2026 GBE Energy Electricity Trading Case - practice server,,81,2026-02-01 11:09:21.702902,ELEC-day4,0.0,0.0,0.0,,,0,0,0,0,0
,,,,,,81,2026-02-01 11:09:21.702902,ELEC-day5,0.0,0.0,0.0,,,0,0,0,0,0
,,,,,,81,2026-02-01 11:09:21.702902,ELEC-day6,0.0,0.0,0.0,,,0,0,0,0,0
,,,,,,81,2026-02-01 11:09:21.702902,ELEC-F,0.0,0.0,0.0,,,0,0,0,0,0
4.0,1.0,1.0,,SUNLIGHT Forecast for DAY 2,The weather forecasts call for between 12 and 20 hours of sunlight tomorrow.,82,2026-02-01 11:09:22.739361,NG,2.2,2.18,2.22,800000.0,800000.0,0,0,0,0,0
3.0,1.0,1.0,,You are logged in as a PRODUCER,,82,2026-02-01 11:09:22.739361,ELEC-day2,0.0,0.0,0.0,,,0,0,0,0,0
2.0,1.0,1.0,,FINES,"The fine for open positions of ELEC-dayX at the end of the day is $20,000/contract.",82,2026-02-01 11:09:22.739361,ELEC-day3,0.0,0.0,0.0,,,0,0,0,0,0
1.0,1.0,1.0,,Welcome to the RITC2026 GBE Energy Electricity Trading Case - practice server,,82,2026-02-01 11:09:22.739361,ELEC-day4,0.0,0.0,0.0,,,0,0,0,0,0
,,,,,,82,2026-02-01 11:09:22.739361,ELEC-day5,0.0,0.0,0.0,,,0,0,0,0,0
,,,,,,82,2026-02-01 11:09:22.739361,ELEC-day6,0.0,0.0,0.0,,,0,0,0,0,0
,,,,,,82,2026-02-01 11:09:22.739361,ELEC-F,0.0,0.0,0.0,,,0,0,0,0,0
4.0,1.0,1.0,,SUNLIGHT Forecast for DAY 2,The weather forecasts call for between 12 and 20 hours of sunlight tomorrow.,83,2026-02-01 11:09:23.771522,NG,2.2,2.18,2.22,800000.0,800000.0,0,0,0,0,0
3.0,1.0,1.0,,You are logged in as a PRODUCER,,83,2026-02-01 11:09:23.771522,ELEC-day2,0.0,0.0,0.0,,,0,0,0,0,0
2.0,1.0,1.0,,FINES,"The fine for open positions of ELEC-dayX at the end of the day is $20,000/contract.",83,2026-02-01 11:09:23.771522,ELEC-day3,0.0,0.0,0.0,,,0,0,0,0,0
1.0,1.0,1.0,,Welcome to the RITC2026 GBE Energy Electricity Trading Case - practice server,,83,2026-02-01 11:09:23.771522,ELEC-day4,0.0,0.0,0.0,,,0,0,0,0,0
,,,,,,83,2026-02-01 11:09:23.771522,ELEC-day5,0.0,0.0,0.0,,,0,0,0,0,0
,,,,,,83,2026-02-01 11:09:23.771522,ELEC-day6,0.0,0.0,0.0,,,0,0,0,0,0
,,,,,,83,2026-02-01 11:09:23.771522,ELEC-F,0.0,0.0,0.0,,,0,0,0,0,0
4.0,1.0,1.0,,SUNLIGHT Forecast for DAY 2,The weather forecasts call for between 12 and 20 hours of sunlight tomorrow.,84,2026-02-01 11:09:24.797415,NG,2.2,2.18,2.22,800000.0,800000.0,0,0,0,0,0
3.0,1.0,1.0,,You are logged in as a PRODUCER,,84,2026-02-01 11:09:24.797415,ELEC-day2,0.0,0.0,0.0,,,0,0,0,0,0
2.0,1.0,1.0,,FINES,"The fine for open positions of ELEC-dayX at the end of the day is $20,000/contract.",84,2026-02-01 11:09:24.797415,ELEC-day3,0.0,0.0,0.0,,,0,0,0,0,0
1.0,1.0,1.0,,Welcome to the RITC2026 GBE Energy Electricity Trading Case - practice server,,84,2026-02-01 11:09:24.797415,ELEC-day4,0.0,0.0,0.0,,,0,0,0,0,0
,,,,,,84,2026-02-01 11:09:24.797415,ELEC-day5,0.0,0.0,0.0,,,0,0,0,0,0
,,,,,,84,2026-02-01 11:09:24.797415,ELEC-day6,0.0,0.0,0.0,,,0,0,0,0,0
,,,,,,84,2026-02-01 11:09:24.797415,ELEC-F,0.0,0.0,0.0,,,0,0,0,0,0
4.0,1.0,1.0,,SUNLIGHT Forecast for DAY 2,The weather forecasts call for between 12 and 20 hours of sunlight tomorrow.,85,2026-02-01 11:09:25.827307,NG,2.21,2.19,2.23,800000.0,800000.0,0,0,0,0,0
3.0,1.0,1.0,,You are logged in as a PRODUCER,,85,2026-02-01 11:09:25.827307,ELEC-day2,0.0,0.0,0.0,,,0,0,0,0,0
2.0,1.0,1.0,,FINES,"The fine for open positions of ELEC-dayX at the end of the day is $20,000/contract.",85,2026-02-01 11:09:25.827307,ELEC-day3,0.0,0.0,0.0,,,0,0,0,0,0
1.0,1.0,1.0,,Welcome to the RITC2026 GBE Energy Electricity Trading Case - practice server,,85,2026-02-01 11:09:25.827307,ELEC-day4,0.0,0.0,0.0,,,0,0,0,0,0
,,,,,,85,2026-02-01 11:09:25.827307,ELEC-day5,0.0,0.0,0.0,,,0,0,0,0,0
,,,,,,85,2026-02-01 11:09:25.827307,ELEC-day6,0.0,0.0,0.0,,,0,0,0,0,0
,,,,,,85,2026-02-01 11:09:25.827307,ELEC-F,0.0,0.0,0.0,,,0,0,0,0,0
4.0,1.0,1.0,,SUNLIGHT Forecast for DAY 2,The weather forecasts call for between 12 and 20 hours of sunlight tomorrow.,86,2026-02-01 11:09:26.854260,NG,2.22,2.2,2.24,800000.0,800000.0,0,0,0,0,0
3.0,1.0,1.0,,You are logged in as a PRODUCER,,86,2026-02-01 11:09:26.854260,ELEC-day2,0.0,0.0,0.0,,,0,0,0,0,0
2.0,1.0,1.0,,FINES,"The fine for open positions of ELEC-dayX at the end of the day is $20,000/contract.",86,2026-02-01 11:09:26.854260,ELEC-day3,0.0,0.0,0.0,,,0,0,0,0,0
1.0,1.0,1.0,,Welcome to the RITC2026 GBE Energy Electricity Trading Case - practice server,,86,2026-02-01 11:09:26.854260,ELEC-day4,0.0,0.0,0.0,,,0,0,0,0,0
,,,,,,86,2026-02-01 11:09:26.854260,ELEC-day5,0.0,0.0,0.0,,,0,0,0,0,0
,,,,,,86,2026-02-01 11:09:26.854260,ELEC-day6,0.0,0.0,0.0,,,0,0,0,0,0
,,,,,,86,2026-02-01 11:09:26.854260,ELEC-F,0.0,0.0,0.0,,,0,0,0,0,0
4.0,1.0,1.0,,SUNLIGHT Forecast for DAY 2,The weather forecasts call for between 12 and 20 hours of sunlight tomorrow.,87,2026-02-01 11:09:27.877230,NG,2.24,2.22,2.26,800000.0,800000.0,0,0,0,0,0
3.0,1.0,1.0,,You are logged in as a PRODUCER,,87,2026-02-01 11:09:27.877230,ELEC-day2,0.0,0.0,0.0,,,0,0,0,0,0
2.0,1.0,1.0,,FINES,"The fine for open positions of ELEC-dayX at the end of the day is $20,000/contract.",87,2026-02-01 11:09:27.877230,ELEC-day3,0.0,0.0,0.0,,,0,0,0,0,0
1.0,1.0,1.0,,Welcome to the RITC2026 GBE Energy Electricity Trading Case - practice server,,87,2026-02-01 11:09:27.877230,ELEC-day4,0.0,0.0,0.0,,,0,0,0,0,0
,,,,,,87,2026-02-01 11:09:27.877230,ELEC-day5,0.0,0.0,0.0,,,0,0,0,0,0
,,,,,,87,2026-02-01 11:09:27.877230,ELEC-day6,0.0,0.0,0.0,,,0,0,0,0,0
,,,,,,87,2026-02-01 11:09:27.877230,ELEC-F,0.0,0.0,0.0,,,0,0,0,0,0
4.0,1.0,1.0,,SUNLIGHT Forecast for DAY 2,The weather forecasts call for between 12 and 20 hours of sunlight tomorrow.,88,2026-02-01 11:09:28.903946,NG,2.24,2.22,2.26,800000.0,800000.0,0,0,0,0,0
3.0,1.0,1.0,,You are logged in as a PRODUCER,,88,2026-02-01 11:09:28.903946,ELEC-day2,0.0,0.0,0.0,,,0,0,0,0,0
2.0,1.0,1.0,,FINES,"The fine for open positions of ELEC-dayX at the end of the day is $20,000/contract.",88,2026-02-01 11:09:28.903946,ELEC-day3,0.0,0.0,0.0,,,0,0,0,0,0
1.0,1.0,1.0,,Welcome to the RITC2026 GBE Energy Electricity Trading Case - practice server,,88,2026-02-01 11:09:28.903946,ELEC-day4,0.0,0.0,0.0,,,0,0,0,0,0
,,,,,,88,2026-02-01 11:09:28.903946,ELEC-day5,0.0,0.0,0.0,,,0,0,0,0,0
,,,,,,88,2026-02-01 11:09:28.903946,ELEC-day6,0.0,0.0,0.0,,,0,0,0,0,0
,,,,,,88,2026-02-01 11:09:28.903946,ELEC-F,0.0,0.0,0.0,,,0,0,0,0,0
4.0,1.0,1.0,,SUNLIGHT Forecast for DAY 2,The weather forecasts call for between 12 and 20 hours of sunlight tomorrow.,89,2026-02-01 11:09:29.927255,NG,2.24,2.22,2.26,800000.0,800000.0,0,0,0,0,0
3.0,1.0,1.0,,You are logged in as a PRODUCER,,89,2026-02-01 11:09:29.927255,ELEC-day2,0.0,0.0,0.0,,,0,0,0,0,0
2.0,1.0,1.0,,FINES,"The fine for open positions of ELEC-dayX at the end of the day is $20,000/contract.",89,2026-02-01 11:09:29.927255,ELEC-day3,0.0,0.0,0.0,,,0,0,0,0,0
1.0,1.0,1.0,,Welcome to the RITC2026 GBE Energy Electricity Trading Case - practice server,,89,2026-02-01 11:09:29.927255,ELEC-day4,0.0,0.0,0.0,,,0,0,0,0,0
,,,,,,89,2026-02-01 11:09:29.927255,ELEC-day5,0.0,0.0,0.0,,,0,0,0,0,0
,,,,,,89,2026-02-01 11:09:29.927255,ELEC-day6,0.0,0.0,0.0,,,0,0,0,0,0
,,,,,,89,2026-02-01 11:09:29.927255,ELEC-F,0.0,0.0,0.0,,,0,0,0,0,0
5.0,1.0,89.0,,SUNLIGHT Forecast for DAY 2,The weather forecasts call for between 11 and 15 hours of sunlight tomorrow.,90,2026-02-01 11:09:30.949394,NG,2.24,2.22,2.26,800000.0,800000.0,0,0,0,0,0
4.0,1.0,1.0,,SUNLIGHT Forecast for DAY 2,The weather forecasts call for between 12 and 20 hours of sunlight tomorrow.,90,2026-02-01 11:09:30.949394,ELEC-day2,0.0,0.0,0.0,,,0,0,0,0,0
3.0,1.0,1.0,,You are logged in as a PRODUCER,,90,2026-02-01 11:09:30.949394,ELEC-day3,0.0,0.0,0.0,,,0,0,0,0,0
2.0,1.0,1.0,,FINES,"The fine for open positions of ELEC-dayX at the end of the day is $20,000/contract.",90,2026-02-01 11:09:30.949394,ELEC-day4,0.0,0.0,0.0,,,0,0,0,0,0
1.0,1.0,1.0,,Welcome to the RITC2026 GBE Energy Electricity Trading Case - practice server,,90,2026-02-01 11:09:30.949394,ELEC-day5,0.0,0.0,0.0,,,0,0,0,0,0
,,,,,,90,2026-02-01 11:09:30.949394,ELEC-day6,0.0,0.0,0.0,,,0,0,0,0,0
,,,,,,90,2026-02-01 11:09:30.949394,ELEC-F,0.0,0.0,0.0,,,0,0,0,0,0
5.0,1.0,89.0,,SUNLIGHT Forecast for DAY 2,The weather forecasts call for between 11 and 15 hours of sunlight tomorrow.,91,2026-02-01 11:09:31.978766,NG,2.24,2.22,2.26,800000.0,800000.0,0,0,0,0,0
4.0,1.0,1.0,,SUNLIGHT Forecast for DAY 2,The weather forecasts call for between 12 and 20 hours of sunlight tomorrow.,91,2026-02-01 11:09:31.978766,ELEC-day2,0.0,0.0,0.0,,,0,0,0,0,0
3.0,1.0,1.0,,You are logged in as a PRODUCER,,91,2026-02-01 11:09:31.978766,ELEC-day3,0.0,0.0,0.0,,,0,0,0,0,0
2.0,1.0,1.0,,FINES,"The fine for open positions of ELEC-dayX at the end of the day is $20,000/contract.",91,2026-02-01 11:09:31.978766,ELEC-day4,0.0,0.0,0.0,,,0,0,0,0,0
1.0,1.0,1.0,,Welcome to the RITC2026 GBE Energy Electricity Trading Case - practice server,,91,2026-02-01 11:09:31.978766,ELEC-day5,0.0,0.0,0.0,,,0,0,0,0,0
,,,,,,91,2026-02-01 11:09:31.978766,ELEC-day6,0.0,0.0,0.0,,,0,0,0,0,0
,,,,,,91,2026-02-01 11:09:31.978766,ELEC-F,0.0,0.0,0.0,,,0,0,0,0,0
5.0,1.0,89.0,,SUNLIGHT Forecast for DAY 2,The weather forecasts call for between 11 and 15 hours of sunlight tomorrow.,92,2026-02-01 11:09:33.007145,NG,2.24,2.22,2.26,800000.0,800000.0,0,0,0,0,0
4.0,1.0,1.0,,SUNLIGHT Forecast for DAY 2,The weather forecasts call for between 12 and 20 hours of sunlight tomorrow.,92,2026-02-01 11:09:33.007145,ELEC-day2,0.0,0.0,0.0,,,0,0,0,0,0
3.0,1.0,1.0,,You are logged in as a PRODUCER,,92,2026-02-01 11:09:33.007145,ELEC-day3,0.0,0.0,0.0,,,0,0,0,0,0
2.0,1.0,1.0,,FINES,"The fine for open positions of ELEC-dayX at the end of the day is $20,000/contract.",92,2026-02-01 11:09:33.007145,ELEC-day4,0.0,0.0,0.0,,,0,0,0,0,0
1.0,1.0,1.0,,Welcome to the RITC2026 GBE Energy Electricity Trading Case - practice server,,92,2026-02-01 11:09:33.007145,ELEC-day5,0.0,0.0,0.0,,,0,0,0,0,0
,,,,,,92,2026-02-01 11:09:33.007145,ELEC-day6,0.0,0.0,0.0,,,0,0,0,0,0
,,,,,,92,2026-02-01 11:09:33.007145,ELEC-F,0.0,0.0,0.0,,,0,0,0,0,0
5.0,1.0,89.0,,SUNLIGHT Forecast for DAY 2,The weather forecasts call for between 11 and 15 hours of sunlight tomorrow.,93,2026-02-01 11:09:34.032067,NG,2.23,2.21,2.25,800000.0,800000.0,0,0,0,0,0
4.0,1.0,1.0,,SUNLIGHT Forecast for DAY 2,The weather forecasts call for between 12 and 20 hours of sunlight tomorrow.,93,2026-02-01 11:09:34.032067,ELEC-day2,0.0,0.0,0.0,,,0,0,0,0,0
3.0,1.0,1.0,,You are logged in as a PRODUCER,,93,2026-02-01 11:09:34.032067,ELEC-day3,0.0,0.0,0.0,,,0,0,0,0,0
2.0,1.0,1.0,,FINES,"The fine for open positions of ELEC-dayX at the end of the day is $20,000/contract.",93,2026-02-01 11:09:34.032067,ELEC-day4,0.0,0.0,0.0,,,0,0,0,0,0
1.0,1.0,1.0,,Welcome to the RITC2026 GBE Energy Electricity Trading Case - practice server,,93,2026-02-01 11:09:34.032067,ELEC-day5,0.0,0.0,0.0,,,0,0,0,0,0
,,,,,,93,2026-02-01 11:09:34.032067,ELEC-day6,0.0,0.0,0.0,,,0,0,0,0,0
,,,,,,93,2026-02-01 11:09:34.032067,ELEC-F,0.0,0.0,0.0,,,0,0,0,0,0
5.0,1.0,89.0,,SUNLIGHT Forecast for DAY 2,The weather forecasts call for between 11 and 15 hours of sunlight tomorrow.,94,2026-02-01 11:09:35.056751,NG,2.24,2.22,2.26,800000.0,800000.0,0,0,0,0,0
4.0,1.0,1.0,,SUNLIGHT Forecast for DAY 2,The weather forecasts call for between 12 and 20 hours of sunlight tomorrow.,94,2026-02-01 11:09:35.056751,ELEC-day2,0.0,0.0,0.0,,,0,0,0,0,0
3.0,1.0,1.0,,You are logged in as a PRODUCER,,94,2026-02-01 11:09:35.056751,ELEC-day3,0.0,0.0,0.0,,,0,0,0,0,0
2.0,1.0,1.0,,FINES,"The fine for open positions of ELEC-dayX at the end of the day is $20,000/contract.",94,2026-02-01 11:09:35.056751,ELEC-day4,0.0,0.0,0.0,,,0,0,0,0,0
1.0,1.0,1.0,,Welcome to the RITC2026 GBE Energy Electricity Trading Case - practice server,,94,2026-02-01 11:09:35.056751,ELEC-day5,0.0,0.0,0.0,,,0,0,0,0,0
,,,,,,94,2026-02-01 11:09:35.056751,ELEC-day6,0.0,0.0,0.0,,,0,0,0,0,0
,,,,,,94,2026-02-01 11:09:35.056751,ELEC-F,0.0,0.0,0.0,,,0,0,0,0,0
5.0,1.0,89.0,,SUNLIGHT Forecast for DAY 2,The weather forecasts call for between 11 and 15 hours of sunlight tomorrow.,95,2026-02-01 11:09:36.085779,NG,2.24,2.22,2.26,800000.0,800000.0,0,0,0,0,0
4.0,1.0,1.0,,SUNLIGHT Forecast for DAY 2,The weather forecasts call for between 12 and 20 hours of sunlight tomorrow.,95,2026-02-01 11:09:36.085779,ELEC-day2,0.0,0.0,0.0,,,0,0,0,0,0
3.0,1.0,1.0,,You are logged in as a PRODUCER,,95,2026-02-01 11:09:36.085779,ELEC-day3,0.0,0.0,0.0,,,0,0,0,0,0
2.0,1.0,1.0,,FINES,"The fine for open positions of ELEC-dayX at the end of the day is $20,000/contract.",95,2026-02-01 11:09:36.085779,ELEC-day4,0.0,0.0,0.0,,,0,0,0,0,0
1.0,1.0,1.0,,Welcome to the RITC2026 GBE Energy Electricity Trading Case - practice server,,95,2026-02-01 11:09:36.085779,ELEC-day5,0.0,0.0,0.0,,,0,0,0,0,0
,,,,,,95,2026-02-01 11:09:36.085779,ELEC-day6,0.0,0.0,0.0,,,0,0,0,0,0
,,,,,,95,2026-02-01 11:09:36.085779,ELEC-F,0.0,0.0,0.0,,,0,0,0,0,0
5.0,1.0,89.0,,SUNLIGHT Forecast for DAY 2,The weather forecasts call for between 11 and 15 hours of sunlight tomorrow.,96,2026-02-01 11:09:37.127169,NG,2.24,2.22,2.26,800000.0,800000.0,0,0,0,0,0
4.0,1.0,1.0,,SUNLIGHT Forecast for DAY 2,The weather forecasts call for between 12 and 20 hours of sunlight tomorrow.,96,2026-02-01 11:09:37.127169,ELEC-day2,0.0,0.0,0.0,,,0,0,0,0,0
3.0,1.0,1.0,,You are logged in as a PRODUCER,,96,2026-02-01 11:09:37.127169,ELEC-day3,0.0,0.0,0.0,,,0,0,0,0,0
2.0,1.0,1.0,,FINES,"The fine for open positions of ELEC-dayX at the end of the day is $20,000/contract.",96,2026-02-01 11:09:37.127169,ELEC-day4,0.0,0.0,0.0,,,0,0,0,0,0
1.0,1.0,1.0,,Welcome to the RITC2026 GBE Energy Electricity Trading Case - practice server,,96,2026-02-01 11:09:37.127169,ELEC-day5,0.0,0.0,0.0,,,0,0,0,0,0
,,,,,,96,2026-02-01 11:09:37.127169,ELEC-day6,0.0,0.0,0.0,,,0,0,0,0,0
,,,,,,96,2026-02-01 11:09:37.127169,ELEC-F,0.0,0.0,0.0,,,0,0,0,0,0
5.0,1.0,89.0,,SUNLIGHT Forecast for DAY 2,The weather forecasts call for between 11 and 15 hours of sunlight tomorrow.,97,2026-02-01 11:09:38.157525,NG,2.24,2.22,2.26,800000.0,800000.0,0,0,0,0,0
4.0,1.0,1.0,,SUNLIGHT Forecast for DAY 2,The weather forecasts call for between 12 and 20 hours of sunlight tomorrow.,97,2026-02-01 11:09:38.157525,ELEC-day2,0.0,0.0,0.0,,,0,0,0,0,0
3.0,1.0,1.0,,You are logged in as a PRODUCER,,97,2026-02-01 11:09:38.157525,ELEC-day3,0.0,0.0,0.0,,,0,0,0,0,0
2.0,1.0,1.0,,FINES,"The fine for open positions of ELEC-dayX at the end of the day is $20,000/contract.",97,2026-02-01 11:09:38.157525,ELEC-day4,0.0,0.0,0.0,,,0,0,0,0,0
1.0,1.0,1.0,,Welcome to the RITC2026 GBE Energy Electricity Trading Case - practice server,,97,2026-02-01 11:09:38.157525,ELEC-day5,0.0,0.0,0.0,,,0,0,0,0,0
,,,,,,97,2026-02-01 11:09:38.157525,ELEC-day6,0.0,0.0,0.0,,,0,0,0,0,0
,,,,,,97,2026-02-01 11:09:38.157525,ELEC-F,0.0,0.0,0.0,,,0,0,0,0,0
5.0,1.0,89.0,,SUNLIGHT Forecast for DAY 2,The weather forecasts call for between 11 and 15 hours of sunlight tomorrow.,98,2026-02-01 11:09:39.186028,NG,2.25,2.23,2.27,800000.0,800000.0,0,0,0,0,0
4.0,1.0,1.0,,SUNLIGHT Forecast for DAY 2,The weather forecasts call for between 12 and 20 hours of sunlight tomorrow.,98,2026-02-01 11:09:39.186028,ELEC-day2,0.0,0.0,0.0,,,0,0,0,0,0
3.0,1.0,1.0,,You are logged in as a PRODUCER,,98,2026-02-01 11:09:39.186028,ELEC-day3,0.0,0.0,0.0,,,0,0,0,0,0
2.0,1.0,1.0,,FINES,"The fine for open positions of ELEC-dayX at the end of the day is $20,000/contract.",98,2026-02-01 11:09:39.186028,ELEC-day4,0.0,0.0,0.0,,,0,0,0,0,0
1.0,1.0,1.0,,Welcome to the RITC2026 GBE Energy Electricity Trading Case - practice server,,98,2026-02-01 11:09:39.186028,ELEC-day5,0.0,0.0,0.0,,,0,0,0,0,0
,,,,,,98,2026-02-01 11:09:39.186028,ELEC-day6,0.0,0.0,0.0,,,0,0,0,0,0
,,,,,,98,2026-02-01 11:09:39.186028,ELEC-F,0.0,0.0,0.0,,,0,0,0,0,0
5.0,1.0,89.0,,SUNLIGHT Forecast for DAY 2,The weather forecasts call for between 11 and 15 hours of sunlight tomorrow.,99,2026-02-01 11:09:40.203962,NG,2.26,2.24,2.28,800000.0,800000.0,0,0,0,0,0
4.0,1.0,1.0,,SUNLIGHT Forecast for DAY 2,The weather forecasts call for between 12 and 20 hours of sunlight tomorrow.,99,2026-02-01 11:09:40.203962,ELEC-day2,0.0,0.0,0.0,,,0,0,0,0,0
3.0,1.0,1.0,,You are logged in as a PRODUCER,,99,2026-02-01 11:09:40.203962,ELEC-day3,0.0,0.0,0.0,,,0,0,0,0,0
2.0,1.0,1.0,,FINES,"The fine for open positions of ELEC-dayX at the end of the day is $20,000/contract.",99,2026-02-01 11:09:40.203962,ELEC-day4,0.0,0.0,0.0,,,0,0,0,0,0
1.0,1.0,1.0,,Welcome to the RITC2026 GBE Energy Electricity Trading Case - practice server,,99,2026-02-01 11:09:40.203962,ELEC-day5,0.0,0.0,0.0,,,0,0,0,0,0
,,,,,,99,2026-02-01 11:09:40.203962,ELEC-day6,0.0,0.0,0.0,,,0,0,0,0,0
,,,,,,99,2026-02-01 11:09:40.203962,ELEC-F,0.0,0.0,0.0,,,0,0,0,0,0
5.0,1.0,89.0,,SUNLIGHT Forecast for DAY 2,The weather forecasts call for between 11 and 15 hours of sunlight tomorrow.,100,2026-02-01 11:09:41.237468,NG,2.25,2.23,2.27,800000.0,800000.0,0,0,0,0,0
4.0,1.0,1.0,,SUNLIGHT Forecast for DAY 2,The weather forecasts call for between 12 and 20 hours of sunlight tomorrow.,100,2026-02-01 11:09:41.237468,ELEC-day2,0.0,0.0,0.0,,,0,0,0,0,0
3.0,1.0,1.0,,You are logged in as a PRODUCER,,100,2026-02-01 11:09:41.237468,ELEC-day3,0.0,0.0,0.0,,,0,0,0,0,0
2.0,1.0,1.0,,FINES,"The fine for open positions of ELEC-dayX at the end of the day is $20,000/contract.",100,2026-02-01 11:09:41.237468,ELEC-day4,0.0,0.0,0.0,,,0,0,0,0,0
1.0,1.0,1.0,,Welcome to the RITC2026 GBE Energy Electricity Trading Case - practice server,,100,2026-02-01 11:09:41.237468,ELEC-day5,0.0,0.0,0.0,,,0,0,0,0,0
,,,,,,100,2026-02-01 11:09:41.237468,ELEC-day6,0.0,0.0,0.0,,,0,0,0,0,0
,,,,,,100,2026-02-01 11:09:41.237468,ELEC-F,0.0,0.0,0.0,,,0,0,0,0,0
5.0,1.0,89.0,,SUNLIGHT Forecast for DAY 2,The weather forecasts call for between 11 and 15 hours of sunlight tomorrow.,101,2026-02-01 11:09:42.267166,NG,2.26,2.24,2.28,800000.0,800000.0,0,0,0,0,0
4.0,1.0,1.0,,SUNLIGHT Forecast for DAY 2,The weather forecasts call for between 12 and 20 hours of sunlight tomorrow.,101,2026-02-01 11:09:42.267166,ELEC-day2,0.0,0.0,0.0,,,0,0,0,0,0
3.0,1.0,1.0,,You are logged in as a PRODUCER,,101,2026-02-01 11:09:42.267166,ELEC-day3,0.0,0.0,0.0,,,0,0,0,0,0
2.0,1.0,1.0,,FINES,"The fine for open positions of ELEC-dayX at the end of the day is $20,000/contract.",101,2026-02-01 11:09:42.267166,ELEC-day4,0.0,0.0,0.0,,,0,0,0,0,0
1.0,1.0,1.0,,Welcome to the RITC2026 GBE Energy Electricity Trading Case - practice server,,101,2026-02-01 11:09:42.267166,ELEC-day5,0.0,0.0,0.0,,,0,0,0,0,0
,,,,,,101,2026-02-01 11:09:42.267166,ELEC-day6,0.0,0.0,0.0,,,0,0,0,0,0
,,,,,,101,2026-02-01 11:09:42.267166,ELEC-F,0.0,0.0,0.0,,,0,0,0,0,0
5.0,1.0,89.0,,SUNLIGHT Forecast for DAY 2,The weather forecasts call for between 11 and 15 hours of sunlight tomorrow.,102,2026-02-01 11:09:43.297210,NG,2.25,2.23,2.27,800000.0,800000.0,0,0,0,0,0
4.0,1.0,1.0,,SUNLIGHT Forecast for DAY 2,The weather forecasts call for between 12 and 20 hours of sunlight tomorrow.,102,2026-02-01 11:09:43.297210,ELEC-day2,0.0,0.0,0.0,,,0,0,0,0,0
3.0,1.0,1.0,,You are logged in as a PRODUCER,,102,2026-02-01 11:09:43.297210,ELEC-day3,0.0,0.0,0.0,,,0,0,0,0,0
2.0,1.0,1.0,,FINES,"The fine for open positions of ELEC-dayX at the end of the day is $20,000/contract.",102,2026-02-01 11:09:43.297210,ELEC-day4,0.0,0.0,0.0,,,0,0,0,0,0
1.0,1.0,1.0,,Welcome to the RITC2026 GBE Energy Electricity Trading Case - practice server,,102,2026-02-01 11:09:43.297210,ELEC-day5,0.0,0.0,0.0,,,0,0,0,0,0
,,,,,,102,2026-02-01 11:09:43.297210,ELEC-day6,0.0,0.0,0.0,,,0,0,0,0,0
,,,,,,102,2026-02-01 11:09:43.297210,ELEC-F,0.0,0.0,0.0,,,0,0,0,0,0
5.0,1.0,89.0,,SUNLIGHT Forecast for DAY 2,The weather forecasts call for between 11 and 15 hours of sunlight tomorrow.,103,2026-02-01 11:09:44.337560,NG,2.24,2.22,2.26,800000.0,800000.0,0,0,0,0,0
4.0,1.0,1.0,,SUNLIGHT Forecast for DAY 2,The weather forecasts call for between 12 and 20 hours of sunlight tomorrow.,103,2026-02-01 11:09:44.337560,ELEC-day2,0.0,0.0,0.0,,,0,0,0,0,0
3.0,1.0,1.0,,You are logged in as a PRODUCER,,103,2026-02-01 11:09:44.337560,ELEC-day3,0.0,0.0,0.0,,,0,0,0,0,0
2.0,1.0,1.0,,FINES,"The fine for open positions of ELEC-dayX at the end of the day is $20,000/contract.",103,2026-02-01 11:09:44.337560,ELEC-day4,0.0,0.0,0.0,,,0,0,0,0,0
1.0,1.0,1.0,,Welcome to the RITC2026 GBE Energy Electricity Trading Case - practice server,,103,2026-02-01 11:09:44.337560,ELEC-day5,0.0,0.0,0.0,,,0,0,0,0,0
,,,,,,103,2026-02-01 11:09:44.337560,ELEC-day6,0.0,0.0,0.0,,,0,0,0,0,0
,,,,,,103,2026-02-01 11:09:44.337560,ELEC-F,0.0,0.0,0.0,,,0,0,0,0,0
5.0,1.0,89.0,,SUNLIGHT Forecast for DAY 2,The weather forecasts call for between 11 and 15 hours of sunlight tomorrow.,104,2026-02-01 11:09:45.372241,NG,2.24,2.22,2.26,800000.0,800000.0,0,0,0,0,0
4.0,1.0,1.0,,SUNLIGHT Forecast for DAY 2,The weather forecasts call for between 12 and 20 hours of sunlight tomorrow.,104,2026-02-01 11:09:45.372241,ELEC-day2,0.0,0.0,0.0,,,0,0,0,0,0
3.0,1.0,1.0,,You are logged in as a PRODUCER,,104,2026-02-01 11:09:45.372241,ELEC-day3,0.0,0.0,0.0,,,0,0,0,0,0
2.0,1.0,1.0,,FINES,"The fine for open positions of ELEC-dayX at the end of the day is $20,000/contract.",104,2026-02-01 11:09:45.372241,ELEC-day4,0.0,0.0,0.0,,,0,0,0,0,0
1.0,1.0,1.0,,Welcome to the RITC2026 GBE Energy Electricity Trading Case - practice server,,104,2026-02-01 11:09:45.372241,ELEC-day5,0.0,0.0,0.0,,,0,0,0,0,0
,,,,,,104,2026-02-01 11:09:45.372241,ELEC-day6,0.0,0.0,0.0,,,0,0,0,0,0
,,,,,,104,2026-02-01 11:09:45.372241,ELEC-F,0.0,0.0,0.0,,,0,0,0,0,0
5.0,1.0,89.0,,SUNLIGHT Forecast for DAY 2,The weather forecasts call for between 11 and 15 hours of sunlight tomorrow.,105,2026-02-01 11:09:46.401406,NG,2.25,2.23,2.27,800000.0,800000.0,0,0,0,0,0
4.0,1.0,1.0,,SUNLIGHT Forecast for DAY 2,The weather forecasts call for between 12 and 20 hours of sunlight tomorrow.,105,2026-02-01 11:09:46.401406,ELEC-day2,0.0,0.0,0.0,,,0,0,0,0,0
3.0,1.0,1.0,,You are logged in as a PRODUCER,,105,2026-02-01 11:09:46.401406,ELEC-day3,0.0,0.0,0.0,,,0,0,0,0,0
2.0,1.0,1.0,,FINES,"The fine for open positions of ELEC-dayX at the end of the day is $20,000/contract.",105,2026-02-01 11:09:46.401406,ELEC-day4,0.0,0.0,0.0,,,0,0,0,0,0
1.0,1.0,1.0,,Welcome to the RITC2026 GBE Energy Electricity Trading Case - practice server,,105,2026-02-01 11:09:46.401406,ELEC-day5,0.0,0.0,0.0,,,0,0,0,0,0
,,,,,,105,2026-02-01 11:09:46.401406,ELEC-day6,0.0,0.0,0.0,,,0,0,0,0,0
,,,,,,105,2026-02-01 11:09:46.401406,ELEC-F,0.0,0.0,0.0,,,0,0,0,0,0
5.0,1.0,89.0,,SUNLIGHT Forecast for DAY 2,The weather forecasts call for between 11 and 15 hours of sunlight tomorrow.,106,2026-02-01 11:09:47.427187,NG,2.25,2.23,2.27,800000.0,800000.0,0,0,0,0,0
4.0,1.0,1.0,,SUNLIGHT Forecast for DAY 2,The weather forecasts call for between 12 and 20 hours of sunlight tomorrow.,106,2026-02-01 11:09:47.427187,ELEC-day2,0.0,0.0,0.0,,,0,0,0,0,0
3.0,1.0,1.0,,You are logged in as a PRODUCER,,106,2026-02-01 11:09:47.427187,ELEC-day3,0.0,0.0,0.0,,,0,0,0,0,0
2.0,1.0,1.0,,FINES,"The fine for open positions of ELEC-dayX at the end of the day is $20,000/contract.",106,2026-02-01 11:09:47.427187,ELEC-day4,0.0,0.0,0.0,,,0,0,0,0,0
1.0,1.0,1.0,,Welcome to the RITC2026 GBE Energy Electricity Trading Case - practice server,,106,2026-02-01 11:09:47.427187,ELEC-day5,0.0,0.0,0.0,,,0,0,0,0,0
,,,,,,106,2026-02-01 11:09:47.427187,ELEC-day6,0.0,0.0,0.0,,,0,0,0,0,0
,,,,,,106,2026-02-01 11:09:47.427187,ELEC-F,0.0,0.0,0.0,,,0,0,0,0,0
5.0,1.0,89.0,,SUNLIGHT Forecast for DAY 2,The weather forecasts call for between 11 and 15 hours of sunlight tomorrow.,108,2026-02-01 11:09:48.467103,NG,2.26,2.24,2.28,800000.0,800000.0,0,0,0,0,0
4.0,1.0,1.0,,SUNLIGHT Forecast for DAY 2,The weather forecasts call for between 12 and 20 hours of sunlight tomorrow.,108,2026-02-01 11:09:48.467103,ELEC-day2,0.0,0.0,0.0,,,0,0,0,0,0
3.0,1.0,1.0,,You are logged in as a PRODUCER,,108,2026-02-01 11:09:48.467103,ELEC-day3,0.0,0.0,0.0,,,0,0,0,0,0
2.0,1.0,1.0,,FINES,"The fine for open positions of ELEC-dayX at the end of the day is $20,000/contract.",108,2026-02-01 11:09:48.467103,ELEC-day4,0.0,0.0,0.0,,,0,0,0,0,0
1.0,1.0,1.0,,Welcome to the RITC2026 GBE Energy Electricity Trading Case - practice server,,108,2026-02-01 11:09:48.467103,ELEC-day5,0.0,0.0,0.0,,,0,0,0,0,0
,,,,,,108,2026-02-01 11:09:48.467103,ELEC-day6,0.0,0.0,0.0,,,0,0,0,0,0
,,,,,,108,2026-02-01 11:09:48.467103,ELEC-F,0.0,0.0,0.0,,,0,0,0,0,0
5.0,1.0,89.0,,SUNLIGHT Forecast for DAY 2,The weather forecasts call for between 11 and 15 hours of sunlight tomorrow.,109,2026-02-01 11:09:49.507134,NG,2.25,2.23,2.27,800000.0,800000.0,0,0,0,0,0
4.0,1.0,1.0,,SUNLIGHT Forecast for DAY 2,The weather forecasts call for between 12 and 20 hours of sunlight tomorrow.,109,2026-02-01 11:09:49.507134,ELEC-day2,0.0,0.0,0.0,,,0,0,0,0,0
3.0,1.0,1.0,,You are logged in as a PRODUCER,,109,2026-02-01 11:09:49.507134,ELEC-day3,0.0,0.0,0.0,,,0,0,0,0,0
2.0,1.0,1.0,,FINES,"The fine for open positions of ELEC-dayX at the end of the day is $20,000/contract.",109,2026-02-01 11:09:49.507134,ELEC-day4,0.0,0.0,0.0,,,0,0,0,0,0
1.0,1.0,1.0,,Welcome to the RITC2026 GBE Energy Electricity Trading Case - practice server,,109,2026-02-01 11:09:49.507134,ELEC-day5,0.0,0.0,0.0,,,0,0,0,0,0
,,,,,,109,2026-02-01 11:09:49.507134,ELEC-day6,0.0,0.0,0.0,,,0,0,0,0,0
,,,,,,109,2026-02-01 11:09:49.507134,ELEC-F,0.0,0.0,0.0,,,0,0,0,0,0
5.0,1.0,89.0,,SUNLIGHT Forecast for DAY 2,The weather forecasts call for between 11 and 15 hours of sunlight tomorrow.,110,2026-02-01 11:09:50.532317,NG,2.25,2.23,2.27,800000.0,800000.0,0,0,0,0,0
4.0,1.0,1.0,,SUNLIGHT Forecast for DAY 2,The weather forecasts call for between 12 and 20 hours of sunlight tomorrow.,110,2026-02-01 11:09:50.532317,ELEC-day2,0.0,0.0,0.0,,,0,0,0,0,0
3.0,1.0,1.0,,You are logged in as a PRODUCER,,110,2026-02-01 11:09:50.532317,ELEC-day3,0.0,0.0,0.0,,,0,0,0,0,0
2.0,1.0,1.0,,FINES,"The fine for open positions of ELEC-dayX at the end of the day is $20,000/contract.",110,2026-02-01 11:09:50.532317,ELEC-day4,0.0,0.0,0.0,,,0,0,0,0,0
1.0,1.0,1.0,,Welcome to the RITC2026 GBE Energy Electricity Trading Case - practice server,,110,2026-02-01 11:09:50.532317,ELEC-day5,0.0,0.0,0.0,,,0,0,0,0,0
,,,,,,110,2026-02-01 11:09:50.532317,ELEC-day6,0.0,0.0,0.0,,,0,0,0,0,0
,,,,,,110,2026-02-01 11:09:50.532317,ELEC-F,0.0,0.0,0.0,,,0,0,0,0,0
5.0,1.0,89.0,,SUNLIGHT Forecast for DAY 2,The weather forecasts call for between 11 and 15 hours of sunlight tomorrow.,111,2026-02-01 11:09:51.560203,NG,2.26,2.24,2.28,800000.0,800000.0,0,0,0,0,0
4.0,1.0,1.0,,SUNLIGHT Forecast for DAY 2,The weather forecasts call for between 12 and 20 hours of sunlight tomorrow.,111,2026-02-01 11:09:51.560203,ELEC-day2,0.0,0.0,0.0,,,0,0,0,0,0
3.0,1.0,1.0,,You are logged in as a PRODUCER,,111,2026-02-01 11:09:51.560203,ELEC-day3,0.0,0.0,0.0,,,0,0,0,0,0
2.0,1.0,1.0,,FINES,"The fine for open positions of ELEC-dayX at the end of the day is $20,000/contract.",111,2026-02-01 11:09:51.560203,ELEC-day4,0.0,0.0,0.0,,,0,0,0,0,0
1.0,1.0,1.0,,Welcome to the RITC2026 GBE Energy Electricity Trading Case - practice server,,111,2026-02-01 11:09:51.560203,ELEC-day5,0.0,0.0,0.0,,,0,0,0,0,0
,,,,,,111,2026-02-01 11:09:51.560203,ELEC-day6,0.0,0.0,0.0,,,0,0,0,0,0
,,,,,,111,2026-02-01 11:09:51.560203,ELEC-F,0.0,0.0,0.0,,,0,0,0,0,0
5.0,1.0,89.0,,SUNLIGHT Forecast for DAY 2,The weather forecasts call for between 11 and 15 hours of sunlight tomorrow.,112,2026-02-01 11:09:52.592523,NG,2.26,2.24,2.28,800000.0,800000.0,0,0,0,0,0
4.0,1.0,1.0,,SUNLIGHT Forecast for DAY 2,The weather forecasts call for between 12 and 20 hours of sunlight tomorrow.,112,2026-02-01 11:09:52.592523,ELEC-day2,0.0,0.0,0.0,,,0,0,0,0,0
3.0,1.0,1.0,,You are logged in as a PRODUCER,,112,2026-02-01 11:09:52.592523,ELEC-day3,0.0,0.0,0.0,,,0,0,0,0,0
2.0,1.0,1.0,,FINES,"The fine for open positions of ELEC-dayX at the end of the day is $20,000/contract.",112,2026-02-01 11:09:52.592523,ELEC-day4,0.0,0.0,0.0,,,0,0,0,0,0
1.0,1.0,1.0,,Welcome to the RITC2026 GBE Energy Electricity Trading Case - practice server,,112,2026-02-01 11:09:52.592523,ELEC-day5,0.0,0.0,0.0,,,0,0,0,0,0
,,,,,,112,2026-02-01 11:09:52.592523,ELEC-day6,0.0,0.0,0.0,,,0,0,0,0,0
,,,,,,112,2026-02-01 11:09:52.592523,ELEC-F,0.0,0.0,0.0,,,0,0,0,0,0
5.0,1.0,89.0,,SUNLIGHT Forecast for DAY 2,The weather forecasts call for between 11 and 15 hours of sunlight tomorrow.,113,2026-02-01 11:09:53.617584,NG,2.28,2.26,2.3,800000.0,800000.0,0,0,0,0,0
4.0,1.0,1.0,,SUNLIGHT Forecast for DAY 2,The weather forecasts call for between 12 and 20 hours of sunlight tomorrow.,113,2026-02-01 11:09:53.617584,ELEC-day2,0.0,0.0,0.0,,,0,0,0,0,0
3.0,1.0,1.0,,You are logged in as a PRODUCER,,113,2026-02-01 11:09:53.617584,ELEC-day3,0.0,0.0,0.0,,,0,0,0,0,0
2.0,1.0,1.0,,FINES,"The fine for open positions of ELEC-dayX at the end of the day is $20,000/contract.",113,2026-02-01 11:09:53.617584,ELEC-day4,0.0,0.0,0.0,,,0,0,0,0,0
1.0,1.0,1.0,,Welcome to the RITC2026 GBE Energy Electricity Trading Case - practice server,,113,2026-02-01 11:09:53.617584,ELEC-day5,0.0,0.0,0.0,,,0,0,0,0,0
,,,,,,113,2026-02-01 11:09:53.617584,ELEC-day6,0.0,0.0,0.0,,,0,0,0,0,0
,,,,,,113,2026-02-01 11:09:53.617584,ELEC-F,0.0,0.0,0.0,,,0,0,0,0,0
5.0,1.0,89.0,,SUNLIGHT Forecast for DAY 2,The weather forecasts call for between 11 and 15 hours of sunlight tomorrow.,114,2026-02-01 11:09:54.657166,NG,2.27,2.25,2.29,800000.0,800000.0,0,0,0,0,0
4.0,1.0,1.0,,SUNLIGHT Forecast for DAY 2,The weather forecasts call for between 12 and 20 hours of sunlight tomorrow.,114,2026-02-01 11:09:54.657166,ELEC-day2,0.0,0.0,0.0,,,0,0,0,0,0
3.0,1.0,1.0,,You are logged in as a PRODUCER,,114,2026-02-01 11:09:54.657166,ELEC-day3,0.0,0.0,0.0,,,0,0,0,0,0
2.0,1.0,1.0,,FINES,"The fine for open positions of ELEC-dayX at the end of the day is $20,000/contract.",114,2026-02-01 11:09:54.657166,ELEC-day4,0.0,0.0,0.0,,,0,0,0,0,0
1.0,1.0,1.0,,Welcome to the RITC2026 GBE Energy Electricity Trading Case - practice server,,114,2026-02-01 11:09:54.657166,ELEC-day5,0.0,0.0,0.0,,,0,0,0,0,0
,,,,,,114,2026-02-01 11:09:54.657166,ELEC-day6,0.0,0.0,0.0,,,0,0,0,0,0
,,,,,,114,2026-02-01 11:09:54.657166,ELEC-F,0.0,0.0,0.0,,,0,0,0,0,0
5.0,1.0,89.0,,SUNLIGHT Forecast for DAY 2,The weather forecasts call for between 11 and 15 hours of sunlight tomorrow.,115,2026-02-01 11:09:55.687534,NG,2.26,2.24,2.28,800000.0,800000.0,0,0,0,0,0
4.0,1.0,1.0,,SUNLIGHT Forecast for DAY 2,The weather forecasts call for between 12 and 20 hours of sunlight tomorrow.,115,2026-02-01 11:09:55.687534,ELEC-day2,0.0,0.0,0.0,,,0,0,0,0,0
3.0,1.0,1.0,,You are logged in as a PRODUCER,,115,2026-02-01 11:09:55.687534,ELEC-day3,0.0,0.0,0.0,,,0,0,0,0,0
2.0,1.0,1.0,,FINES,"The fine for open positions of ELEC-dayX at the end of the day is $20,000/contract.",115,2026-02-01 11:09:55.687534,ELEC-day4,0.0,0.0,0.0,,,0,0,0,0,0
1.0,1.0,1.0,,Welcome to the RITC2026 GBE Energy Electricity Trading Case - practice server,,115,2026-02-01 11:09:55.687534,ELEC-day5,0.0,0.0,0.0,,,0,0,0,0,0
,,,,,,115,2026-02-01 11:09:55.687534,ELEC-day6,0.0,0.0,0.0,,,0,0,0,0,0
,,,,,,115,2026-02-01 11:09:55.687534,ELEC-F,0.0,0.0,0.0,,,0,0,0,0,0
5.0,1.0,89.0,,SUNLIGHT Forecast for DAY 2,The weather forecasts call for between 11 and 15 hours of sunlight tomorrow.,116,2026-02-01 11:09:56.720224,NG,2.26,2.24,2.28,800000.0,800000.0,0,0,0,0,0
4.0,1.0,1.0,,SUNLIGHT Forecast for DAY 2,The weather forecasts call for between 12 and 20 hours of sunlight tomorrow.,116,2026-02-01 11:09:56.720224,ELEC-day2,0.0,0.0,0.0,,,0,0,0,0,0
3.0,1.0,1.0,,You are logged in as a PRODUCER,,116,2026-02-01 11:09:56.720224,ELEC-day3,0.0,0.0,0.0,,,0,0,0,0,0
2.0,1.0,1.0,,FINES,"The fine for open positions of ELEC-dayX at the end of the day is $20,000/contract.",116,2026-02-01 11:09:56.720224,ELEC-day4,0.0,0.0,0.0,,,0,0,0,0,0
1.0,1.0,1.0,,Welcome to the RITC2026 GBE Energy Electricity Trading Case - practice server,,116,2026-02-01 11:09:56.720224,ELEC-day5,0.0,0.0,0.0,,,0,0,0,0,0
,,,,,,116,2026-02-01 11:09:56.720224,ELEC-day6,0.0,0.0,0.0,,,0,0,0,0,0
,,,,,,116,2026-02-01 11:09:56.720224,ELEC-F,0.0,0.0,0.0,,,0,0,0,0,0
5.0,1.0,89.0,,SUNLIGHT Forecast for DAY 2,The weather forecasts call for between 11 and 15 hours of sunlight tomorrow.,117,2026-02-01 11:09:57.754442,NG,2.27,2.25,2.29,800000.0,800000.0,0,0,0,0,0
4.0,1.0,1.0,,SUNLIGHT Forecast for DAY 2,The weather forecasts call for between 12 and 20 hours of sunlight tomorrow.,117,2026-02-01 11:09:57.754442,ELEC-day2,0.0,0.0,0.0,,,0,0,0,0,0
3.0,1.0,1.0,,You are logged in as a PRODUCER,,117,2026-02-01 11:09:57.754442,ELEC-day3,0.0,0.0,0.0,,,0,0,0,0,0
2.0,1.0,1.0,,FINES,"The fine for open positions of ELEC-dayX at the end of the day is $20,000/contract.",117,2026-02-01 11:09:57.754442,ELEC-day4,0.0,0.0,0.0,,,0,0,0,0,0
1.0,1.0,1.0,,Welcome to the RITC2026 GBE Energy Electricity Trading Case - practice server,,117,2026-02-01 11:09:57.754442,ELEC-day5,0.0,0.0,0.0,,,0,0,0,0,0
,,,,,,117,2026-02-01 11:09:57.754442,ELEC-day6,0.0,0.0,0.0,,,0,0,0,0,0
,,,,,,117,2026-02-01 11:09:57.754442,ELEC-F,0.0,0.0,0.0,,,0,0,0,0,0
5.0,1.0,89.0,,SUNLIGHT Forecast for DAY 2,The weather forecasts call for between 11 and 15 hours of sunlight tomorrow.,118,2026-02-01 11:09:58.776536,NG,2.27,2.25,2.29,800000.0,800000.0,0,0,0,0,0
4.0,1.0,1.0,,SUNLIGHT Forecast for DAY 2,The weather forecasts call for between 12 and 20 hours of sunlight tomorrow.,118,2026-02-01 11:09:58.776536,ELEC-day2,0.0,0.0,0.0,,,0,0,0,0,0
3.0,1.0,1.0,,You are logged in as a PRODUCER,,118,2026-02-01 11:09:58.776536,ELEC-day3,0.0,0.0,0.0,,,0,0,0,0,0
2.0,1.0,1.0,,FINES,"The fine for open positions of ELEC-dayX at the end of the day is $20,000/contract.",118,2026-02-01 11:09:58.776536,ELEC-day4,0.0,0.0,0.0,,,0,0,0,0,0
1.0,1.0,1.0,,Welcome to the RITC2026 GBE Energy Electricity Trading Case - practice server,,118,2026-02-01 11:09:58.776536,ELEC-day5,0.0,0.0,0.0,,,0,0,0,0,0
,,,,,,118,2026-02-01 11:09:58.776536,ELEC-day6,0.0,0.0,0.0,,,0,0,0,0,0
,,,,,,118,2026-02-01 11:09:58.776536,ELEC-F,0.0,0.0,0.0,,,0,0,0,0,0
5.0,1.0,89.0,,SUNLIGHT Forecast for DAY 2,The weather forecasts call for between 11 and 15 hours of sunlight tomorrow.,119,2026-02-01 11:09:59.807017,NG,2.27,2.25,2.29,800000.0,800000.0,0,0,0,0,0
4.0,1.0,1.0,,SUNLIGHT Forecast for DAY 2,The weather forecasts call for between 12 and 20 hours of sunlight tomorrow.,119,2026-02-01 11:09:59.807017,ELEC-day2,0.0,0.0,0.0,,,0,0,0,0,0
3.0,1.0,1.0,,You are logged in as a PRODUCER,,119,2026-02-01 11:09:59.807017,ELEC-day3,0.0,0.0,0.0,,,0,0,0,0,0
2.0,1.0,1.0,,FINES,"The fine for open positions of ELEC-dayX at the end of the day is $20,000/contract.",119,2026-02-01 11:09:59.807017,ELEC-day4,0.0,0.0,0.0,,,0,0,0,0,0
1.0,1.0,1.0,,Welcome to the RITC2026 GBE Energy Electricity Trading Case - practice server,,119,2026-02-01 11:09:59.807017,ELEC-day5,0.0,0.0,0.0,,,0,0,0,0,0
,,,,,,119,2026-02-01 11:09:59.807017,ELEC-day6,0.0,0.0,0.0,,,0,0,0,0,0
,,,,,,119,2026-02-01 11:09:59.807017,ELEC-F,0.0,0.0,0.0,,,0,0,0,0,0
5.0,1.0,89.0,,SUNLIGHT Forecast for DAY 2,The weather forecasts call for between 11 and 15 hours of sunlight tomorrow.,120,2026-02-01 11:10:00.847448,NG,2.26,2.24,2.28,800000.0,800000.0,0,0,0,0,0
4.0,1.0,1.0,,SUNLIGHT Forecast for DAY 2,The weather forecasts call for between 12 and 20 hours of sunlight tomorrow.,120,2026-02-01 11:10:00.847448,ELEC-day2,0.0,0.0,0.0,,,0,0,0,0,0
3.0,1.0,1.0,,You are logged in as a PRODUCER,,120,2026-02-01 11:10:00.847448,ELEC-day3,0.0,0.0,0.0,,,0,0,0,0,0
2.0,1.0,1.0,,FINES,"The fine for open positions of ELEC-dayX at the end of the day is $20,000/contract.",120,2026-02-01 11:10:00.847448,ELEC-day4,0.0,0.0,0.0,,,0,0,0,0,0
1.0,1.0,1.0,,Welcome to the RITC2026 GBE Energy Electricity Trading Case - practice server,,120,2026-02-01 11:10:00.847448,ELEC-day5,0.0,0.0,0.0,,,0,0,0,0,0
,,,,,,120,2026-02-01 11:10:00.847448,ELEC-day6,0.0,0.0,0.0,,,0,0,0,0,0
,,,,,,120,2026-02-01 11:10:00.847448,ELEC-F,0.0,0.0,0.0,,,0,0,0,0,0
5.0,1.0,89.0,,SUNLIGHT Forecast for DAY 2,The weather forecasts call for between 11 and 15 hours of sunlight tomorrow.,121,2026-02-01 11:10:01.867087,NG,2.26,2.24,2.28,800000.0,800000.0,0,0,0,0,0
