news_id,period,tick,ticker,headline,body,tick,timestamp,ticker,last_price,bid_price,ask_price,BUY_ANON,SELL_ANON,SELL_LUIS-T1,BUY_LUIS-T2,BUY_BOST-D,SELL_CHUL-P,BUY_LUIS-T1,SELL_LUIS-T2
4.0,1.0,1.0,,SUNLIGHT Forecast for DAY 2,The weather forecasts call for between 12 and 20 hours of sunlight tomorrow.,2,2026-02-01 12:45:49.293270,NG,2.21,2.19,2.23,800000.0,800000.0,0,0,0,0,0,0
3.0,1.0,1.0,,You are logged in as a PRODUCER,,2,2026-02-01 12:45:49.293270,ELEC-day2,0.0,0.0,0.0,,,0,0,0,0,0,0
2.0,1.0,1.0,,FINES,"The fine for open positions of ELEC-dayX at the end of the day is $20,000/contract.",2,2026-02-01 12:45:49.293270,ELEC-day3,0.0,0.0,0.0,,,0,0,0,0,0,0
1.0,1.0,1.0,,Welcome to the RITC2026 GBE Energy Electricity Trading Case - practice server,,2,2026-02-01 12:45:49.293270,ELEC-day4,0.0,0.0,0.0,,,0,0,0,0,0,0
,,,,,,2,2026-02-01 12:45:49.293270,ELEC-day5,0.0,0.0,0.0,,,0,0,0,0,0,0
,,,,,,2,2026-02-01 12:45:49.293270,ELEC-day6,0.0,0.0,0.0,,,0,0,0,0,0,0
,,,,,,2,2026-02-01 12:45:49.293270,ELEC-F,0.0,0.0,0.0,,,0,0,0,0,0,0
4.0,1.0,1.0,,SUNLIGHT Forecast for DAY 2,The weather forecasts call for between 12 and 20 hours of sunlight tomorrow.,3,2026-02-01 12:45:50.327936,NG,2.2,2.18,2.22,800000.0,800000.0,0,0,0,0,0,0
3.0,1.0,1.0,,You are logged in as a PRODUCER,,3,2026-02-01 12:45:50.327936,ELEC-day2,0.0,0.0,0.0,,,0,0,0,0,0,0
2.0,1.0,1.0,,FINES,"The fine for open positions of ELEC-dayX at the end of the day is $20,000/contract.",3,2026-02-01 12:45:50.327936,ELEC-day3,0.0,0.0,0.0,,,0,0,0,0,0,0
1.0,1.0,1.0,,Welcome to the RITC2026 GBE Energy Electricity Trading Case - practice server,,3,2026-02-01 12:45:50.327936,ELEC-day4,0.0,0.0,0.0,,,0,0,0,0,0,0
,,,,,,3,2026-02-01 12:45:50.327936,ELEC-day5,0.0,0.0,0.0,,,0,0,0,0,0,0
,,,,,,3,2026-02-01 12:45:50.327936,ELEC-day6,0.0,0.0,0.0,,,0,0,0,0,0,0
,,,,,,3,2026-02-01 12:45:50.327936,ELEC-F,0.0,0.0,0.0,,,0,0,0,0,0,0
4.0,1.0,1.0,,SUNLIGHT Forecast for DAY 2,The weather forecasts call for between 12 and 20 hours of sunlight tomorrow.,4,2026-02-01 12:45:51.358721,NG,2.2,2.18,2.22,800000.0,800000.0,0,0,0,0,0,0
3.0,1.0,1.0,,You are logged in as a PRODUCER,,4,2026-02-01 12:45:51.358721,ELEC-day2,0.0,0.0,0.0,,,0,0,0,0,0,0
2.0,1.0,1.0,,FINES,"The fine for open positions of ELEC-dayX at the end of the day is $20,000/contract.",4,2026-02-01 12:45:51.358721,ELEC-day3,0.0,0.0,0.0,,,0,0,0,0,0,0
1.0,1.0,1.0,,Welcome to the RITC2026 GBE Energy Electricity Trading Case - practice server,,4,2026-02-01 12:45:51.358721,ELEC-day4,0.0,0.0,0.0,,,0,0,0,0,0,0
,,,,,,4,2026-02-01 12:45:51.358721,ELEC-day5,0.0,0.0,0.0,,,0,0,0,0,0,0
,,,,,,4,2026-02-01 12:45:51.358721,ELEC-day6,0.0,0.0,0.0,,,0,0,0,0,0,0
,,,,,,4,2026-02-01 12:45:51.358721,ELEC-F,0.0,0.0,0.0,,,0,0,0,0,0,0
4.0,1.0,1.0,,SUNLIGHT Forecast for DAY 2,The weather forecasts call for between 12 and 20 hours of sunlight tomorrow.,5,2026-02-01 12:45:52.397655,NG,2.19,2.17,2.21,800000.0,800000.0,0,0,0,0,0,0
3.0,1.0,1.0,,You are logged in as a PRODUCER,,5,2026-02-01 12:45:52.397655,ELEC-day2,0.0,0.0,0.0,,,0,0,0,0,0,0
2.0,1.0,1.0,,FINES,"The fine for open positions of ELEC-dayX at the end of the day is $20,000/contract.",5,2026-02-01 12:45:52.397655,ELEC-day3,0.0,0.0,0.0,,,0,0,0,0,0,0
1.0,1.0,1.0,,Welcome to the RITC2026 GBE Energy Electricity Trading Case - practice server,,5,2026-02-01 12:45:52.397655,ELEC-day4,0.0,0.0,0.0,,,0,0,0,0,0,0
,,,,,,5,2026-02-01 12:45:52.397655,ELEC-day5,0.0,0.0,0.0,,,0,0,0,0,0,0
,,,,,,5,2026-02-01 12:45:52.397655,ELEC-day6,0.0,0.0,0.0,,,0,0,0,0,0,0
,,,,,,5,2026-02-01 12:45:52.397655,ELEC-F,0.0,0.0,0.0,,,0,0,0,0,0,0
4.0,1.0,1.0,,SUNLIGHT Forecast for DAY 2,The weather forecasts call for between 12 and 20 hours of sunlight tomorrow.,6,2026-02-01 12:45:53.442957,NG,2.2,2.18,2.22,800000.0,800000.0,0,0,0,0,0,0
3.0,1.0,1.0,,You are logged in as a PRODUCER,,6,2026-02-01 12:45:53.442957,ELEC-day2,0.0,0.0,0.0,,,0,0,0,0,0,0
2.0,1.0,1.0,,FINES,"The fine for open positions of ELEC-dayX at the end of the day is $20,000/contract.",6,2026-02-01 12:45:53.442957,ELEC-day3,0.0,0.0,0.0,,,0,0,0,0,0,0
1.0,1.0,1.0,,Welcome to the RITC2026 GBE Energy Electricity Trading Case - practice server,,6,2026-02-01 12:45:53.442957,ELEC-day4,0.0,0.0,0.0,,,0,0,0,0,0,0
,,,,,,6,2026-02-01 12:45:53.442957,ELEC-day5,0.0,0.0,0.0,,,0,0,0,0,0,0
,,,,,,6,2026-02-01 12:45:53.442957,ELEC-day6,0.0,0.0,0.0,,,0,0,0,0,0,0
,,,,,,6,2026-02-01 12:45:53.442957,ELEC-F,0.0,0.0,0.0,,,0,0,0,0,0,0
4.0,1.0,1.0,,SUNLIGHT Forecast for DAY 2,The weather forecasts call for between 12 and 20 hours of sunlight tomorrow.,7,2026-02-01 12:45:54.477414,NG,2.19,2.17,2.21,800000.0,800000.0,0,0,0,0,0,0
3.0,1.0,1.0,,You are logged in as a PRODUCER,,7,2026-02-01 12:45:54.477414,ELEC-day2,0.0,0.0,0.0,,,0,0,0,0,0,0
2.0,1.0,1.0,,FINES,"The fine for open positions of ELEC-dayX at the end of the day is $20,000/contract.",7,2026-02-01 12:45:54.477414,ELEC-day3,0.0,0.0,0.0,,,0,0,0,0,0,0
1.0,1.0,1.0,,Welcome to the RITC2026 GBE Energy Electricity Trading Case - practice server,,7,2026-02-01 12:45:54.477414,ELEC-day4,0.0,0.0,0.0,,,0,0,0,0,0,0
,,,,,,7,2026-02-01 12:45:54.477414,ELEC-day5,0.0,0.0,0.0,,,0,0,0,0,0,0
,,,,,,7,2026-02-01 12:45:54.477414,ELEC-day6,0.0,0.0,0.0,,,0,0,0,0,0,0
,,,,,,7,2026-02-01 12:45:54.477414,ELEC-F,0.0,0.0,0.0,,,0,0,0,0,0,0
4.0,1.0,1.0,,SUNLIGHT Forecast for DAY 2,The weather forecasts call for between 12 and 20 hours of sunlight tomorrow.,8,2026-02-01 12:45:55.509080,NG,2.19,2.17,2.21,800000.0,800000.0,0,0,0,0,0,0
3.0,1.0,1.0,,You are logged in as a PRODUCER,,8,2026-02-01 12:45:55.509080,ELEC-day2,0.0,0.0,0.0,,,0,0,0,0,0,0
2.0,1.0,1.0,,FINES,"The fine for open positions of ELEC-dayX at the end of the day is $20,000/contract.",8,2026-02-01 12:45:55.509080,ELEC-day3,0.0,0.0,0.0,,,0,0,0,0,0,0
1.0,1.0,1.0,,Welcome to the RITC2026 GBE Energy Electricity Trading Case - practice server,,8,2026-02-01 12:45:55.509080,ELEC-day4,0.0,0.0,0.0,,,0,0,0,0,0,0
,,,,,,8,2026-02-01 12:45:55.509080,ELEC-day5,0.0,0.0,0.0,,,0,0,0,0,0,0
,,,,,,8,2026-02-01 12:45:55.509080,ELEC-day6,0.0,0.0,0.0,,,0,0,0,0,0,0
,,,,,,8,2026-02-01 12:45:55.509080,ELEC-F,0.0,0.0,0.0,,,0,0,0,0,0,0
4.0,1.0,1.0,,SUNLIGHT Forecast for DAY 2,The weather forecasts call for between 12 and 20 hours of sunlight tomorrow.,9,2026-02-01 12:45:56.541419,NG,2.19,2.17,2.21,800000.0,800000.0,0,0,0,0,0,0
3.0,1.0,1.0,,You are logged in as a PRODUCER,,9,2026-02-01 12:45:56.541419,ELEC-day2,0.0,0.0,0.0,,,0,0,0,0,0,0
2.0,1.0,1.0,,FINES,"The fine for open positions of ELEC-dayX at the end of the day is $20,000/contract.",9,2026-02-01 12:45:56.541419,ELEC-day3,0.0,0.0,0.0,,,0,0,0,0,0,0
1.0,1.0,1.0,,Welcome to the RITC2026 GBE Energy Electricity Trading Case - practice server,,9,2026-02-01 12:45:56.541419,ELEC-day4,0.0,0.0,0.0,,,0,0,0,0,0,0
,,,,,,9,2026-02-01 12:45:56.541419,ELEC-day5,0.0,0.0,0.0,,,0,0,0,0,0,0
,,,,,,9,2026-02-01 12:45:56.541419,ELEC-day6,0.0,0.0,0.0,,,0,0,0,0,0,0
,,,,,,9,2026-02-01 12:45:56.541419,ELEC-F,0.0,0.0,0.0,,,0,0,0,0,0,0
4.0,1.0,1.0,,SUNLIGHT Forecast for DAY 2,The weather forecasts call for between 12 and 20 hours of sunlight tomorrow.,10,2026-02-01 12:45:57.577509,NG,2.18,2.16,2.2,800000.0,800000.0,0,0,0,0,0,0
3.0,1.0,1.0,,You are logged in as a PRODUCER,,10,2026-02-01 12:45:57.577509,ELEC-day2,0.0,0.0,0.0,,,0,0,0,0,0,0
2.0,1.0,1.0,,FINES,"The fine for open positions of ELEC-dayX at the end of the day is $20,000/contract.",10,2026-02-01 12:45:57.577509,ELEC-day3,0.0,0.0,0.0,,,0,0,0,0,0,0
1.0,1.0,1.0,,Welcome to the RITC2026 GBE Energy Electricity Trading Case - practice server,,10,2026-02-01 12:45:57.577509,ELEC-day4,0.0,0.0,0.0,,,0,0,0,0,0,0
,,,,,,10,2026-02-01 12:45:57.577509,ELEC-day5,0.0,0.0,0.0,,,0,0,0,0,0,0
,,,,,,10,2026-02-01 12:45:57.577509,ELEC-day6,0.0,0.0,0.0,,,0,0,0,0,0,0
,,,,,,10,2026-02-01 12:45:57.577509,ELEC-F,0.0,0.0,0.0,,,0,0,0,0,0,0
4.0,1.0,1.0,,SUNLIGHT Forecast for DAY 2,The weather forecasts call for between 12 and 20 hours of sunlight tomorrow.,11,2026-02-01 12:45:58.608311,NG,2.18,2.16,2.2,800000.0,800000.0,0,0,0,0,0,0
3.0,1.0,1.0,,You are logged in as a PRODUCER,,11,2026-02-01 12:45:58.608311,ELEC-day2,0.0,0.0,0.0,,,0,0,0,0,0,0
2.0,1.0,1.0,,FINES,"The fine for open positions of ELEC-dayX at the end of the day is $20,000/contract.",11,2026-02-01 12:45:58.608311,ELEC-day3,0.0,0.0,0.0,,,0,0,0,0,0,0
1.0,1.0,1.0,,Welcome to the RITC2026 GBE Energy Electricity Trading Case - practice server,,11,2026-02-01 12:45:58.608311,ELEC-day4,0.0,0.0,0.0,,,0,0,0,0,0,0
,,,,,,11,2026-02-01 12:45:58.608311,ELEC-day5,0.0,0.0,0.0,,,0,0,0,0,0,0
,,,,,,11,2026-02-01 12:45:58.608311,ELEC-day6,0.0,0.0,0.0,,,0,0,0,0,0,0
,,,,,,11,2026-02-01 12:45:58.608311,ELEC-F,0.0,0.0,0.0,,,0,0,0,0,0,0
4.0,1.0,1.0,,SUNLIGHT Forecast for DAY 2,The weather forecasts call for between 12 and 20 hours of sunlight tomorrow.,12,2026-02-01 12:45:59.641156,NG,2.17,2.15,2.19,800000.0,800000.0,0,0,0,0,0,0
3.0,1.0,1.0,,You are logged in as a PRODUCER,,12,2026-02-01 12:45:59.641156,ELEC-day2,0.0,0.0,0.0,,,0,0,0,0,0,0
2.0,1.0,1.0,,FINES,"The fine for open positions of ELEC-dayX at the end of the day is $20,000/contract.",12,2026-02-01 12:45:59.641156,ELEC-day3,0.0,0.0,0.0,,,0,0,0,0,0,0
1.0,1.0,1.0,,Welcome to the RITC2026 GBE Energy Electricity Trading Case - practice server,,12,2026-02-01 12:45:59.641156,ELEC-day4,0.0,0.0,0.0,,,0,0,0,0,0,0
,,,,,,12,2026-02-01 12:45:59.641156,ELEC-day5,0.0,0.0,0.0,,,0,0,0,0,0,0
,,,,,,12,2026-02-01 12:45:59.641156,ELEC-day6,0.0,0.0,0.0,,,0,0,0,0,0,0
,,,,,,12,2026-02-01 12:45:59.641156,ELEC-F,0.0,0.0,0.0,,,0,0,0,0,0,0
4.0,1.0,1.0,,SUNLIGHT Forecast for DAY 2,The weather forecasts call for between 12 and 20 hours of sunlight tomorrow.,13,2026-02-01 12:46:00.677301,NG,2.17,2.15,2.19,800000.0,800000.0,0,0,0,0,0,0
3.0,1.0,1.0,,You are logged in as a PRODUCER,,13,2026-02-01 12:46:00.677301,ELEC-day2,0.0,0.0,0.0,,,0,0,0,0,0,0
2.0,1.0,1.0,,FINES,"The fine for open positions of ELEC-dayX at the end of the day is $20,000/contract.",13,2026-02-01 12:46:00.677301,ELEC-day3,0.0,0.0,0.0,,,0,0,0,0,0,0
1.0,1.0,1.0,,Welcome to the RITC2026 GBE Energy Electricity Trading Case - practice server,,13,2026-02-01 12:46:00.677301,ELEC-day4,0.0,0.0,0.0,,,0,0,0,0,0,0
,,,,,,13,2026-02-01 12:46:00.677301,ELEC-day5,0.0,0.0,0.0,,,0,0,0,0,0,0
,,,,,,13,2026-02-01 12:46:00.677301,ELEC-day6,0.0,0.0,0.0,,,0,0,0,0,0,0
,,,,,,13,2026-02-01 12:46:00.677301,ELEC-F,0.0,0.0,0.0,,,0,0,0,0,0,0
4.0,1.0,1.0,,SUNLIGHT Forecast for DAY 2,The weather forecasts call for between 12 and 20 hours of sunlight tomorrow.,14,2026-02-01 12:46:01.708124,NG,2.17,2.15,2.19,800000.0,800000.0,0,0,0,0,0,0
3.0,1.0,1.0,,You are logged in as a PRODUCER,,14,2026-02-01 12:46:01.708124,ELEC-day2,0.0,0.0,0.0,,,0,0,0,0,0,0
2.0,1.0,1.0,,FINES,"The fine for open positions of ELEC-dayX at the end of the day is $20,000/contract.",14,2026-02-01 12:46:01.708124,ELEC-day3,0.0,0.0,0.0,,,0,0,0,0,0,0
1.0,1.0,1.0,,Welcome to the RITC2026 GBE Energy Electricity Trading Case - practice server,,14,2026-02-01 12:46:01.708124,ELEC-day4,0.0,0.0,0.0,,,0,0,0,0,0,0
,,,,,,14,2026-02-01 12:46:01.708124,ELEC-day5,0.0,0.0,0.0,,,0,0,0,0,0,0
,,,,,,14,2026-02-01 12:46:01.708124,ELEC-day6,0.0,0.0,0.0,,,0,0,0,0,0,0
,,,,,,14,2026-02-01 12:46:01.708124,ELEC-F,0.0,0.0,0.0,,,0,0,0,0,0,0
4.0,1.0,1.0,,SUNLIGHT Forecast for DAY 2,The weather forecasts call for between 12 and 20 hours of sunlight tomorrow.,16,2026-02-01 12:46:02.787060,NG,2.18,2.16,2.2,800000.0,800000.0,0,0,0,0,0,0
3.0,1.0,1.0,,You are logged in as a PRODUCER,,16,2026-02-01 12:46:02.787060,ELEC-day2,0.0,0.0,0.0,,,0,0,0,0,0,0
2.0,1.0,1.0,,FINES,"The fine for open positions of ELEC-dayX at the end of the day is $20,000/contract.",16,2026-02-01 12:46:02.787060,ELEC-day3,0.0,0.0,0.0,,,0,0,0,0,0,0
1.0,1.0,1.0,,Welcome to the RITC2026 GBE Energy Electricity Trading Case - practice server,,16,2026-02-01 12:46:02.787060,ELEC-day4,0.0,0.0,0.0,,,0,0,0,0,0,0
,,,,,,16,2026-02-01 12:46:02.787060,ELEC-day5,0.0,0.0,0.0,,,0,0,0,0,0,0
,,,,,,16,2026-02-01 12:46:02.787060,ELEC-day6,0.0,0.0,0.0,,,0,0,0,0,0,0
,,,,,,16,2026-02-01 12:46:02.787060,ELEC-F,0.0,0.0,0.0,,,0,0,0,0,0,0
4.0,1.0,1.0,,SUNLIGHT Forecast for DAY 2,The weather forecasts call for between 12 and 20 hours of sunlight tomorrow.,17,2026-02-01 12:46:03.822324,NG,2.17,2.15,2.19,800000.0,800000.0,0,0,0,0,0,0
3.0,1.0,1.0,,You are logged in as a PRODUCER,,17,2026-02-01 12:46:03.822324,ELEC-day2,0.0,0.0,0.0,,,0,0,0,0,0,0
2.0,1.0,1.0,,FINES,"The fine for open positions of ELEC-dayX at the end of the day is $20,000/contract.",17,2026-02-01 12:46:03.822324,ELEC-day3,0.0,0.0,0.0,,,0,0,0,0,0,0
1.0,1.0,1.0,,Welcome to the RITC2026 GBE Energy Electricity Trading Case - practice server,,17,2026-02-01 12:46:03.822324,ELEC-day4,0.0,0.0,0.0,,,0,0,0,0,0,0
,,,,,,17,2026-02-01 12:46:03.822324,ELEC-day5,0.0,0.0,0.0,,,0,0,0,0,0,0
,,,,,,17,2026-02-01 12:46:03.822324,ELEC-day6,0.0,0.0,0.0,,,0,0,0,0,0,0
,,,,,,17,2026-02-01 12:46:03.822324,ELEC-F,0.0,0.0,0.0,,,0,0,0,0,0,0
4.0,1.0,1.0,,SUNLIGHT Forecast for DAY 2,The weather forecasts call for between 12 and 20 hours of sunlight tomorrow.,18,2026-02-01 12:46:04.857521,NG,2.18,2.16,2.2,800000.0,800000.0,0,0,0,0,0,0
3.0,1.0,1.0,,You are logged in as a PRODUCER,,18,2026-02-01 12:46:04.857521,ELEC-day2,0.0,0.0,0.0,,,0,0,0,0,0,0
2.0,1.0,1.0,,FINES,"The fine for open positions of ELEC-dayX at the end of the day is $20,000/contract.",18,2026-02-01 12:46:04.857521,ELEC-day3,0.0,0.0,0.0,,,0,0,0,0,0,0
1.0,1.0,1.0,,Welcome to the RITC2026 GBE Energy Electricity Trading Case - practice server,,18,2026-02-01 12:46:04.857521,ELEC-day4,0.0,0.0,0.0,,,0,0,0,0,0,0
,,,,,,18,2026-02-01 12:46:04.857521,ELEC-day5,0.0,0.0,0.0,,,0,0,0,0,0,0
,,,,,,18,2026-02-01 12:46:04.857521,ELEC-day6,0.0,0.0,0.0,,,0,0,0,0,0,0
,,,,,,18,2026-02-01 12:46:04.857521,ELEC-F,0.0,0.0,0.0,,,0,0,0,0,0,0
4.0,1.0,1.0,,SUNLIGHT Forecast for DAY 2,The weather forecasts call for between 12 and 20 hours of sunlight tomorrow.,19,2026-02-01 12:46:05.904745,NG,2.18,2.16,2.2,800000.0,800000.0,0,0,0,0,0,0
3.0,1.0,1.0,,You are logged in as a PRODUCER,,19,2026-02-01 12:46:05.904745,ELEC-day2,0.0,0.0,0.0,,,0,0,0,0,0,0
2.0,1.0,1.0,,FINES,"The fine for open positions of ELEC-dayX at the end of the day is $20,000/contract.",19,2026-02-01 12:46:05.904745,ELEC-day3,0.0,0.0,0.0,,,0,0,0,0,0,0
1.0,1.0,1.0,,Welcome to the RITC2026 GBE Energy Electricity Trading Case - practice server,,19,2026-02-01 12:46:05.904745,ELEC-day4,0.0,0.0,0.0,,,0,0,0,0,0,0
,,,,,,19,2026-02-01 12:46:05.904745,ELEC-day5,0.0,0.0,0.0,,,0,0,0,0,0,0
,,,,,,19,2026-02-01 12:46:05.904745,ELEC-day6,0.0,0.0,0.0,,,0,0,0,0,0,0
,,,,,,19,2026-02-01 12:46:05.904745,ELEC-F,0.0,0.0,0.0,,,0,0,0,0,0,0
4.0,1.0,1.0,,SUNLIGHT Forecast for DAY 2,The weather forecasts call for between 12 and 20 hours of sunlight tomorrow.,20,2026-02-01 12:46:06.927391,NG,2.18,2.16,2.2,800000.0,800000.0,0,0,0,0,0,0
3.0,1.0,1.0,,You are logged in as a PRODUCER,,20,2026-02-01 12:46:06.927391,ELEC-day2,0.0,0.0,0.0,,,0,0,0,0,0,0
2.0,1.0,1.0,,FINES,"The fine for open positions of ELEC-dayX at the end of the day is $20,000/contract.",20,2026-02-01 12:46:06.927391,ELEC-day3,0.0,0.0,0.0,,,0,0,0,0,0,0
1.0,1.0,1.0,,Welcome to the RITC2026 GBE Energy Electricity Trading Case - practice server,,20,2026-02-01 12:46:06.927391,ELEC-day4,0.0,0.0,0.0,,,0,0,0,0,0,0
,,,,,,20,2026-02-01 12:46:06.927391,ELEC-day5,0.0,0.0,0.0,,,0,0,0,0,0,0
,,,,,,20,2026-02-01 12:46:06.927391,ELEC-day6,0.0,0.0,0.0,,,0,0,0,0,0,0
,,,,,,20,2026-02-01 12:46:06.927391,ELEC-F,0.0,0.0,0.0,,,0,0,0,0,0,0
4.0,1.0,1.0,,SUNLIGHT Forecast for DAY 2,The weather forecasts call for between 12 and 20 hours of sunlight tomorrow.,21,2026-02-01 12:46:07.960110,NG,2.18,2.16,2.2,800000.0,800000.0,0,0,0,0,0,0
3.0,1.0,1.0,,You are logged in as a PRODUCER,,21,2026-02-01 12:46:07.960110,ELEC-day2,0.0,0.0,0.0,,,0,0,0,0,0,0
2.0,1.0,1.0,,FINES,"The fine for open positions of ELEC-dayX at the end of the day is $20,000/contract.",21,2026-02-01 12:46:07.960110,ELEC-day3,0.0,0.0,0.0,,,0,0,0,0,0,0
1.0,1.0,1.0,,Welcome to the RITC2026 GBE Energy Electricity Trading Case - practice server,,21,2026-02-01 12:46:07.960110,ELEC-day4,0.0,0.0,0.0,,,0,0,0,0,0,0
,,,,,,21,2026-02-01 12:46:07.960110,ELEC-day5,0.0,0.0,0.0,,,0,0,0,0,0,0
,,,,,,21,2026-02-01 12:46:07.960110,ELEC-day6,0.0,0.0,0.0,,,0,0,0,0,0,0
,,,,,,21,2026-02-01 12:46:07.960110,ELEC-F,0.0,0.0,0.0,,,0,0,0,0,0,0
4.0,1.0,1.0,,SUNLIGHT Forecast for DAY 2,The weather forecasts call for between 12 and 20 hours of sunlight tomorrow.,22,2026-02-01 12:46:08.993104,NG,2.19,2.17,2.21,800000.0,800000.0,0,0,0,0,0,0
3.0,1.0,1.0,,You are logged in as a PRODUCER,,22,2026-02-01 12:46:08.993104,ELEC-day2,0.0,0.0,0.0,,,0,0,0,0,0,0
2.0,1.0,1.0,,FINES,"The fine for open positions of ELEC-dayX at the end of the day is $20,000/contract.",22,2026-02-01 12:46:08.993104,ELEC-day3,0.0,0.0,0.0,,,0,0,0,0,0,0
1.0,1.0,1.0,,Welcome to the RITC2026 GBE Energy Electricity Trading Case - practice server,,22,2026-02-01 12:46:08.993104,ELEC-day4,0.0,0.0,0.0,,,0,0,0,0,0,0
,,,,,,22,2026-02-01 12:46:08.993104,ELEC-day5,0.0,0.0,0.0,,,0,0,0,0,0,0
,,,,,,22,2026-02-01 12:46:08.993104,ELEC-day6,0.0,0.0,0.0,,,0,0,0,0,0,0
,,,,,,22,2026-02-01 12:46:08.993104,ELEC-F,0.0,0.0,0.0,,,0,0,0,0,0,0
4.0,1.0,1.0,,SUNLIGHT Forecast for DAY 2,The weather forecasts call for between 12 and 20 hours of sunlight tomorrow.,23,2026-02-01 12:46:10.026473,NG,2.19,2.17,2.21,800000.0,800000.0,0,0,0,0,0,0
3.0,1.0,1.0,,You are logged in as a PRODUCER,,23,2026-02-01 12:46:10.026473,ELEC-day2,0.0,0.0,0.0,,,0,0,0,0,0,0
2.0,1.0,1.0,,FINES,"The fine for open positions of ELEC-dayX at the end of the day is $20,000/contract.",23,2026-02-01 12:46:10.026473,ELEC-day3,0.0,0.0,0.0,,,0,0,0,0,0,0
1.0,1.0,1.0,,Welcome to the RITC2026 GBE Energy Electricity Trading Case - practice server,,23,2026-02-01 12:46:10.026473,ELEC-day4,0.0,0.0,0.0,,,0,0,0,0,0,0
,,,,,,23,2026-02-01 12:46:10.026473,ELEC-day5,0.0,0.0,0.0,,,0,0,0,0,0,0
,,,,,,23,2026-02-01 12:46:10.026473,ELEC-day6,0.0,0.0,0.0,,,0,0,0,0,0,0
,,,,,,23,2026-02-01 12:46:10.026473,ELEC-F,0.0,0.0,0.0,,,0,0,0,0,0,0
4.0,1.0,1.0,,SUNLIGHT Forecast for DAY 2,The weather forecasts call for between 12 and 20 hours of sunlight tomorrow.,24,2026-02-01 12:46:11.076641,NG,2.18,2.16,2.2,800000.0,800000.0,0,0,0,0,0,0
3.0,1.0,1.0,,You are logged in as a PRODUCER,,24,2026-02-01 12:46:11.076641,ELEC-day2,0.0,0.0,0.0,,,0,0,0,0,0,0
2.0,1.0,1.0,,FINES,"The fine for open positions of ELEC-dayX at the end of the day is $20,000/contract.",24,2026-02-01 12:46:11.076641,ELEC-day3,0.0,0.0,0.0,,,0,0,0,0,0,0
1.0,1.0,1.0,,Welcome to the RITC2026 GBE Energy Electricity Trading Case - practice server,,24,2026-02-01 12:46:11.076641,ELEC-day4,0.0,0.0,0.0,,,0,0,0,0,0,0
,,,,,,24,2026-02-01 12:46:11.076641,ELEC-day5,0.0,0.0,0.0,,,0,0,0,0,0,0
,,,,,,24,2026-02-01 12:46:11.076641,ELEC-day6,0.0,0.0,0.0,,,0,0,0,0,0,0
,,,,,,24,2026-02-01 12:46:11.076641,ELEC-F,0.0,0.0,0.0,,,0,0,0,0,0,0
4.0,1.0,1.0,,SUNLIGHT Forecast for DAY 2,The weather forecasts call for between 12 and 20 hours of sunlight tomorrow.,25,2026-02-01 12:46:12.118888,NG,2.19,2.17,2.21,800000.0,800000.0,0,0,0,0,0,0
3.0,1.0,1.0,,You are logged in as a PRODUCER,,25,2026-02-01 12:46:12.118888,ELEC-day2,0.0,0.0,0.0,,,0,0,0,0,0,0
2.0,1.0,1.0,,FINES,"The fine for open positions of ELEC-dayX at the end of the day is $20,000/contract.",25,2026-02-01 12:46:12.118888,ELEC-day3,0.0,0.0,0.0,,,0,0,0,0,0,0
1.0,1.0,1.0,,Welcome to the RITC2026 GBE Energy Electricity Trading Case - practice server,,25,2026-02-01 12:46:12.118888,ELEC-day4,0.0,0.0,0.0,,,0,0,0,0,0,0
,,,,,,25,2026-02-01 12:46:12.118888,ELEC-day5,0.0,0.0,0.0,,,0,0,0,0,0,0
,,,,,,25,2026-02-01 12:46:12.118888,ELEC-day6,0.0,0.0,0.0,,,0,0,0,0,0,0
,,,,,,25,2026-02-01 12:46:12.118888,ELEC-F,0.0,0.0,0.0,,,0,0,0,0,0,0
4.0,1.0,1.0,,SUNLIGHT Forecast for DAY 2,The weather forecasts call for between 12 and 20 hours of sunlight tomorrow.,26,2026-02-01 12:46:13.140395,NG,2.19,2.17,2.21,800000.0,800000.0,0,0,0,0,0,0
3.0,1.0,1.0,,You are logged in as a PRODUCER,,26,2026-02-01 12:46:13.140395,ELEC-day2,0.0,0.0,0.0,,,0,0,0,0,0,0
2.0,1.0,1.0,,FINES,"The fine for open positions of ELEC-dayX at the end of the day is $20,000/contract.",26,2026-02-01 12:46:13.140395,ELEC-day3,0.0,0.0,0.0,,,0,0,0,0,0,0
1.0,1.0,1.0,,Welcome to the RITC2026 GBE Energy Electricity Trading Case - practice server,,26,2026-02-01 12:46:13.140395,ELEC-day4,0.0,0.0,0.0,,,0,0,0,0,0,0
,,,,,,26,2026-02-01 12:46:13.140395,ELEC-day5,0.0,0.0,0.0,,,0,0,0,0,0,0
,,,,,,26,2026-02-01 12:46:13.140395,ELEC-day6,0.0,0.0,0.0,,,0,0,0,0,0,0
,,,,,,26,2026-02-01 12:46:13.140395,ELEC-F,0.0,0.0,0.0,,,0,0,0,0,0,0
4.0,1.0,1.0,,SUNLIGHT Forecast for DAY 2,The weather forecasts call for between 12 and 20 hours of sunlight tomorrow.,27,2026-02-01 12:46:14.167876,NG,2.18,2.16,2.2,800000.0,800000.0,0,0,0,0,0,0
3.0,1.0,1.0,,You are logged in as a PRODUCER,,27,2026-02-01 12:46:14.167876,ELEC-day2,0.0,0.0,0.0,,,0,0,0,0,0,0
2.0,1.0,1.0,,FINES,"The fine for open positions of ELEC-dayX at the end of the day is $20,000/contract.",27,2026-02-01 12:46:14.167876,ELEC-day3,0.0,0.0,0.0,,,0,0,0,0,0,0
1.0,1.0,1.0,,Welcome to the RITC2026 GBE Energy Electricity Trading Case - practice server,,27,2026-02-01 12:46:14.167876,ELEC-day4,0.0,0.0,0.0,,,0,0,0,0,0,0
,,,,,,27,2026-02-01 12:46:14.167876,ELEC-day5,0.0,0.0,0.0,,,0,0,0,0,0,0
,,,,,,27,2026-02-01 12:46:14.167876,ELEC-day6,0.0,0.0,0.0,,,0,0,0,0,0,0
,,,,,,27,2026-02-01 12:46:14.167876,ELEC-F,0.0,0.0,0.0,,,0,0,0,0,0,0
4.0,1.0,1.0,,SUNLIGHT Forecast for DAY 2,The weather forecasts call for between 12 and 20 hours of sunlight tomorrow.,28,2026-02-01 12:46:15.208143,NG,2.18,2.16,2.2,800000.0,800000.0,0,0,0,0,0,0
3.0,1.0,1.0,,You are logged in as a PRODUCER,,28,2026-02-01 12:46:15.208143,ELEC-day2,0.0,0.0,0.0,,,0,0,0,0,0,0
2.0,1.0,1.0,,FINES,"The fine for open positions of ELEC-dayX at the end of the day is $20,000/contract.",28,2026-02-01 12:46:15.208143,ELEC-day3,0.0,0.0,0.0,,,0,0,0,0,0,0
1.0,1.0,1.0,,Welcome to the RITC2026 GBE Energy Electricity Trading Case - practice server,,28,2026-02-01 12:46:15.208143,ELEC-day4,0.0,0.0,0.0,,,0,0,0,0,0,0
,,,,,,28,2026-02-01 12:46:15.208143,ELEC-day5,0.0,0.0,0.0,,,0,0,0,0,0,0
,,,,,,28,2026-02-01 12:46:15.208143,ELEC-day6,0.0,0.0,0.0,,,0,0,0,0,0,0
,,,,,,28,2026-02-01 12:46:15.208143,ELEC-F,0.0,0.0,0.0,,,0,0,0,0,0,0
4.0,1.0,1.0,,SUNLIGHT Forecast for DAY 2,The weather forecasts call for between 12 and 20 hours of sunlight tomorrow.,29,2026-02-01 12:46:16.235863,NG,2.18,2.16,2.2,800000.0,800000.0,0,0,0,0,0,0
3.0,1.0,1.0,,You are logged in as a PRODUCER,,29,2026-02-01 12:46:16.235863,ELEC-day2,0.0,0.0,0.0,,,0,0,0,0,0,0
2.0,1.0,1.0,,FINES,"The fine for open positions of ELEC-dayX at the end of the day is $20,000/contract.",29,2026-02-01 12:46:16.235863,ELEC-day3,0.0,0.0,0.0,,,0,0,0,0,0,0
1.0,1.0,1.0,,Welcome to the RITC2026 GBE Energy Electricity Trading Case - practice server,,29,2026-02-01 12:46:16.235863,ELEC-day4,0.0,0.0,0.0,,,0,0,0,0,0,0
,,,,,,29,2026-02-01 12:46:16.235863,ELEC-day5,0.0,0.0,0.0,,,0,0,0,0,0,0
,,,,,,29,2026-02-01 12:46:16.235863,ELEC-day6,0.0,0.0,0.0,,,0,0,0,0,0,0
,,,,,,29,2026-02-01 12:46:16.235863,ELEC-F,0.0,0.0,0.0,,,0,0,0,0,0,0
4.0,1.0,1.0,,SUNLIGHT Forecast for DAY 2,The weather forecasts call for between 12 and 20 hours of sunlight tomorrow.,30,2026-02-01 12:46:17.273589,NG,2.18,2.16,2.2,800000.0,800000.0,0,0,0,0,0,0
3.0,1.0,1.0,,You are logged in as a PRODUCER,,30,2026-02-01 12:46:17.273589,ELEC-day2,0.0,0.0,0.0,,,0,0,0,0,0,0
2.0,1.0,1.0,,FINES,"The fine for open positions of ELEC-dayX at the end of the day is $20,000/contract.",30,2026-02-01 12:46:17.273589,ELEC-day3,0.0,0.0,0.0,,,0,0,0,0,0,0
1.0,1.0,1.0,,Welcome to the RITC2026 GBE Energy Electricity Trading Case - practice server,,30,2026-02-01 12:46:17.273589,ELEC-day4,0.0,0.0,0.0,,,0,0,0,0,0,0
,,,,,,30,2026-02-01 12:46:17.273589,ELEC-day5,0.0,0.0,0.0,,,0,0,0,0,0,0
,,,,,,30,2026-02-01 12:46:17.273589,ELEC-day6,0.0,0.0,0.0,,,0,0,0,0,0,0
,,,,,,30,2026-02-01 12:46:17.273589,ELEC-F,0.0,0.0,0.0,,,0,0,0,0,0,0
4.0,1.0,1.0,,SUNLIGHT Forecast for DAY 2,The weather forecasts call for between 12 and 20 hours of sunlight tomorrow.,31,2026-02-01 12:46:18.301622,NG,2.19,2.17,2.21,800000.0,800000.0,0,0,0,0,0,0
3.0,1.0,1.0,,You are logged in as a PRODUCER,,31,2026-02-01 12:46:18.301622,ELEC-day2,0.0,0.0,0.0,,,0,0,0,0,0,0
2.0,1.0,1.0,,FINES,"The fine for open positions of ELEC-dayX at the end of the day is $20,000/contract.",31,2026-02-01 12:46:18.301622,ELEC-day3,0.0,0.0,0.0,,,0,0,0,0,0,0
1.0,1.0,1.0,,Welcome to the RITC2026 GBE Energy Electricity Trading Case - practice server,,31,2026-02-01 12:46:18.301622,ELEC-day4,0.0,0.0,0.0,,,0,0,0,0,0,0
,,,,,,31,2026-02-01 12:46:18.301622,ELEC-day5,0.0,0.0,0.0,,,0,0,0,0,0,0
,,,,,,31,2026-02-01 12:46:18.301622,ELEC-day6,0.0,0.0,0.0,,,0,0,0,0,0,0
,,,,,,31,2026-02-01 12:46:18.301622,ELEC-F,0.0,0.0,0.0,,,0,0,0,0,0,0
4.0,1.0,1.0,,SUNLIGHT Forecast for DAY 2,The weather forecasts call for between 12 and 20 hours of sunlight tomorrow.,32,2026-02-01 12:46:19.336863,NG,2.19,2.17,2.21,800000.0,800000.0,0,0,0,0,0,0
3.0,1.0,1.0,,You are logged in as a PRODUCER,,32,2026-02-01 12:46:19.336863,ELEC-day2,0.0,0.0,0.0,,,0,0,0,0,0,0
2.0,1.0,1.0,,FINES,"The fine for open positions of ELEC-dayX at the end of the day is $20,000/contract.",32,2026-02-01 12:46:19.336863,ELEC-day3,0.0,0.0,0.0,,,0,0,0,0,0,0
1.0,1.0,1.0,,Welcome to the RITC2026 GBE Energy Electricity Trading Case - practice server,,32,2026-02-01 12:46:19.336863,ELEC-day4,0.0,0.0,0.0,,,0,0,0,0,0,0
,,,,,,32,2026-02-01 12:46:19.336863,ELEC-day5,0.0,0.0,0.0,,,0,0,0,0,0,0
,,,,,,32,2026-02-01 12:46:19.336863,ELEC-day6,0.0,0.0,0.0,,,0,0,0,0,0,0
,,,,,,32,2026-02-01 12:46:19.336863,ELEC-F,0.0,0.0,0.0,,,0,0,0,0,0,0
4.0,1.0,1.0,,SUNLIGHT Forecast for DAY 2,The weather forecasts call for between 12 and 20 hours of sunlight tomorrow.,33,2026-02-01 12:46:20.368610,NG,2.19,2.17,2.21,800000.0,800000.0,0,0,0,0,0,0
3.0,1.0,1.0,,You are logged in as a PRODUCER,,33,2026-02-01 12:46:20.368610,ELEC-day2,0.0,0.0,0.0,,,0,0,0,0,0,0
2.0,1.0,1.0,,FINES,"The fine for open positions of ELEC-dayX at the end of the day is $20,000/contract.",33,2026-02-01 12:46:20.368610,ELEC-day3,0.0,0.0,0.0,,,0,0,0,0,0,0
1.0,1.0,1.0,,Welcome to the RITC2026 GBE Energy Electricity Trading Case - practice server,,33,2026-02-01 12:46:20.368610,ELEC-day4,0.0,0.0,0.0,,,0,0,0,0,0,0
,,,,,,33,2026-02-01 12:46:20.368610,ELEC-day5,0.0,0.0,0.0,,,0,0,0,0,0,0
,,,,,,33,2026-02-01 12:46:20.368610,ELEC-day6,0.0,0.0,0.0,,,0,0,0,0,0,0
,,,,,,33,2026-02-01 12:46:20.368610,ELEC-F,0.0,0.0,0.0,,,0,0,0,0,0,0
4.0,1.0,1.0,,SUNLIGHT Forecast for DAY 2,The weather forecasts call for between 12 and 20 hours of sunlight tomorrow.,34,2026-02-01 12:46:21.406272,NG,2.18,2.16,2.2,800000.0,800000.0,0,0,0,0,0,0
3.0,1.0,1.0,,You are logged in as a PRODUCER,,34,2026-02-01 12:46:21.406272,ELEC-day2,0.0,0.0,0.0,,,0,0,0,0,0,0
2.0,1.0,1.0,,FINES,"The fine for open positions of ELEC-dayX at the end of the day is $20,000/contract.",34,2026-02-01 12:46:21.406272,ELEC-day3,0.0,0.0,0.0,,,0,0,0,0,0,0
1.0,1.0,1.0,,Welcome to the RITC2026 GBE Energy Electricity Trading Case - practice server,,34,2026-02-01 12:46:21.406272,ELEC-day4,0.0,0.0,0.0,,,0,0,0,0,0,0
,,,,,,34,2026-02-01 12:46:21.406272,ELEC-day5,0.0,0.0,0.0,,,0,0,0,0,0,0
,,,,,,34,2026-02-01 12:46:21.406272,ELEC-day6,0.0,0.0,0.0,,,0,0,0,0,0,0
,,,,,,34,2026-02-01 12:46:21.406272,ELEC-F,0.0,0.0,0.0,,,0,0,0,0,0,0
4.0,1.0,1.0,,SUNLIGHT Forecast for DAY 2,The weather forecasts call for between 12 and 20 hours of sunlight tomorrow.,35,2026-02-01 12:46:22.449361,NG,2.17,2.15,2.19,800000.0,800000.0,0,0,0,0,0,0
3.0,1.0,1.0,,You are logged in as a PRODUCER,,35,2026-02-01 12:46:22.449361,ELEC-day2,0.0,0.0,0.0,,,0,0,0,0,0,0
2.0,1.0,1.0,,FINES,"The fine for open positions of ELEC-dayX at the end of the day is $20,000/contract.",35,2026-02-01 12:46:22.449361,ELEC-day3,0.0,0.0,0.0,,,0,0,0,0,0,0
1.0,1.0,1.0,,Welcome to the RITC2026 GBE Energy Electricity Trading Case - practice server,,35,2026-02-01 12:46:22.449361,ELEC-day4,0.0,0.0,0.0,,,0,0,0,0,0,0
,,,,,,35,2026-02-01 12:46:22.449361,ELEC-day5,0.0,0.0,0.0,,,0,0,0,0,0,0
,,,,,,35,2026-02-01 12:46:22.449361,ELEC-day6,0.0,0.0,0.0,,,0,0,0,0,0,0
,,,,,,35,2026-02-01 12:46:22.449361,ELEC-F,0.0,0.0,0.0,,,0,0,0,0,0,0
4.0,1.0,1.0,,SUNLIGHT Forecast for DAY 2,The weather forecasts call for between 12 and 20 hours of sunlight tomorrow.,36,2026-02-01 12:46:23.542324,NG,2.16,2.14,2.18,800000.0,800000.0,0,0,0,0,0,0
3.0,1.0,1.0,,You are logged in as a PRODUCER,,36,2026-02-01 12:46:23.542324,ELEC-day2,0.0,0.0,0.0,,,0,0,0,0,0,0
2.0,1.0,1.0,,FINES,"The fine for open positions of ELEC-dayX at the end of the day is $20,000/contract.",36,2026-02-01 12:46:23.542324,ELEC-day3,0.0,0.0,0.0,,,0,0,0,0,0,0
1.0,1.0,1.0,,Welcome to the RITC2026 GBE Energy Electricity Trading Case - practice server,,36,2026-02-01 12:46:23.542324,ELEC-day4,0.0,0.0,0.0,,,0,0,0,0,0,0
,,,,,,36,2026-02-01 12:46:23.542324,ELEC-day5,0.0,0.0,0.0,,,0,0,0,0,0,0
,,,,,,36,2026-02-01 12:46:23.542324,ELEC-day6,0.0,0.0,0.0,,,0,0,0,0,0,0
,,,,,,36,2026-02-01 12:46:23.542324,ELEC-F,0.0,0.0,0.0,,,0,0,0,0,0,0
4.0,1.0,1.0,,SUNLIGHT Forecast for DAY 2,The weather forecasts call for between 12 and 20 hours of sunlight tomorrow.,37,2026-02-01 12:46:24.597128,NG,2.16,2.14,2.18,800000.0,800000.0,0,0,0,0,0,0
3.0,1.0,1.0,,You are logged in as a PRODUCER,,37,2026-02-01 12:46:24.597128,ELEC-day2,0.0,0.0,0.0,,,0,0,0,0,0,0
2.0,1.0,1.0,,FINES,"The fine for open positions of ELEC-dayX at the end of the day is $20,000/contract.",37,2026-02-01 12:46:24.597128,ELEC-day3,0.0,0.0,0.0,,,0,0,0,0,0,0
1.0,1.0,1.0,,Welcome to the RITC2026 GBE Energy Electricity Trading Case - practice server,,37,2026-02-01 12:46:24.597128,ELEC-day4,0.0,0.0,0.0,,,0,0,0,0,0,0
,,,,,,37,2026-02-01 12:46:24.597128,ELEC-day5,0.0,0.0,0.0,,,0,0,0,0,0,0
,,,,,,37,2026-02-01 12:46:24.597128,ELEC-day6,0.0,0.0,0.0,,,0,0,0,0,0,0
,,,,,,37,2026-02-01 12:46:24.597128,ELEC-F,0.0,0.0,0.0,,,0,0,0,0,0,0
4.0,1.0,1.0,,SUNLIGHT Forecast for DAY 2,The weather forecasts call for between 12 and 20 hours of sunlight tomorrow.,38,2026-02-01 12:46:25.684658,NG,2.15,2.13,2.17,800000.0,800000.0,0,0,0,0,0,0
3.0,1.0,1.0,,You are logged in as a PRODUCER,,38,2026-02-01 12:46:25.684658,ELEC-day2,0.0,0.0,0.0,,,0,0,0,0,0,0
2.0,1.0,1.0,,FINES,"The fine for open positions of ELEC-dayX at the end of the day is $20,000/contract.",38,2026-02-01 12:46:25.684658,ELEC-day3,0.0,0.0,0.0,,,0,0,0,0,0,0
1.0,1.0,1.0,,Welcome to the RITC2026 GBE Energy Electricity Trading Case - practice server,,38,2026-02-01 12:46:25.684658,ELEC-day4,0.0,0.0,0.0,,,0,0,0,0,0,0
,,,,,,38,2026-02-01 12:46:25.684658,ELEC-day5,0.0,0.0,0.0,,,0,0,0,0,0,0
,,,,,,38,2026-02-01 12:46:25.684658,ELEC-day6,0.0,0.0,0.0,,,0,0,0,0,0,0
,,,,,,38,2026-02-01 12:46:25.684658,ELEC-F,0.0,0.0,0.0,,,0,0,0,0,0,0
4.0,1.0,1.0,,SUNLIGHT Forecast for DAY 2,The weather forecasts call for between 12 and 20 hours of sunlight tomorrow.,39,2026-02-01 12:46:26.735025,NG,2.16,2.14,2.18,800000.0,800000.0,0,0,0,0,0,0
3.0,1.0,1.0,,You are logged in as a PRODUCER,,39,2026-02-01 12:46:26.735025,ELEC-day2,0.0,0.0,0.0,,,0,0,0,0,0,0
2.0,1.0,1.0,,FINES,"The fine for open positions of ELEC-dayX at the end of the day is $20,000/contract.",39,2026-02-01 12:46:26.735025,ELEC-day3,0.0,0.0,0.0,,,0,0,0,0,0,0
1.0,1.0,1.0,,Welcome to the RITC2026 GBE Energy Electricity Trading Case - practice server,,39,2026-02-01 12:46:26.735025,ELEC-day4,0.0,0.0,0.0,,,0,0,0,0,0,0
,,,,,,39,2026-02-01 12:46:26.735025,ELEC-day5,0.0,0.0,0.0,,,0,0,0,0,0,0
,,,,,,39,2026-02-01 12:46:26.735025,ELEC-day6,0.0,0.0,0.0,,,0,0,0,0,0,0
,,,,,,39,2026-02-01 12:46:26.735025,ELEC-F,0.0,0.0,0.0,,,0,0,0,0,0,0
4.0,1.0,1.0,,SUNLIGHT Forecast for DAY 2,The weather forecasts call for between 12 and 20 hours of sunlight tomorrow.,40,2026-02-01 12:46:27.792032,NG,2.17,2.15,2.19,800000.0,800000.0,0,0,0,0,0,0
3.0,1.0,1.0,,You are logged in as a PRODUCER,,40,2026-02-01 12:46:27.792032,ELEC-day2,0.0,0.0,0.0,,,0,0,0,0,0,0
2.0,1.0,1.0,,FINES,"The fine for open positions of ELEC-dayX at the end of the day is $20,000/contract.",40,2026-02-01 12:46:27.792032,ELEC-day3,0.0,0.0,0.0,,,0,0,0,0,0,0
1.0,1.0,1.0,,Welcome to the RITC2026 GBE Energy Electricity Trading Case - practice server,,40,2026-02-01 12:46:27.792032,ELEC-day4,0.0,0.0,0.0,,,0,0,0,0,0,0
,,,,,,40,2026-02-01 12:46:27.792032,ELEC-day5,0.0,0.0,0.0,,,0,0,0,0,0,0
,,,,,,40,2026-02-01 12:46:27.792032,ELEC-day6,0.0,0.0,0.0,,,0,0,0,0,0,0
,,,,,,40,2026-02-01 12:46:27.792032,ELEC-F,0.0,0.0,0.0,,,0,0,0,0,0,0
4.0,1.0,1.0,,SUNLIGHT Forecast for DAY 2,The weather forecasts call for between 12 and 20 hours of sunlight tomorrow.,41,2026-02-01 12:46:28.841711,NG,2.16,2.14,2.18,800000.0,800000.0,0,0,0,0,0,0
3.0,1.0,1.0,,You are logged in as a PRODUCER,,41,2026-02-01 12:46:28.841711,ELEC-day2,0.0,0.0,0.0,,,0,0,0,0,0,0
2.0,1.0,1.0,,FINES,"The fine for open positions of ELEC-dayX at the end of the day is $20,000/contract.",41,2026-02-01 12:46:28.841711,ELEC-day3,0.0,0.0,0.0,,,0,0,0,0,0,0
1.0,1.0,1.0,,Welcome to the RITC2026 GBE Energy Electricity Trading Case - practice server,,41,2026-02-01 12:46:28.841711,ELEC-day4,0.0,0.0,0.0,,,0,0,0,0,0,0
,,,,,,41,2026-02-01 12:46:28.841711,ELEC-day5,0.0,0.0,0.0,,,0,0,0,0,0,0
,,,,,,41,2026-02-01 12:46:28.841711,ELEC-day6,0.0,0.0,0.0,,,0,0,0,0,0,0
,,,,,,41,2026-02-01 12:46:28.841711,ELEC-F,0.0,0.0,0.0,,,0,0,0,0,0,0
4.0,1.0,1.0,,SUNLIGHT Forecast for DAY 2,The weather forecasts call for between 12 and 20 hours of sunlight tomorrow.,43,2026-02-01 12:46:30.037515,NG,2.16,2.14,2.18,800000.0,800000.0,0,0,0,0,0,0
3.0,1.0,1.0,,You are logged in as a PRODUCER,,43,2026-02-01 12:46:30.037515,ELEC-day2,0.0,0.0,0.0,,,0,0,0,0,0,0
2.0,1.0,1.0,,FINES,"The fine for open positions of ELEC-dayX at the end of the day is $20,000/contract.",43,2026-02-01 12:46:30.037515,ELEC-day3,0.0,0.0,0.0,,,0,0,0,0,0,0
1.0,1.0,1.0,,Welcome to the RITC2026 GBE Energy Electricity Trading Case - practice server,,43,2026-02-01 12:46:30.037515,ELEC-day4,0.0,0.0,0.0,,,0,0,0,0,0,0
,,,,,,43,2026-02-01 12:46:30.037515,ELEC-day5,0.0,0.0,0.0,,,0,0,0,0,0,0
,,,,,,43,2026-02-01 12:46:30.037515,ELEC-day6,0.0,0.0,0.0,,,0,0,0,0,0,0
,,,,,,43,2026-02-01 12:46:30.037515,ELEC-F,0.0,0.0,0.0,,,0,0,0,0,0,0
4.0,1.0,1.0,,SUNLIGHT Forecast for DAY 2,The weather forecasts call for between 12 and 20 hours of sunlight tomorrow.,44,2026-02-01 12:46:31.234103,NG,2.17,2.15,2.19,800000.0,800000.0,0,0,0,0,0,0
3.0,1.0,1.0,,You are logged in as a PRODUCER,,44,2026-02-01 12:46:31.234103,ELEC-day2,0.0,0.0,0.0,,,0,0,0,0,0,0
2.0,1.0,1.0,,FINES,"The fine for open positions of ELEC-dayX at the end of the day is $20,000/contract.",44,2026-02-01 12:46:31.234103,ELEC-day3,0.0,0.0,0.0,,,0,0,0,0,0,0
1.0,1.0,1.0,,Welcome to the RITC2026 GBE Energy Electricity Trading Case - practice server,,44,2026-02-01 12:46:31.234103,ELEC-day4,0.0,0.0,0.0,,,0,0,0,0,0,0
,,,,,,44,2026-02-01 12:46:31.234103,ELEC-day5,0.0,0.0,0.0,,,0,0,0,0,0,0
,,,,,,44,2026-02-01 12:46:31.234103,ELEC-day6,0.0,0.0,0.0,,,0,0,0,0,0,0
,,,,,,44,2026-02-01 12:46:31.234103,ELEC-F,0.0,0.0,0.0,,,0,0,0,0,0,0
4.0,1.0,1.0,,SUNLIGHT Forecast for DAY 2,The weather forecasts call for between 12 and 20 hours of sunlight tomorrow.,45,2026-02-01 12:46:32.787228,NG,2.19,2.17,2.21,800000.0,800000.0,0,0,0,0,0,0
3.0,1.0,1.0,,You are logged in as a PRODUCER,,45,2026-02-01 12:46:32.787228,ELEC-day2,0.0,0.0,0.0,,,0,0,0,0,0,0
2.0,1.0,1.0,,FINES,"The fine for open positions of ELEC-dayX at the end of the day is $20,000/contract.",45,2026-02-01 12:46:32.787228,ELEC-day3,0.0,0.0,0.0,,,0,0,0,0,0,0
1.0,1.0,1.0,,Welcome to the RITC2026 GBE Energy Electricity Trading Case - practice server,,45,2026-02-01 12:46:32.787228,ELEC-day4,0.0,0.0,0.0,,,0,0,0,0,0,0
,,,,,,45,2026-02-01 12:46:32.787228,ELEC-day5,0.0,0.0,0.0,,,0,0,0,0,0,0
,,,,,,45,2026-02-01 12:46:32.787228,ELEC-day6,0.0,0.0,0.0,,,0,0,0,0,0,0
,,,,,,45,2026-02-01 12:46:32.787228,ELEC-F,0.0,0.0,0.0,,,0,0,0,0,0,0
4.0,1.0,1.0,,SUNLIGHT Forecast for DAY 2,The weather forecasts call for between 12 and 20 hours of sunlight tomorrow.,47,2026-02-01 12:46:34.425310,NG,2.19,2.17,2.21,800000.0,800000.0,0,0,0,0,0,0
3.0,1.0,1.0,,You are logged in as a PRODUCER,,47,2026-02-01 12:46:34.425310,ELEC-day2,0.0,0.0,0.0,,,0,0,0,0,0,0
2.0,1.0,1.0,,FINES,"The fine for open positions of ELEC-dayX at the end of the day is $20,000/contract.",47,2026-02-01 12:46:34.425310,ELEC-day3,0.0,0.0,0.0,,,0,0,0,0,0,0
1.0,1.0,1.0,,Welcome to the RITC2026 GBE Energy Electricity Trading Case - practice server,,47,2026-02-01 12:46:34.425310,ELEC-day4,0.0,0.0,0.0,,,0,0,0,0,0,0
,,,,,,47,2026-02-01 12:46:34.425310,ELEC-day5,0.0,0.0,0.0,,,0,0,0,0,0,0
,,,,,,47,2026-02-01 12:46:34.425310,ELEC-day6,0.0,0.0,0.0,,,0,0,0,0,0,0
,,,,,,47,2026-02-01 12:46:34.425310,ELEC-F,0.0,0.0,0.0,,,0,0,0,0,0,0
4.0,1.0,1.0,,SUNLIGHT Forecast for DAY 2,The weather forecasts call for between 12 and 20 hours of sunlight tomorrow.,48,2026-02-01 12:46:35.734645,NG,2.19,2.17,2.21,800000.0,800000.0,0,0,0,0,0,0
3.0,1.0,1.0,,You are logged in as a PRODUCER,,48,2026-02-01 12:46:35.734645,ELEC-day2,0.0,0.0,0.0,,,0,0,0,0,0,0
2.0,1.0,1.0,,FINES,"The fine for open positions of ELEC-dayX at the end of the day is $20,000/contract.",48,2026-02-01 12:46:35.734645,ELEC-day3,0.0,0.0,0.0,,,0,0,0,0,0,0
1.0,1.0,1.0,,Welcome to the RITC2026 GBE Energy Electricity Trading Case - practice server,,48,2026-02-01 12:46:35.734645,ELEC-day4,0.0,0.0,0.0,,,0,0,0,0,0,0
,,,,,,48,2026-02-01 12:46:35.734645,ELEC-day5,0.0,0.0,0.0,,,0,0,0,0,0,0
,,,,,,48,2026-02-01 12:46:35.734645,ELEC-day6,0.0,0.0,0.0,,,0,0,0,0,0,0
,,,,,,48,2026-02-01 12:46:35.734645,ELEC-F,0.0,0.0,0.0,,,0,0,0,0,0,0
4.0,1.0,1.0,,SUNLIGHT Forecast for DAY 2,The weather forecasts call for between 12 and 20 hours of sunlight tomorrow.,50,2026-02-01 12:46:37.461250,NG,2.2,2.18,2.22,800000.0,800000.0,0,0,0,0,0,0
3.0,1.0,1.0,,You are logged in as a PRODUCER,,50,2026-02-01 12:46:37.461250,ELEC-day2,0.0,0.0,0.0,,,0,0,0,0,0,0
2.0,1.0,1.0,,FINES,"The fine for open positions of ELEC-dayX at the end of the day is $20,000/contract.",50,2026-02-01 12:46:37.461250,ELEC-day3,0.0,0.0,0.0,,,0,0,0,0,0,0
1.0,1.0,1.0,,Welcome to the RITC2026 GBE Energy Electricity Trading Case - practice server,,50,2026-02-01 12:46:37.461250,ELEC-day4,0.0,0.0,0.0,,,0,0,0,0,0,0
,,,,,,50,2026-02-01 12:46:37.461250,ELEC-day5,0.0,0.0,0.0,,,0,0,0,0,0,0
,,,,,,50,2026-02-01 12:46:37.461250,ELEC-day6,0.0,0.0,0.0,,,0,0,0,0,0,0
,,,,,,50,2026-02-01 12:46:37.461250,ELEC-F,0.0,0.0,0.0,,,0,0,0,0,0,0
4.0,1.0,1.0,,SUNLIGHT Forecast for DAY 2,The weather forecasts call for between 12 and 20 hours of sunlight tomorrow.,52,2026-02-01 12:46:39.049497,NG,2.21,2.19,2.23,800000.0,800000.0,0,0,0,0,0,0
3.0,1.0,1.0,,You are logged in as a PRODUCER,,52,2026-02-01 12:46:39.049497,ELEC-day2,0.0,0.0,0.0,,,0,0,0,0,0,0
2.0,1.0,1.0,,FINES,"The fine for open positions of ELEC-dayX at the end of the day is $20,000/contract.",52,2026-02-01 12:46:39.049497,ELEC-day3,0.0,0.0,0.0,,,0,0,0,0,0,0
1.0,1.0,1.0,,Welcome to the RITC2026 GBE Energy Electricity Trading Case - practice server,,52,2026-02-01 12:46:39.049497,ELEC-day4,0.0,0.0,0.0,,,0,0,0,0,0,0
,,,,,,52,2026-02-01 12:46:39.049497,ELEC-day5,0.0,0.0,0.0,,,0,0,0,0,0,0
,,,,,,52,2026-02-01 12:46:39.049497,ELEC-day6,0.0,0.0,0.0,,,0,0,0,0,0,0
,,,,,,52,2026-02-01 12:46:39.049497,ELEC-F,0.0,0.0,0.0,,,0,0,0,0,0,0
4.0,1.0,1.0,,SUNLIGHT Forecast for DAY 2,The weather forecasts call for between 12 and 20 hours of sunlight tomorrow.,54,2026-02-01 12:46:41.127648,NG,2.21,2.19,2.23,800000.0,800000.0,0,0,0,0,0,0
3.0,1.0,1.0,,You are logged in as a PRODUCER,,54,2026-02-01 12:46:41.127648,ELEC-day2,0.0,0.0,0.0,,,0,0,0,0,0,0
2.0,1.0,1.0,,FINES,"The fine for open positions of ELEC-dayX at the end of the day is $20,000/contract.",54,2026-02-01 12:46:41.127648,ELEC-day3,0.0,0.0,0.0,,,0,0,0,0,0,0
1.0,1.0,1.0,,Welcome to the RITC2026 GBE Energy Electricity Trading Case - practice server,,54,2026-02-01 12:46:41.127648,ELEC-day4,0.0,0.0,0.0,,,0,0,0,0,0,0
,,,,,,54,2026-02-01 12:46:41.127648,ELEC-day5,0.0,0.0,0.0,,,0,0,0,0,0,0
,,,,,,54,2026-02-01 12:46:41.127648,ELEC-day6,0.0,0.0,0.0,,,0,0,0,0,0,0
,,,,,,54,2026-02-01 12:46:41.127648,ELEC-F,0.0,0.0,0.0,,,0,0,0,0,0,0
4.0,1.0,1.0,,SUNLIGHT Forecast for DAY 2,The weather forecasts call for between 12 and 20 hours of sunlight tomorrow.,56,2026-02-01 12:46:43.174802,NG,2.2,2.18,2.22,800000.0,800000.0,0,0,0,0,0,0
3.0,1.0,1.0,,You are logged in as a PRODUCER,,56,2026-02-01 12:46:43.174802,ELEC-day2,0.0,0.0,0.0,,,0,0,0,0,0,0
2.0,1.0,1.0,,FINES,"The fine for open positions of ELEC-dayX at the end of the day is $20,000/contract.",56,2026-02-01 12:46:43.174802,ELEC-day3,0.0,0.0,0.0,,,0,0,0,0,0,0
1.0,1.0,1.0,,Welcome to the RITC2026 GBE Energy Electricity Trading Case - practice server,,56,2026-02-01 12:46:43.174802,ELEC-day4,0.0,0.0,0.0,,,0,0,0,0,0,0
,,,,,,56,2026-02-01 12:46:43.174802,ELEC-day5,0.0,0.0,0.0,,,0,0,0,0,0,0
,,,,,,56,2026-02-01 12:46:43.174802,ELEC-day6,0.0,0.0,0.0,,,0,0,0,0,0,0
,,,,,,56,2026-02-01 12:46:43.174802,ELEC-F,0.0,0.0,0.0,,,0,0,0,0,0,0
4.0,1.0,1.0,,SUNLIGHT Forecast for DAY 2,The weather forecasts call for between 12 and 20 hours of sunlight tomorrow.,58,2026-02-01 12:46:45.322869,NG,2.2,2.18,2.22,800000.0,800000.0,0,0,0,0,0,0
3.0,1.0,1.0,,You are logged in as a PRODUCER,,58,2026-02-01 12:46:45.322869,ELEC-day2,0.0,0.0,0.0,,,0,0,0,0,0,0
2.0,1.0,1.0,,FINES,"The fine for open positions of ELEC-dayX at the end of the day is $20,000/contract.",58,2026-02-01 12:46:45.322869,ELEC-day3,0.0,0.0,0.0,,,0,0,0,0,0,0
1.0,1.0,1.0,,Welcome to the RITC2026 GBE Energy Electricity Trading Case - practice server,,58,2026-02-01 12:46:45.322869,ELEC-day4,0.0,0.0,0.0,,,0,0,0,0,0,0
,,,,,,58,2026-02-01 12:46:45.322869,ELEC-day5,0.0,0.0,0.0,,,0,0,0,0,0,0
,,,,,,58,2026-02-01 12:46:45.322869,ELEC-day6,0.0,0.0,0.0,,,0,0,0,0,0,0
,,,,,,58,2026-02-01 12:46:45.322869,ELEC-F,0.0,0.0,0.0,,,0,0,0,0,0,0
4.0,1.0,1.0,,SUNLIGHT Forecast for DAY 2,The weather forecasts call for between 12 and 20 hours of sunlight tomorrow.,60,2026-02-01 12:46:47.200823,NG,2.2,2.18,2.22,800000.0,800000.0,0,0,0,0,0,0
3.0,1.0,1.0,,You are logged in as a PRODUCER,,60,2026-02-01 12:46:47.200823,ELEC-day2,0.0,0.0,0.0,,,0,0,0,0,0,0
2.0,1.0,1.0,,FINES,"The fine for open positions of ELEC-dayX at the end of the day is $20,000/contract.",60,2026-02-01 12:46:47.200823,ELEC-day3,0.0,0.0,0.0,,,0,0,0,0,0,0
1.0,1.0,1.0,,Welcome to the RITC2026 GBE Energy Electricity Trading Case - practice server,,60,2026-02-01 12:46:47.200823,ELEC-day4,0.0,0.0,0.0,,,0,0,0,0,0,0
,,,,,,60,2026-02-01 12:46:47.200823,ELEC-day5,0.0,0.0,0.0,,,0,0,0,0,0,0
,,,,,,60,2026-02-01 12:46:47.200823,ELEC-day6,0.0,0.0,0.0,,,0,0,0,0,0,0
,,,,,,60,2026-02-01 12:46:47.200823,ELEC-F,0.0,0.0,0.0,,,0,0,0,0,0,0
4.0,1.0,1.0,,SUNLIGHT Forecast for DAY 2,The weather forecasts call for between 12 and 20 hours of sunlight tomorrow.,61,2026-02-01 12:46:48.778579,NG,2.2,2.18,2.22,800000.0,800000.0,0,0,0,0,0,0
3.0,1.0,1.0,,You are logged in as a PRODUCER,,61,2026-02-01 12:46:48.778579,ELEC-day2,0.0,0.0,0.0,,,0,0,0,0,0,0
2.0,1.0,1.0,,FINES,"The fine for open positions of ELEC-dayX at the end of the day is $20,000/contract.",61,2026-02-01 12:46:48.778579,ELEC-day3,0.0,0.0,0.0,,,0,0,0,0,0,0
1.0,1.0,1.0,,Welcome to the RITC2026 GBE Energy Electricity Trading Case - practice server,,61,2026-02-01 12:46:48.778579,ELEC-day4,0.0,0.0,0.0,,,0,0,0,0,0,0
,,,,,,61,2026-02-01 12:46:48.778579,ELEC-day5,0.0,0.0,0.0,,,0,0,0,0,0,0
,,,,,,61,2026-02-01 12:46:48.778579,ELEC-day6,0.0,0.0,0.0,,,0,0,0,0,0,0
,,,,,,61,2026-02-01 12:46:48.778579,ELEC-F,0.0,0.0,0.0,,,0,0,0,0,0,0
4.0,1.0,1.0,,SUNLIGHT Forecast for DAY 2,The weather forecasts call for between 12 and 20 hours of sunlight tomorrow.,62,2026-02-01 12:46:49.853777,NG,2.21,2.19,2.23,800000.0,800000.0,0,0,0,0,0,0
3.0,1.0,1.0,,You are logged in as a PRODUCER,,62,2026-02-01 12:46:49.853777,ELEC-day2,0.0,0.0,0.0,,,0,0,0,0,0,0
2.0,1.0,1.0,,FINES,"The fine for open positions of ELEC-dayX at the end of the day is $20,000/contract.",62,2026-02-01 12:46:49.853777,ELEC-day3,0.0,0.0,0.0,,,0,0,0,0,0,0
1.0,1.0,1.0,,Welcome to the RITC2026 GBE Energy Electricity Trading Case - practice server,,62,2026-02-01 12:46:49.853777,ELEC-day4,0.0,0.0,0.0,,,0,0,0,0,0,0
,,,,,,62,2026-02-01 12:46:49.853777,ELEC-day5,0.0,0.0,0.0,,,0,0,0,0,0,0
,,,,,,62,2026-02-01 12:46:49.853777,ELEC-day6,0.0,0.0,0.0,,,0,0,0,0,0,0
,,,,,,62,2026-02-01 12:46:49.853777,ELEC-F,0.0,0.0,0.0,,,0,0,0,0,0,0
4.0,1.0,1.0,,SUNLIGHT Forecast for DAY 2,The weather forecasts call for between 12 and 20 hours of sunlight tomorrow.,63,2026-02-01 12:46:50.883823,NG,2.21,2.19,2.23,800000.0,800000.0,0,0,0,0,0,0
3.0,1.0,1.0,,You are logged in as a PRODUCER,,63,2026-02-01 12:46:50.883823,ELEC-day2,0.0,0.0,0.0,,,0,0,0,0,0,0
2.0,1.0,1.0,,FINES,"The fine for open positions of ELEC-dayX at the end of the day is $20,000/contract.",63,2026-02-01 12:46:50.883823,ELEC-day3,0.0,0.0,0.0,,,0,0,0,0,0,0
1.0,1.0,1.0,,Welcome to the RITC2026 GBE Energy Electricity Trading Case - practice server,,63,2026-02-01 12:46:50.883823,ELEC-day4,0.0,0.0,0.0,,,0,0,0,0,0,0
,,,,,,63,2026-02-01 12:46:50.883823,ELEC-day5,0.0,0.0,0.0,,,0,0,0,0,0,0
,,,,,,63,2026-02-01 12:46:50.883823,ELEC-day6,0.0,0.0,0.0,,,0,0,0,0,0,0
,,,,,,63,2026-02-01 12:46:50.883823,ELEC-F,0.0,0.0,0.0,,,0,0,0,0,0,0
4.0,1.0,1.0,,SUNLIGHT Forecast for DAY 2,The weather forecasts call for between 12 and 20 hours of sunlight tomorrow.,64,2026-02-01 12:46:51.917048,NG,2.21,2.19,2.23,800000.0,800000.0,0,0,0,0,0,0
3.0,1.0,1.0,,You are logged in as a PRODUCER,,64,2026-02-01 12:46:51.917048,ELEC-day2,0.0,0.0,0.0,,,0,0,0,0,0,0
2.0,1.0,1.0,,FINES,"The fine for open positions of ELEC-dayX at the end of the day is $20,000/contract.",64,2026-02-01 12:46:51.917048,ELEC-day3,0.0,0.0,0.0,,,0,0,0,0,0,0
1.0,1.0,1.0,,Welcome to the RITC2026 GBE Energy Electricity Trading Case - practice server,,64,2026-02-01 12:46:51.917048,ELEC-day4,0.0,0.0,0.0,,,0,0,0,0,0,0
,,,,,,64,2026-02-01 12:46:51.917048,ELEC-day5,0.0,0.0,0.0,,,0,0,0,0,0,0
,,,,,,64,2026-02-01 12:46:51.917048,ELEC-day6,0.0,0.0,0.0,,,0,0,0,0,0,0
,,,,,,64,2026-02-01 12:46:51.917048,ELEC-F,0.0,0.0,0.0,,,0,0,0,0,0,0
4.0,1.0,1.0,,SUNLIGHT Forecast for DAY 2,The weather forecasts call for between 12 and 20 hours of sunlight tomorrow.,65,2026-02-01 12:46:52.953823,NG,2.22,2.2,2.24,800000.0,800000.0,0,0,0,0,0,0
3.0,1.0,1.0,,You are logged in as a PRODUCER,,65,2026-02-01 12:46:52.953823,ELEC-day2,0.0,0.0,0.0,,,0,0,0,0,0,0
2.0,1.0,1.0,,FINES,"The fine for open positions of ELEC-dayX at the end of the day is $20,000/contract.",65,2026-02-01 12:46:52.953823,ELEC-day3,0.0,0.0,0.0,,,0,0,0,0,0,0
1.0,1.0,1.0,,Welcome to the RITC2026 GBE Energy Electricity Trading Case - practice server,,65,2026-02-01 12:46:52.953823,ELEC-day4,0.0,0.0,0.0,,,0,0,0,0,0,0
,,,,,,65,2026-02-01 12:46:52.953823,ELEC-day5,0.0,0.0,0.0,,,0,0,0,0,0,0
,,,,,,65,2026-02-01 12:46:52.953823,ELEC-day6,0.0,0.0,0.0,,,0,0,0,0,0,0
,,,,,,65,2026-02-01 12:46:52.953823,ELEC-F,0.0,0.0,0.0,,,0,0,0,0,0,0
4.0,1.0,1.0,,SUNLIGHT Forecast for DAY 2,The weather forecasts call for between 12 and 20 hours of sunlight tomorrow.,66,2026-02-01 12:46:53.978230,NG,2.22,2.2,2.24,800000.0,800000.0,0,0,0,0,0,0
3.0,1.0,1.0,,You are logged in as a PRODUCER,,66,2026-02-01 12:46:53.978230,ELEC-day2,0.0,0.0,0.0,,,0,0,0,0,0,0
2.0,1.0,1.0,,FINES,"The fine for open positions of ELEC-dayX at the end of the day is $20,000/contract.",66,2026-02-01 12:46:53.978230,ELEC-day3,0.0,0.0,0.0,,,0,0,0,0,0,0
1.0,1.0,1.0,,Welcome to the RITC2026 GBE Energy Electricity Trading Case - practice server,,66,2026-02-01 12:46:53.978230,ELEC-day4,0.0,0.0,0.0,,,0,0,0,0,0,0
,,,,,,66,2026-02-01 12:46:53.978230,ELEC-day5,0.0,0.0,0.0,,,0,0,0,0,0,0
,,,,,,66,2026-02-01 12:46:53.978230,ELEC-day6,0.0,0.0,0.0,,,0,0,0,0,0,0
,,,,,,66,2026-02-01 12:46:53.978230,ELEC-F,0.0,0.0,0.0,,,0,0,0,0,0,0
4.0,1.0,1.0,,SUNLIGHT Forecast for DAY 2,The weather forecasts call for between 12 and 20 hours of sunlight tomorrow.,67,2026-02-01 12:46:55.003271,NG,2.21,2.19,2.23,800000.0,800000.0,0,0,0,0,0,0
3.0,1.0,1.0,,You are logged in as a PRODUCER,,67,2026-02-01 12:46:55.003271,ELEC-day2,0.0,0.0,0.0,,,0,0,0,0,0,0
2.0,1.0,1.0,,FINES,"The fine for open positions of ELEC-dayX at the end of the day is $20,000/contract.",67,2026-02-01 12:46:55.003271,ELEC-day3,0.0,0.0,0.0,,,0,0,0,0,0,0
1.0,1.0,1.0,,Welcome to the RITC2026 GBE Energy Electricity Trading Case - practice server,,67,2026-02-01 12:46:55.003271,ELEC-day4,0.0,0.0,0.0,,,0,0,0,0,0,0
,,,,,,67,2026-02-01 12:46:55.003271,ELEC-day5,0.0,0.0,0.0,,,0,0,0,0,0,0
,,,,,,67,2026-02-01 12:46:55.003271,ELEC-day6,0.0,0.0,0.0,,,0,0,0,0,0,0
,,,,,,67,2026-02-01 12:46:55.003271,ELEC-F,0.0,0.0,0.0,,,0,0,0,0,0,0
4.0,1.0,1.0,,SUNLIGHT Forecast for DAY 2,The weather forecasts call for between 12 and 20 hours of sunlight tomorrow.,69,2026-02-01 12:46:56.040134,NG,2.2,2.18,2.22,800000.0,800000.0,0,0,0,0,0,0
3.0,1.0,1.0,,You are logged in as a PRODUCER,,69,2026-02-01 12:46:56.040134,ELEC-day2,0.0,0.0,0.0,,,0,0,0,0,0,0
2.0,1.0,1.0,,FINES,"The fine for open positions of ELEC-dayX at the end of the day is $20,000/contract.",69,2026-02-01 12:46:56.040134,ELEC-day3,0.0,0.0,0.0,,,0,0,0,0,0,0
1.0,1.0,1.0,,Welcome to the RITC2026 GBE Energy Electricity Trading Case - practice server,,69,2026-02-01 12:46:56.040134,ELEC-day4,0.0,0.0,0.0,,,0,0,0,0,0,0
,,,,,,69,2026-02-01 12:46:56.040134,ELEC-day5,0.0,0.0,0.0,,,0,0,0,0,0,0
,,,,,,69,2026-02-01 12:46:56.040134,ELEC-day6,0.0,0.0,0.0,,,0,0,0,0,0,0
,,,,,,69,2026-02-01 12:46:56.040134,ELEC-F,0.0,0.0,0.0,,,0,0,0,0,0,0
4.0,1.0,1.0,,SUNLIGHT Forecast for DAY 2,The weather forecasts call for between 12 and 20 hours of sunlight tomorrow.,70,2026-02-01 12:46:57.098078,NG,2.2,2.18,2.22,800000.0,800000.0,0,0,0,0,0,0
3.0,1.0,1.0,,You are logged in as a PRODUCER,,70,2026-02-01 12:46:57.098078,ELEC-day2,0.0,0.0,0.0,,,0,0,0,0,0,0
2.0,1.0,1.0,,FINES,"The fine for open positions of ELEC-dayX at the end of the day is $20,000/contract.",70,2026-02-01 12:46:57.098078,ELEC-day3,0.0,0.0,0.0,,,0,0,0,0,0,0
1.0,1.0,1.0,,Welcome to the RITC2026 GBE Energy Electricity Trading Case - practice server,,70,2026-02-01 12:46:57.098078,ELEC-day4,0.0,0.0,0.0,,,0,0,0,0,0,0
,,,,,,70,2026-02-01 12:46:57.098078,ELEC-day5,0.0,0.0,0.0,,,0,0,0,0,0,0
,,,,,,70,2026-02-01 12:46:57.098078,ELEC-day6,0.0,0.0,0.0,,,0,0,0,0,0,0
,,,,,,70,2026-02-01 12:46:57.098078,ELEC-F,0.0,0.0,0.0,,,0,0,0,0,0,0
4.0,1.0,1.0,,SUNLIGHT Forecast for DAY 2,The weather forecasts call for between 12 and 20 hours of sunlight tomorrow.,71,2026-02-01 12:46:58.133361,NG,2.2,2.18,2.22,800000.0,800000.0,0,0,0,0,0,0
3.0,1.0,1.0,,You are logged in as a PRODUCER,,71,2026-02-01 12:46:58.133361,ELEC-day2,0.0,0.0,0.0,,,0,0,0,0,0,0
2.0,1.0,1.0,,FINES,"The fine for open positions of ELEC-dayX at the end of the day is $20,000/contract.",71,2026-02-01 12:46:58.133361,ELEC-day3,0.0,0.0,0.0,,,0,0,0,0,0,0
1.0,1.0,1.0,,Welcome to the RITC2026 GBE Energy Electricity Trading Case - practice server,,71,2026-02-01 12:46:58.133361,ELEC-day4,0.0,0.0,0.0,,,0,0,0,0,0,0
,,,,,,71,2026-02-01 12:46:58.133361,ELEC-day5,0.0,0.0,0.0,,,0,0,0,0,0,0
,,,,,,71,2026-02-01 12:46:58.133361,ELEC-day6,0.0,0.0,0.0,,,0,0,0,0,0,0
,,,,,,71,2026-02-01 12:46:58.133361,ELEC-F,0.0,0.0,0.0,,,0,0,0,0,0,0
4.0,1.0,1.0,,SUNLIGHT Forecast for DAY 2,The weather forecasts call for between 12 and 20 hours of sunlight tomorrow.,72,2026-02-01 12:46:59.175926,NG,2.2,2.18,2.22,800000.0,800000.0,0,0,0,0,0,0
3.0,1.0,1.0,,You are logged in as a PRODUCER,,72,2026-02-01 12:46:59.175926,ELEC-day2,0.0,0.0,0.0,,,0,0,0,0,0,0
2.0,1.0,1.0,,FINES,"The fine for open positions of ELEC-dayX at the end of the day is $20,000/contract.",72,2026-02-01 12:46:59.175926,ELEC-day3,0.0,0.0,0.0,,,0,0,0,0,0,0
1.0,1.0,1.0,,Welcome to the RITC2026 GBE Energy Electricity Trading Case - practice server,,72,2026-02-01 12:46:59.175926,ELEC-day4,0.0,0.0,0.0,,,0,0,0,0,0,0
,,,,,,72,2026-02-01 12:46:59.175926,ELEC-day5,0.0,0.0,0.0,,,0,0,0,0,0,0
,,,,,,72,2026-02-01 12:46:59.175926,ELEC-day6,0.0,0.0,0.0,,,0,0,0,0,0,0
,,,,,,72,2026-02-01 12:46:59.175926,ELEC-F,0.0,0.0,0.0,,,0,0,0,0,0,0
4.0,1.0,1.0,,SUNLIGHT Forecast for DAY 2,The weather forecasts call for between 12 and 20 hours of sunlight tomorrow.,73,2026-02-01 12:47:00.207063,NG,2.2,2.18,2.22,800000.0,800000.0,0,0,0,0,0,0
3.0,1.0,1.0,,You are logged in as a PRODUCER,,73,2026-02-01 12:47:00.207063,ELEC-day2,0.0,0.0,0.0,,,0,0,0,0,0,0
2.0,1.0,1.0,,FINES,"The fine for open positions of ELEC-dayX at the end of the day is $20,000/contract.",73,2026-02-01 12:47:00.207063,ELEC-day3,0.0,0.0,0.0,,,0,0,0,0,0,0
1.0,1.0,1.0,,Welcome to the RITC2026 GBE Energy Electricity Trading Case - practice server,,73,2026-02-01 12:47:00.207063,ELEC-day4,0.0,0.0,0.0,,,0,0,0,0,0,0
,,,,,,73,2026-02-01 12:47:00.207063,ELEC-day5,0.0,0.0,0.0,,,0,0,0,0,0,0
,,,,,,73,2026-02-01 12:47:00.207063,ELEC-day6,0.0,0.0,0.0,,,0,0,0,0,0,0
,,,,,,73,2026-02-01 12:47:00.207063,ELEC-F,0.0,0.0,0.0,,,0,0,0,0,0,0
4.0,1.0,1.0,,SUNLIGHT Forecast for DAY 2,The weather forecasts call for between 12 and 20 hours of sunlight tomorrow.,74,2026-02-01 12:47:01.233567,NG,2.2,2.18,2.22,800000.0,800000.0,0,0,0,0,0,0
3.0,1.0,1.0,,You are logged in as a PRODUCER,,74,2026-02-01 12:47:01.233567,ELEC-day2,0.0,0.0,0.0,,,0,0,0,0,0,0
2.0,1.0,1.0,,FINES,"The fine for open positions of ELEC-dayX at the end of the day is $20,000/contract.",74,2026-02-01 12:47:01.233567,ELEC-day3,0.0,0.0,0.0,,,0,0,0,0,0,0
1.0,1.0,1.0,,Welcome to the RITC2026 GBE Energy Electricity Trading Case - practice server,,74,2026-02-01 12:47:01.233567,ELEC-day4,0.0,0.0,0.0,,,0,0,0,0,0,0
,,,,,,74,2026-02-01 12:47:01.233567,ELEC-day5,0.0,0.0,0.0,,,0,0,0,0,0,0
,,,,,,74,2026-02-01 12:47:01.233567,ELEC-day6,0.0,0.0,0.0,,,0,0,0,0,0,0
,,,,,,74,2026-02-01 12:47:01.233567,ELEC-F,0.0,0.0,0.0,,,0,0,0,0,0,0
4.0,1.0,1.0,,SUNLIGHT Forecast for DAY 2,The weather forecasts call for between 12 and 20 hours of sunlight tomorrow.,75,2026-02-01 12:47:02.272708,NG,2.21,2.19,2.23,800000.0,800000.0,0,0,0,0,0,0
3.0,1.0,1.0,,You are logged in as a PRODUCER,,75,2026-02-01 12:47:02.272708,ELEC-day2,0.0,0.0,0.0,,,0,0,0,0,0,0
2.0,1.0,1.0,,FINES,"The fine for open positions of ELEC-dayX at the end of the day is $20,000/contract.",75,2026-02-01 12:47:02.272708,ELEC-day3,0.0,0.0,0.0,,,0,0,0,0,0,0
1.0,1.0,1.0,,Welcome to the RITC2026 GBE Energy Electricity Trading Case - practice server,,75,2026-02-01 12:47:02.272708,ELEC-day4,0.0,0.0,0.0,,,0,0,0,0,0,0
,,,,,,75,2026-02-01 12:47:02.272708,ELEC-day5,0.0,0.0,0.0,,,0,0,0,0,0,0
,,,,,,75,2026-02-01 12:47:02.272708,ELEC-day6,0.0,0.0,0.0,,,0,0,0,0,0,0
,,,,,,75,2026-02-01 12:47:02.272708,ELEC-F,0.0,0.0,0.0,,,0,0,0,0,0,0
4.0,1.0,1.0,,SUNLIGHT Forecast for DAY 2,The weather forecasts call for between 12 and 20 hours of sunlight tomorrow.,76,2026-02-01 12:47:03.303912,NG,2.21,2.19,2.23,800000.0,800000.0,0,0,0,0,0,0
3.0,1.0,1.0,,You are logged in as a PRODUCER,,76,2026-02-01 12:47:03.303912,ELEC-day2,0.0,0.0,0.0,,,0,0,0,0,0,0
2.0,1.0,1.0,,FINES,"The fine for open positions of ELEC-dayX at the end of the day is $20,000/contract.",76,2026-02-01 12:47:03.303912,ELEC-day3,0.0,0.0,0.0,,,0,0,0,0,0,0
1.0,1.0,1.0,,Welcome to the RITC2026 GBE Energy Electricity Trading Case - practice server,,76,2026-02-01 12:47:03.303912,ELEC-day4,0.0,0.0,0.0,,,0,0,0,0,0,0
,,,,,,76,2026-02-01 12:47:03.303912,ELEC-day5,0.0,0.0,0.0,,,0,0,0,0,0,0
,,,,,,76,2026-02-01 12:47:03.303912,ELEC-day6,0.0,0.0,0.0,,,0,0,0,0,0,0
,,,,,,76,2026-02-01 12:47:03.303912,ELEC-F,0.0,0.0,0.0,,,0,0,0,0,0,0
4.0,1.0,1.0,,SUNLIGHT Forecast for DAY 2,The weather forecasts call for between 12 and 20 hours of sunlight tomorrow.,77,2026-02-01 12:47:04.337269,NG,2.2,2.18,2.22,800000.0,800000.0,0,0,0,0,0,0
3.0,1.0,1.0,,You are logged in as a PRODUCER,,77,2026-02-01 12:47:04.337269,ELEC-day2,0.0,0.0,0.0,,,0,0,0,0,0,0
2.0,1.0,1.0,,FINES,"The fine for open positions of ELEC-dayX at the end of the day is $20,000/contract.",77,2026-02-01 12:47:04.337269,ELEC-day3,0.0,0.0,0.0,,,0,0,0,0,0,0
1.0,1.0,1.0,,Welcome to the RITC2026 GBE Energy Electricity Trading Case - practice server,,77,2026-02-01 12:47:04.337269,ELEC-day4,0.0,0.0,0.0,,,0,0,0,0,0,0
,,,,,,77,2026-02-01 12:47:04.337269,ELEC-day5,0.0,0.0,0.0,,,0,0,0,0,0,0
,,,,,,77,2026-02-01 12:47:04.337269,ELEC-day6,0.0,0.0,0.0,,,0,0,0,0,0,0
,,,,,,77,2026-02-01 12:47:04.337269,ELEC-F,0.0,0.0,0.0,,,0,0,0,0,0,0
4.0,1.0,1.0,,SUNLIGHT Forecast for DAY 2,The weather forecasts call for between 12 and 20 hours of sunlight tomorrow.,78,2026-02-01 12:47:05.372716,NG,2.21,2.19,2.23,800000.0,800000.0,0,0,0,0,0,0
3.0,1.0,1.0,,You are logged in as a PRODUCER,,78,2026-02-01 12:47:05.372716,ELEC-day2,0.0,0.0,0.0,,,0,0,0,0,0,0
2.0,1.0,1.0,,FINES,"The fine for open positions of ELEC-dayX at the end of the day is $20,000/contract.",78,2026-02-01 12:47:05.372716,ELEC-day3,0.0,0.0,0.0,,,0,0,0,0,0,0
1.0,1.0,1.0,,Welcome to the RITC2026 GBE Energy Electricity Trading Case - practice server,,78,2026-02-01 12:47:05.372716,ELEC-day4,0.0,0.0,0.0,,,0,0,0,0,0,0
,,,,,,78,2026-02-01 12:47:05.372716,ELEC-day5,0.0,0.0,0.0,,,0,0,0,0,0,0
,,,,,,78,2026-02-01 12:47:05.372716,ELEC-day6,0.0,0.0,0.0,,,0,0,0,0,0,0
,,,,,,78,2026-02-01 12:47:05.372716,ELEC-F,0.0,0.0,0.0,,,0,0,0,0,0,0
4.0,1.0,1.0,,SUNLIGHT Forecast for DAY 2,The weather forecasts call for between 12 and 20 hours of sunlight tomorrow.,79,2026-02-01 12:47:06.407658,NG,2.21,2.19,2.23,800000.0,800000.0,0,0,0,0,0,0
3.0,1.0,1.0,,You are logged in as a PRODUCER,,79,2026-02-01 12:47:06.407658,ELEC-day2,0.0,0.0,0.0,,,0,0,0,0,0,0
2.0,1.0,1.0,,FINES,"The fine for open positions of ELEC-dayX at the end of the day is $20,000/contract.",79,2026-02-01 12:47:06.407658,ELEC-day3,0.0,0.0,0.0,,,0,0,0,0,0,0
1.0,1.0,1.0,,Welcome to the RITC2026 GBE Energy Electricity Trading Case - practice server,,79,2026-02-01 12:47:06.407658,ELEC-day4,0.0,0.0,0.0,,,0,0,0,0,0,0
,,,,,,79,2026-02-01 12:47:06.407658,ELEC-day5,0.0,0.0,0.0,,,0,0,0,0,0,0
,,,,,,79,2026-02-01 12:47:06.407658,ELEC-day6,0.0,0.0,0.0,,,0,0,0,0,0,0
,,,,,,79,2026-02-01 12:47:06.407658,ELEC-F,0.0,0.0,0.0,,,0,0,0,0,0,0
4.0,1.0,1.0,,SUNLIGHT Forecast for DAY 2,The weather forecasts call for between 12 and 20 hours of sunlight tomorrow.,80,2026-02-01 12:47:07.453096,NG,2.2,2.18,2.22,800000.0,800000.0,0,0,0,0,0,0
3.0,1.0,1.0,,You are logged in as a PRODUCER,,80,2026-02-01 12:47:07.453096,ELEC-day2,0.0,0.0,0.0,,,0,0,0,0,0,0
2.0,1.0,1.0,,FINES,"The fine for open positions of ELEC-dayX at the end of the day is $20,000/contract.",80,2026-02-01 12:47:07.453096,ELEC-day3,0.0,0.0,0.0,,,0,0,0,0,0,0
1.0,1.0,1.0,,Welcome to the RITC2026 GBE Energy Electricity Trading Case - practice server,,80,2026-02-01 12:47:07.453096,ELEC-day4,0.0,0.0,0.0,,,0,0,0,0,0,0
,,,,,,80,2026-02-01 12:47:07.453096,ELEC-day5,0.0,0.0,0.0,,,0,0,0,0,0,0
,,,,,,80,2026-02-01 12:47:07.453096,ELEC-day6,0.0,0.0,0.0,,,0,0,0,0,0,0
,,,,,,80,2026-02-01 12:47:07.453096,ELEC-F,0.0,0.0,0.0,,,0,0,0,0,0,0
4.0,1.0,1.0,,SUNLIGHT Forecast for DAY 2,The weather forecasts call for between 12 and 20 hours of sunlight tomorrow.,81,2026-02-01 12:47:08.492492,NG,2.2,2.18,2.22,800000.0,800000.0,0,0,0,0,0,0
3.0,1.0,1.0,,You are logged in as a PRODUCER,,81,2026-02-01 12:47:08.492492,ELEC-day2,0.0,0.0,0.0,,,0,0,0,0,0,0
2.0,1.0,1.0,,FINES,"The fine for open positions of ELEC-dayX at the end of the day is $20,000/contract.",81,2026-02-01 12:47:08.492492,ELEC-day3,0.0,0.0,0.0,,,0,0,0,0,0,0
1.0,1.0,1.0,,Welcome to the RITC2026 GBE Energy Electricity Trading Case - practice server,,81,2026-02-01 12:47:08.492492,ELEC-day4,0.0,0.0,0.0,,,0,0,0,0,0,0
,,,,,,81,2026-02-01 12:47:08.492492,ELEC-day5,0.0,0.0,0.0,,,0,0,0,0,0,0
,,,,,,81,2026-02-01 12:47:08.492492,ELEC-day6,0.0,0.0,0.0,,,0,0,0,0,0,0
,,,,,,81,2026-02-01 12:47:08.492492,ELEC-F,0.0,0.0,0.0,,,0,0,0,0,0,0
4.0,1.0,1.0,,SUNLIGHT Forecast for DAY 2,The weather forecasts call for between 12 and 20 hours of sunlight tomorrow.,82,2026-02-01 12:47:09.517462,NG,2.2,2.18,2.22,800000.0,800000.0,0,0,0,0,0,0
3.0,1.0,1.0,,You are logged in as a PRODUCER,,82,2026-02-01 12:47:09.517462,ELEC-day2,0.0,0.0,0.0,,,0,0,0,0,0,0
2.0,1.0,1.0,,FINES,"The fine for open positions of ELEC-dayX at the end of the day is $20,000/contract.",82,2026-02-01 12:47:09.517462,ELEC-day3,0.0,0.0,0.0,,,0,0,0,0,0,0
1.0,1.0,1.0,,Welcome to the RITC2026 GBE Energy Electricity Trading Case - practice server,,82,2026-02-01 12:47:09.517462,ELEC-day4,0.0,0.0,0.0,,,0,0,0,0,0,0
,,,,,,82,2026-02-01 12:47:09.517462,ELEC-day5,0.0,0.0,0.0,,,0,0,0,0,0,0
,,,,,,82,2026-02-01 12:47:09.517462,ELEC-day6,0.0,0.0,0.0,,,0,0,0,0,0,0
,,,,,,82,2026-02-01 12:47:09.517462,ELEC-F,0.0,0.0,0.0,,,0,0,0,0,0,0
4.0,1.0,1.0,,SUNLIGHT Forecast for DAY 2,The weather forecasts call for between 12 and 20 hours of sunlight tomorrow.,83,2026-02-01 12:47:10.547276,NG,2.2,2.18,2.22,800000.0,800000.0,0,0,0,0,0,0
3.0,1.0,1.0,,You are logged in as a PRODUCER,,83,2026-02-01 12:47:10.547276,ELEC-day2,0.0,0.0,0.0,,,0,0,0,0,0,0
2.0,1.0,1.0,,FINES,"The fine for open positions of ELEC-dayX at the end of the day is $20,000/contract.",83,2026-02-01 12:47:10.547276,ELEC-day3,0.0,0.0,0.0,,,0,0,0,0,0,0
1.0,1.0,1.0,,Welcome to the RITC2026 GBE Energy Electricity Trading Case - practice server,,83,2026-02-01 12:47:10.547276,ELEC-day4,0.0,0.0,0.0,,,0,0,0,0,0,0
,,,,,,83,2026-02-01 12:47:10.547276,ELEC-day5,0.0,0.0,0.0,,,0,0,0,0,0,0
,,,,,,83,2026-02-01 12:47:10.547276,ELEC-day6,0.0,0.0,0.0,,,0,0,0,0,0,0
,,,,,,83,2026-02-01 12:47:10.547276,ELEC-F,0.0,0.0,0.0,,,0,0,0,0,0,0
4.0,1.0,1.0,,SUNLIGHT Forecast for DAY 2,The weather forecasts call for between 12 and 20 hours of sunlight tomorrow.,84,2026-02-01 12:47:11.562236,NG,2.2,2.18,2.22,800000.0,800000.0,0,0,0,0,0,0
3.0,1.0,1.0,,You are logged in as a PRODUCER,,84,2026-02-01 12:47:11.562236,ELEC-day2,0.0,0.0,0.0,,,0,0,0,0,0,0
2.0,1.0,1.0,,FINES,"The fine for open positions of ELEC-dayX at the end of the day is $20,000/contract.",84,2026-02-01 12:47:11.562236,ELEC-day3,0.0,0.0,0.0,,,0,0,0,0,0,0
1.0,1.0,1.0,,Welcome to the RITC2026 GBE Energy Electricity Trading Case - practice server,,84,2026-02-01 12:47:11.562236,ELEC-day4,0.0,0.0,0.0,,,0,0,0,0,0,0
,,,,,,84,2026-02-01 12:47:11.562236,ELEC-day5,0.0,0.0,0.0,,,0,0,0,0,0,0
,,,,,,84,2026-02-01 12:47:11.562236,ELEC-day6,0.0,0.0,0.0,,,0,0,0,0,0,0
,,,,,,84,2026-02-01 12:47:11.562236,ELEC-F,0.0,0.0,0.0,,,0,0,0,0,0,0
4.0,1.0,1.0,,SUNLIGHT Forecast for DAY 2,The weather forecasts call for between 12 and 20 hours of sunlight tomorrow.,85,2026-02-01 12:47:12.592193,NG,2.21,2.19,2.23,800000.0,800000.0,0,0,0,0,0,0
3.0,1.0,1.0,,You are logged in as a PRODUCER,,85,2026-02-01 12:47:12.592193,ELEC-day2,0.0,0.0,0.0,,,0,0,0,0,0,0
2.0,1.0,1.0,,FINES,"The fine for open positions of ELEC-dayX at the end of the day is $20,000/contract.",85,2026-02-01 12:47:12.592193,ELEC-day3,0.0,0.0,0.0,,,0,0,0,0,0,0
1.0,1.0,1.0,,Welcome to the RITC2026 GBE Energy Electricity Trading Case - practice server,,85,2026-02-01 12:47:12.592193,ELEC-day4,0.0,0.0,0.0,,,0,0,0,0,0,0
,,,,,,85,2026-02-01 12:47:12.592193,ELEC-day5,0.0,0.0,0.0,,,0,0,0,0,0,0
,,,,,,85,2026-02-01 12:47:12.592193,ELEC-day6,0.0,0.0,0.0,,,0,0,0,0,0,0
,,,,,,85,2026-02-01 12:47:12.592193,ELEC-F,0.0,0.0,0.0,,,0,0,0,0,0,0
4.0,1.0,1.0,,SUNLIGHT Forecast for DAY 2,The weather forecasts call for between 12 and 20 hours of sunlight tomorrow.,86,2026-02-01 12:47:13.621845,NG,2.22,2.2,2.24,800000.0,800000.0,0,0,0,0,0,0
3.0,1.0,1.0,,You are logged in as a PRODUCER,,86,2026-02-01 12:47:13.621845,ELEC-day2,0.0,0.0,0.0,,,0,0,0,0,0,0
2.0,1.0,1.0,,FINES,"The fine for open positions of ELEC-dayX at the end of the day is $20,000/contract.",86,2026-02-01 12:47:13.621845,ELEC-day3,0.0,0.0,0.0,,,0,0,0,0,0,0
1.0,1.0,1.0,,Welcome to the RITC2026 GBE Energy Electricity Trading Case - practice server,,86,2026-02-01 12:47:13.621845,ELEC-day4,0.0,0.0,0.0,,,0,0,0,0,0,0
,,,,,,86,2026-02-01 12:47:13.621845,ELEC-day5,0.0,0.0,0.0,,,0,0,0,0,0,0
,,,,,,86,2026-02-01 12:47:13.621845,ELEC-day6,0.0,0.0,0.0,,,0,0,0,0,0,0
,,,,,,86,2026-02-01 12:47:13.621845,ELEC-F,0.0,0.0,0.0,,,0,0,0,0,0,0
4.0,1.0,1.0,,SUNLIGHT Forecast for DAY 2,The weather forecasts call for between 12 and 20 hours of sunlight tomorrow.,87,2026-02-01 12:47:14.639358,NG,2.24,2.22,2.26,800000.0,800000.0,0,0,0,0,0,0
3.0,1.0,1.0,,You are logged in as a PRODUCER,,87,2026-02-01 12:47:14.639358,ELEC-day2,0.0,0.0,0.0,,,0,0,0,0,0,0
2.0,1.0,1.0,,FINES,"The fine for open positions of ELEC-dayX at the end of the day is $20,000/contract.",87,2026-02-01 12:47:14.639358,ELEC-day3,0.0,0.0,0.0,,,0,0,0,0,0,0
1.0,1.0,1.0,,Welcome to the RITC2026 GBE Energy Electricity Trading Case - practice server,,87,2026-02-01 12:47:14.639358,ELEC-day4,0.0,0.0,0.0,,,0,0,0,0,0,0
,,,,,,87,2026-02-01 12:47:14.639358,ELEC-day5,0.0,0.0,0.0,,,0,0,0,0,0,0
,,,,,,87,2026-02-01 12:47:14.639358,ELEC-day6,0.0,0.0,0.0,,,0,0,0,0,0,0
,,,,,,87,2026-02-01 12:47:14.639358,ELEC-F,0.0,0.0,0.0,,,0,0,0,0,0,0
4.0,1.0,1.0,,SUNLIGHT Forecast for DAY 2,The weather forecasts call for between 12 and 20 hours of sunlight tomorrow.,88,2026-02-01 12:47:15.677034,NG,2.24,2.22,2.26,800000.0,800000.0,0,0,0,0,0,0
3.0,1.0,1.0,,You are logged in as a PRODUCER,,88,2026-02-01 12:47:15.677034,ELEC-day2,0.0,0.0,0.0,,,0,0,0,0,0,0
2.0,1.0,1.0,,FINES,"The fine for open positions of ELEC-dayX at the end of the day is $20,000/contract.",88,2026-02-01 12:47:15.677034,ELEC-day3,0.0,0.0,0.0,,,0,0,0,0,0,0
1.0,1.0,1.0,,Welcome to the RITC2026 GBE Energy Electricity Trading Case - practice server,,88,2026-02-01 12:47:15.677034,ELEC-day4,0.0,0.0,0.0,,,0,0,0,0,0,0
,,,,,,88,2026-02-01 12:47:15.677034,ELEC-day5,0.0,0.0,0.0,,,0,0,0,0,0,0
,,,,,,88,2026-02-01 12:47:15.677034,ELEC-day6,0.0,0.0,0.0,,,0,0,0,0,0,0
,,,,,,88,2026-02-01 12:47:15.677034,ELEC-F,0.0,0.0,0.0,,,0,0,0,0,0,0
4.0,1.0,1.0,,SUNLIGHT Forecast for DAY 2,The weather forecasts call for between 12 and 20 hours of sunlight tomorrow.,89,2026-02-01 12:47:16.721134,NG,2.24,2.22,2.26,800000.0,800000.0,0,0,0,0,0,0
3.0,1.0,1.0,,You are logged in as a PRODUCER,,89,2026-02-01 12:47:16.721134,ELEC-day2,0.0,0.0,0.0,,,0,0,0,0,0,0
2.0,1.0,1.0,,FINES,"The fine for open positions of ELEC-dayX at the end of the day is $20,000/contract.",89,2026-02-01 12:47:16.721134,ELEC-day3,0.0,0.0,0.0,,,0,0,0,0,0,0
1.0,1.0,1.0,,Welcome to the RITC2026 GBE Energy Electricity Trading Case - practice server,,89,2026-02-01 12:47:16.721134,ELEC-day4,0.0,0.0,0.0,,,0,0,0,0,0,0
,,,,,,89,2026-02-01 12:47:16.721134,ELEC-day5,0.0,0.0,0.0,,,0,0,0,0,0,0
,,,,,,89,2026-02-01 12:47:16.721134,ELEC-day6,0.0,0.0,0.0,,,0,0,0,0,0,0
,,,,,,89,2026-02-01 12:47:16.721134,ELEC-F,0.0,0.0,0.0,,,0,0,0,0,0,0
5.0,1.0,89.0,,SUNLIGHT Forecast for DAY 2,The weather forecasts call for between 11 and 15 hours of sunlight tomorrow.,90,2026-02-01 12:47:17.754951,NG,2.24,2.22,2.26,800000.0,800000.0,0,0,0,0,0,0
4.0,1.0,1.0,,SUNLIGHT Forecast for DAY 2,The weather forecasts call for between 12 and 20 hours of sunlight tomorrow.,90,2026-02-01 12:47:17.754951,ELEC-day2,0.0,0.0,0.0,,,0,0,0,0,0,0
3.0,1.0,1.0,,You are logged in as a PRODUCER,,90,2026-02-01 12:47:17.754951,ELEC-day3,0.0,0.0,0.0,,,0,0,0,0,0,0
2.0,1.0,1.0,,FINES,"The fine for open positions of ELEC-dayX at the end of the day is $20,000/contract.",90,2026-02-01 12:47:17.754951,ELEC-day4,0.0,0.0,0.0,,,0,0,0,0,0,0
1.0,1.0,1.0,,Welcome to the RITC2026 GBE Energy Electricity Trading Case - practice server,,90,2026-02-01 12:47:17.754951,ELEC-day5,0.0,0.0,0.0,,,0,0,0,0,0,0
,,,,,,90,2026-02-01 12:47:17.754951,ELEC-day6,0.0,0.0,0.0,,,0,0,0,0,0,0
,,,,,,90,2026-02-01 12:47:17.754951,ELEC-F,0.0,0.0,0.0,,,0,0,0,0,0,0
5.0,1.0,89.0,,SUNLIGHT Forecast for DAY 2,The weather forecasts call for between 11 and 15 hours of sunlight tomorrow.,91,2026-02-01 12:47:18.781849,NG,2.24,2.22,2.26,800000.0,800000.0,0,0,0,0,0,0
4.0,1.0,1.0,,SUNLIGHT Forecast for DAY 2,The weather forecasts call for between 12 and 20 hours of sunlight tomorrow.,91,2026-02-01 12:47:18.781849,ELEC-day2,0.0,0.0,0.0,,,0,0,0,0,0,0
3.0,1.0,1.0,,You are logged in as a PRODUCER,,91,2026-02-01 12:47:18.781849,ELEC-day3,0.0,0.0,0.0,,,0,0,0,0,0,0
2.0,1.0,1.0,,FINES,"The fine for open positions of ELEC-dayX at the end of the day is $20,000/contract.",91,2026-02-01 12:47:18.781849,ELEC-day4,0.0,0.0,0.0,,,0,0,0,0,0,0
1.0,1.0,1.0,,Welcome to the RITC2026 GBE Energy Electricity Trading Case - practice server,,91,2026-02-01 12:47:18.781849,ELEC-day5,0.0,0.0,0.0,,,0,0,0,0,0,0
,,,,,,91,2026-02-01 12:47:18.781849,ELEC-day6,0.0,0.0,0.0,,,0,0,0,0,0,0
,,,,,,91,2026-02-01 12:47:18.781849,ELEC-F,0.0,0.0,0.0,,,0,0,0,0,0,0
5.0,1.0,89.0,,SUNLIGHT Forecast for DAY 2,The weather forecasts call for between 11 and 15 hours of sunlight tomorrow.,92,2026-02-01 12:47:19.819645,NG,2.24,2.22,2.26,800000.0,800000.0,0,0,0,0,0,0
4.0,1.0,1.0,,SUNLIGHT Forecast for DAY 2,The weather forecasts call for between 12 and 20 hours of sunlight tomorrow.,92,2026-02-01 12:47:19.819645,ELEC-day2,0.0,0.0,0.0,,,0,0,0,0,0,0
3.0,1.0,1.0,,You are logged in as a PRODUCER,,92,2026-02-01 12:47:19.819645,ELEC-day3,0.0,0.0,0.0,,,0,0,0,0,0,0
2.0,1.0,1.0,,FINES,"The fine for open positions of ELEC-dayX at the end of the day is $20,000/contract.",92,2026-02-01 12:47:19.819645,ELEC-day4,0.0,0.0,0.0,,,0,0,0,0,0,0
1.0,1.0,1.0,,Welcome to the RITC2026 GBE Energy Electricity Trading Case - practice server,,92,2026-02-01 12:47:19.819645,ELEC-day5,0.0,0.0,0.0,,,0,0,0,0,0,0
,,,,,,92,2026-02-01 12:47:19.819645,ELEC-day6,0.0,0.0,0.0,,,0,0,0,0,0,0
,,,,,,92,2026-02-01 12:47:19.819645,ELEC-F,0.0,0.0,0.0,,,0,0,0,0,0,0
5.0,1.0,89.0,,SUNLIGHT Forecast for DAY 2,The weather forecasts call for between 11 and 15 hours of sunlight tomorrow.,93,2026-02-01 12:47:20.855512,NG,2.23,2.21,2.25,800000.0,800000.0,0,0,0,0,0,0
4.0,1.0,1.0,,SUNLIGHT Forecast for DAY 2,The weather forecasts call for between 12 and 20 hours of sunlight tomorrow.,93,2026-02-01 12:47:20.855512,ELEC-day2,0.0,0.0,0.0,,,0,0,0,0,0,0
3.0,1.0,1.0,,You are logged in as a PRODUCER,,93,2026-02-01 12:47:20.855512,ELEC-day3,0.0,0.0,0.0,,,0,0,0,0,0,0
2.0,1.0,1.0,,FINES,"The fine for open positions of ELEC-dayX at the end of the day is $20,000/contract.",93,2026-02-01 12:47:20.855512,ELEC-day4,0.0,0.0,0.0,,,0,0,0,0,0,0
1.0,1.0,1.0,,Welcome to the RITC2026 GBE Energy Electricity Trading Case - practice server,,93,2026-02-01 12:47:20.855512,ELEC-day5,0.0,0.0,0.0,,,0,0,0,0,0,0
,,,,,,93,2026-02-01 12:47:20.855512,ELEC-day6,0.0,0.0,0.0,,,0,0,0,0,0,0
,,,,,,93,2026-02-01 12:47:20.855512,ELEC-F,0.0,0.0,0.0,,,0,0,0,0,0,0
5.0,1.0,89.0,,SUNLIGHT Forecast for DAY 2,The weather forecasts call for between 11 and 15 hours of sunlight tomorrow.,94,2026-02-01 12:47:21.885612,NG,2.24,2.22,2.26,800000.0,800000.0,0,0,0,0,0,0
4.0,1.0,1.0,,SUNLIGHT Forecast for DAY 2,The weather forecasts call for between 12 and 20 hours of sunlight tomorrow.,94,2026-02-01 12:47:21.885612,ELEC-day2,0.0,0.0,0.0,,,0,0,0,0,0,0
3.0,1.0,1.0,,You are logged in as a PRODUCER,,94,2026-02-01 12:47:21.885612,ELEC-day3,0.0,0.0,0.0,,,0,0,0,0,0,0
2.0,1.0,1.0,,FINES,"The fine for open positions of ELEC-dayX at the end of the day is $20,000/contract.",94,2026-02-01 12:47:21.885612,ELEC-day4,0.0,0.0,0.0,,,0,0,0,0,0,0
1.0,1.0,1.0,,Welcome to the RITC2026 GBE Energy Electricity Trading Case - practice server,,94,2026-02-01 12:47:21.885612,ELEC-day5,0.0,0.0,0.0,,,0,0,0,0,0,0
,,,,,,94,2026-02-01 12:47:21.885612,ELEC-day6,0.0,0.0,0.0,,,0,0,0,0,0,0
,,,,,,94,2026-02-01 12:47:21.885612,ELEC-F,0.0,0.0,0.0,,,0,0,0,0,0,0
5.0,1.0,89.0,,SUNLIGHT Forecast for DAY 2,The weather forecasts call for between 11 and 15 hours of sunlight tomorrow.,95,2026-02-01 12:47:22.921169,NG,2.24,2.22,2.26,800000.0,800000.0,0,0,0,0,0,0
4.0,1.0,1.0,,SUNLIGHT Forecast for DAY 2,The weather forecasts call for between 12 and 20 hours of sunlight tomorrow.,95,2026-02-01 12:47:22.921169,ELEC-day2,0.0,0.0,0.0,,,0,0,0,0,0,0
3.0,1.0,1.0,,You are logged in as a PRODUCER,,95,2026-02-01 12:47:22.921169,ELEC-day3,0.0,0.0,0.0,,,0,0,0,0,0,0
2.0,1.0,1.0,,FINES,"The fine for open positions of ELEC-dayX at the end of the day is $20,000/contract.",95,2026-02-01 12:47:22.921169,ELEC-day4,0.0,0.0,0.0,,,0,0,0,0,0,0
1.0,1.0,1.0,,Welcome to the RITC2026 GBE Energy Electricity Trading Case - practice server,,95,2026-02-01 12:47:22.921169,ELEC-day5,0.0,0.0,0.0,,,0,0,0,0,0,0
,,,,,,95,2026-02-01 12:47:22.921169,ELEC-day6,0.0,0.0,0.0,,,0,0,0,0,0,0
,,,,,,95,2026-02-01 12:47:22.921169,ELEC-F,0.0,0.0,0.0,,,0,0,0,0,0,0
5.0,1.0,89.0,,SUNLIGHT Forecast for DAY 2,The weather forecasts call for between 11 and 15 hours of sunlight tomorrow.,96,2026-02-01 12:47:23.951544,NG,2.24,2.22,2.26,800000.0,800000.0,0,0,0,0,0,0
4.0,1.0,1.0,,SUNLIGHT Forecast for DAY 2,The weather forecasts call for between 12 and 20 hours of sunlight tomorrow.,96,2026-02-01 12:47:23.951544,ELEC-day2,0.0,0.0,0.0,,,0,0,0,0,0,0
3.0,1.0,1.0,,You are logged in as a PRODUCER,,96,2026-02-01 12:47:23.951544,ELEC-day3,0.0,0.0,0.0,,,0,0,0,0,0,0
2.0,1.0,1.0,,FINES,"The fine for open positions of ELEC-dayX at the end of the day is $20,000/contract.",96,2026-02-01 12:47:23.951544,ELEC-day4,0.0,0.0,0.0,,,0,0,0,0,0,0
1.0,1.0,1.0,,Welcome to the RITC2026 GBE Energy Electricity Trading Case - practice server,,96,2026-02-01 12:47:23.951544,ELEC-day5,0.0,0.0,0.0,,,0,0,0,0,0,0
,,,,,,96,2026-02-01 12:47:23.951544,ELEC-day6,0.0,0.0,0.0,,,0,0,0,0,0,0
,,,,,,96,2026-02-01 12:47:23.951544,ELEC-F,0.0,0.0,0.0,,,0,0,0,0,0,0
5.0,1.0,89.0,,SUNLIGHT Forecast for DAY 2,The weather forecasts call for between 11 and 15 hours of sunlight tomorrow.,97,2026-02-01 12:47:24.976325,NG,2.24,2.22,2.26,800000.0,800000.0,0,0,0,0,0,0
4.0,1.0,1.0,,SUNLIGHT Forecast for DAY 2,The weather forecasts call for between 12 and 20 hours of sunlight tomorrow.,97,2026-02-01 12:47:24.976325,ELEC-day2,0.0,0.0,0.0,,,0,0,0,0,0,0
3.0,1.0,1.0,,You are logged in as a PRODUCER,,97,2026-02-01 12:47:24.976325,ELEC-day3,0.0,0.0,0.0,,,0,0,0,0,0,0
2.0,1.0,1.0,,FINES,"The fine for open positions of ELEC-dayX at the end of the day is $20,000/contract.",97,2026-02-01 12:47:24.976325,ELEC-day4,0.0,0.0,0.0,,,0,0,0,0,0,0
1.0,1.0,1.0,,Welcome to the RITC2026 GBE Energy Electricity Trading Case - practice server,,97,2026-02-01 12:47:24.976325,ELEC-day5,0.0,0.0,0.0,,,0,0,0,0,0,0
,,,,,,97,2026-02-01 12:47:24.976325,ELEC-day6,0.0,0.0,0.0,,,0,0,0,0,0,0
,,,,,,97,2026-02-01 12:47:24.976325,ELEC-F,0.0,0.0,0.0,,,0,0,0,0,0,0
5.0,1.0,89.0,,SUNLIGHT Forecast for DAY 2,The weather forecasts call for between 11 and 15 hours of sunlight tomorrow.,98,2026-02-01 12:47:26.028417,NG,2.25,2.23,2.27,800000.0,800000.0,0,0,0,0,0,0
4.0,1.0,1.0,,SUNLIGHT Forecast for DAY 2,The weather forecasts call for between 12 and 20 hours of sunlight tomorrow.,98,2026-02-01 12:47:26.028417,ELEC-day2,0.0,0.0,0.0,,,0,0,0,0,0,0
3.0,1.0,1.0,,You are logged in as a PRODUCER,,98,2026-02-01 12:47:26.028417,ELEC-day3,0.0,0.0,0.0,,,0,0,0,0,0,0
2.0,1.0,1.0,,FINES,"The fine for open positions of ELEC-dayX at the end of the day is $20,000/contract.",98,2026-02-01 12:47:26.028417,ELEC-day4,0.0,0.0,0.0,,,0,0,0,0,0,0
1.0,1.0,1.0,,Welcome to the RITC2026 GBE Energy Electricity Trading Case - practice server,,98,2026-02-01 12:47:26.028417,ELEC-day5,0.0,0.0,0.0,,,0,0,0,0,0,0
,,,,,,98,2026-02-01 12:47:26.028417,ELEC-day6,0.0,0.0,0.0,,,0,0,0,0,0,0
,,,,,,98,2026-02-01 12:47:26.028417,ELEC-F,0.0,0.0,0.0,,,0,0,0,0,0,0
5.0,1.0,89.0,,SUNLIGHT Forecast for DAY 2,The weather forecasts call for between 11 and 15 hours of sunlight tomorrow.,99,2026-02-01 12:47:27.071136,NG,2.26,2.24,2.28,800000.0,800000.0,0,0,0,0,0,0
4.0,1.0,1.0,,SUNLIGHT Forecast for DAY 2,The weather forecasts call for between 12 and 20 hours of sunlight tomorrow.,99,2026-02-01 12:47:27.071136,ELEC-day2,0.0,0.0,0.0,,,0,0,0,0,0,0
3.0,1.0,1.0,,You are logged in as a PRODUCER,,99,2026-02-01 12:47:27.071136,ELEC-day3,0.0,0.0,0.0,,,0,0,0,0,0,0
2.0,1.0,1.0,,FINES,"The fine for open positions of ELEC-dayX at the end of the day is $20,000/contract.",99,2026-02-01 12:47:27.071136,ELEC-day4,0.0,0.0,0.0,,,0,0,0,0,0,0
1.0,1.0,1.0,,Welcome to the RITC2026 GBE Energy Electricity Trading Case - practice server,,99,2026-02-01 12:47:27.071136,ELEC-day5,0.0,0.0,0.0,,,0,0,0,0,0,0
,,,,,,99,2026-02-01 12:47:27.071136,ELEC-day6,0.0,0.0,0.0,,,0,0,0,0,0,0
,,,,,,99,2026-02-01 12:47:27.071136,ELEC-F,0.0,0.0,0.0,,,0,0,0,0,0,0
5.0,1.0,89.0,,SUNLIGHT Forecast for DAY 2,The weather forecasts call for between 11 and 15 hours of sunlight tomorrow.,100,2026-02-01 12:47:28.093783,NG,2.25,2.23,2.27,800000.0,800000.0,0,0,0,0,0,0
4.0,1.0,1.0,,SUNLIGHT Forecast for DAY 2,The weather forecasts call for between 12 and 20 hours of sunlight tomorrow.,100,2026-02-01 12:47:28.093783,ELEC-day2,0.0,0.0,0.0,,,0,0,0,0,0,0
3.0,1.0,1.0,,You are logged in as a PRODUCER,,100,2026-02-01 12:47:28.093783,ELEC-day3,0.0,0.0,0.0,,,0,0,0,0,0,0
2.0,1.0,1.0,,FINES,"The fine for open positions of ELEC-dayX at the end of the day is $20,000/contract.",100,2026-02-01 12:47:28.093783,ELEC-day4,0.0,0.0,0.0,,,0,0,0,0,0,0
1.0,1.0,1.0,,Welcome to the RITC2026 GBE Energy Electricity Trading Case - practice server,,100,2026-02-01 12:47:28.093783,ELEC-day5,0.0,0.0,0.0,,,0,0,0,0,0,0
,,,,,,100,2026-02-01 12:47:28.093783,ELEC-day6,0.0,0.0,0.0,,,0,0,0,0,0,0
,,,,,,100,2026-02-01 12:47:28.093783,ELEC-F,0.0,0.0,0.0,,,0,0,0,0,0,0
5.0,1.0,89.0,,SUNLIGHT Forecast for DAY 2,The weather forecasts call for between 11 and 15 hours of sunlight tomorrow.,101,2026-02-01 12:47:29.121893,NG,2.26,2.24,2.28,800000.0,800000.0,0,0,0,0,0,0
4.0,1.0,1.0,,SUNLIGHT Forecast for DAY 2,The weather forecasts call for between 12 and 20 hours of sunlight tomorrow.,101,2026-02-01 12:47:29.121893,ELEC-day2,0.0,0.0,0.0,,,0,0,0,0,0,0
3.0,1.0,1.0,,You are logged in as a PRODUCER,,101,2026-02-01 12:47:29.121893,ELEC-day3,0.0,0.0,0.0,,,0,0,0,0,0,0
2.0,1.0,1.0,,FINES,"The fine for open positions of ELEC-dayX at the end of the day is $20,000/contract.",101,2026-02-01 12:47:29.121893,ELEC-day4,0.0,0.0,0.0,,,0,0,0,0,0,0
1.0,1.0,1.0,,Welcome to the RITC2026 GBE Energy Electricity Trading Case - practice server,,101,2026-02-01 12:47:29.121893,ELEC-day5,0.0,0.0,0.0,,,0,0,0,0,0,0
,,,,,,101,2026-02-01 12:47:29.121893,ELEC-day6,0.0,0.0,0.0,,,0,0,0,0,0,0
,,,,,,101,2026-02-01 12:47:29.121893,ELEC-F,0.0,0.0,0.0,,,0,0,0,0,0,0
5.0,1.0,89.0,,SUNLIGHT Forecast for DAY 2,The weather forecasts call for between 11 and 15 hours of sunlight tomorrow.,102,2026-02-01 12:47:30.155326,NG,2.25,2.23,2.27,800000.0,800000.0,0,0,0,0,0,0
4.0,1.0,1.0,,SUNLIGHT Forecast for DAY 2,The weather forecasts call for between 12 and 20 hours of sunlight tomorrow.,102,2026-02-01 12:47:30.155326,ELEC-day2,0.0,0.0,0.0,,,0,0,0,0,0,0
3.0,1.0,1.0,,You are logged in as a PRODUCER,,102,2026-02-01 12:47:30.155326,ELEC-day3,0.0,0.0,0.0,,,0,0,0,0,0,0
2.0,1.0,1.0,,FINES,"The fine for open positions of ELEC-dayX at the end of the day is $20,000/contract.",102,2026-02-01 12:47:30.155326,ELEC-day4,0.0,0.0,0.0,,,0,0,0,0,0,0
1.0,1.0,1.0,,Welcome to the RITC2026 GBE Energy Electricity Trading Case - practice server,,102,2026-02-01 12:47:30.155326,ELEC-day5,0.0,0.0,0.0,,,0,0,0,0,0,0
,,,,,,102,2026-02-01 12:47:30.155326,ELEC-day6,0.0,0.0,0.0,,,0,0,0,0,0,0
,,,,,,102,2026-02-01 12:47:30.155326,ELEC-F,0.0,0.0,0.0,,,0,0,0,0,0,0
5.0,1.0,89.0,,SUNLIGHT Forecast for DAY 2,The weather forecasts call for between 11 and 15 hours of sunlight tomorrow.,103,2026-02-01 12:47:31.189675,NG,2.24,2.22,2.26,800000.0,800000.0,0,0,0,0,0,0
4.0,1.0,1.0,,SUNLIGHT Forecast for DAY 2,The weather forecasts call for between 12 and 20 hours of sunlight tomorrow.,103,2026-02-01 12:47:31.189675,ELEC-day2,0.0,0.0,0.0,,,0,0,0,0,0,0
3.0,1.0,1.0,,You are logged in as a PRODUCER,,103,2026-02-01 12:47:31.189675,ELEC-day3,0.0,0.0,0.0,,,0,0,0,0,0,0
2.0,1.0,1.0,,FINES,"The fine for open positions of ELEC-dayX at the end of the day is $20,000/contract.",103,2026-02-01 12:47:31.189675,ELEC-day4,0.0,0.0,0.0,,,0,0,0,0,0,0
1.0,1.0,1.0,,Welcome to the RITC2026 GBE Energy Electricity Trading Case - practice server,,103,2026-02-01 12:47:31.189675,ELEC-day5,0.0,0.0,0.0,,,0,0,0,0,0,0
,,,,,,103,2026-02-01 12:47:31.189675,ELEC-day6,0.0,0.0,0.0,,,0,0,0,0,0,0
,,,,,,103,2026-02-01 12:47:31.189675,ELEC-F,0.0,0.0,0.0,,,0,0,0,0,0,0
5.0,1.0,89.0,,SUNLIGHT Forecast for DAY 2,The weather forecasts call for between 11 and 15 hours of sunlight tomorrow.,105,2026-02-01 12:47:32.248779,NG,2.25,2.23,2.27,800000.0,800000.0,0,0,0,0,0,0
4.0,1.0,1.0,,SUNLIGHT Forecast for DAY 2,The weather forecasts call for between 12 and 20 hours of sunlight tomorrow.,105,2026-02-01 12:47:32.248779,ELEC-day2,0.0,0.0,0.0,,,0,0,0,0,0,0
3.0,1.0,1.0,,You are logged in as a PRODUCER,,105,2026-02-01 12:47:32.248779,ELEC-day3,0.0,0.0,0.0,,,0,0,0,0,0,0
2.0,1.0,1.0,,FINES,"The fine for open positions of ELEC-dayX at the end of the day is $20,000/contract.",105,2026-02-01 12:47:32.248779,ELEC-day4,0.0,0.0,0.0,,,0,0,0,0,0,0
1.0,1.0,1.0,,Welcome to the RITC2026 GBE Energy Electricity Trading Case - practice server,,105,2026-02-01 12:47:32.248779,ELEC-day5,0.0,0.0,0.0,,,0,0,0,0,0,0
,,,,,,105,2026-02-01 12:47:32.248779,ELEC-day6,0.0,0.0,0.0,,,0,0,0,0,0,0
,,,,,,105,2026-02-01 12:47:32.248779,ELEC-F,0.0,0.0,0.0,,,0,0,0,0,0,0
5.0,1.0,89.0,,SUNLIGHT Forecast for DAY 2,The weather forecasts call for between 11 and 15 hours of sunlight tomorrow.,106,2026-02-01 12:47:33.286757,NG,2.25,2.23,2.27,800000.0,800000.0,0,0,0,0,0,0
4.0,1.0,1.0,,SUNLIGHT Forecast for DAY 2,The weather forecasts call for between 12 and 20 hours of sunlight tomorrow.,106,2026-02-01 12:47:33.286757,ELEC-day2,0.0,0.0,0.0,,,0,0,0,0,0,0
3.0,1.0,1.0,,You are logged in as a PRODUCER,,106,2026-02-01 12:47:33.286757,ELEC-day3,0.0,0.0,0.0,,,0,0,0,0,0,0
2.0,1.0,1.0,,FINES,"The fine for open positions of ELEC-dayX at the end of the day is $20,000/contract.",106,2026-02-01 12:47:33.286757,ELEC-day4,0.0,0.0,0.0,,,0,0,0,0,0,0
1.0,1.0,1.0,,Welcome to the RITC2026 GBE Energy Electricity Trading Case - practice server,,106,2026-02-01 12:47:33.286757,ELEC-day5,0.0,0.0,0.0,,,0,0,0,0,0,0
,,,,,,106,2026-02-01 12:47:33.286757,ELEC-day6,0.0,0.0,0.0,,,0,0,0,0,0,0
,,,,,,106,2026-02-01 12:47:33.286757,ELEC-F,0.0,0.0,0.0,,,0,0,0,0,0,0
5.0,1.0,89.0,,SUNLIGHT Forecast for DAY 2,The weather forecasts call for between 11 and 15 hours of sunlight tomorrow.,107,2026-02-01 12:47:34.314171,NG,2.26,2.24,2.28,800000.0,800000.0,0,0,0,0,0,0
4.0,1.0,1.0,,SUNLIGHT Forecast for DAY 2,The weather forecasts call for between 12 and 20 hours of sunlight tomorrow.,107,2026-02-01 12:47:34.314171,ELEC-day2,0.0,0.0,0.0,,,0,0,0,0,0,0
3.0,1.0,1.0,,You are logged in as a PRODUCER,,107,2026-02-01 12:47:34.314171,ELEC-day3,0.0,0.0,0.0,,,0,0,0,0,0,0
2.0,1.0,1.0,,FINES,"The fine for open positions of ELEC-dayX at the end of the day is $20,000/contract.",107,2026-02-01 12:47:34.314171,ELEC-day4,0.0,0.0,0.0,,,0,0,0,0,0,0
1.0,1.0,1.0,,Welcome to the RITC2026 GBE Energy Electricity Trading Case - practice server,,107,2026-02-01 12:47:34.314171,ELEC-day5,0.0,0.0,0.0,,,0,0,0,0,0,0
,,,,,,107,2026-02-01 12:47:34.314171,ELEC-day6,0.0,0.0,0.0,,,0,0,0,0,0,0
,,,,,,107,2026-02-01 12:47:34.314171,ELEC-F,0.0,0.0,0.0,,,0,0,0,0,0,0
5.0,1.0,89.0,,SUNLIGHT Forecast for DAY 2,The weather forecasts call for between 11 and 15 hours of sunlight tomorrow.,108,2026-02-01 12:47:35.355703,NG,2.26,2.24,2.28,800000.0,800000.0,0,0,0,0,0,0
4.0,1.0,1.0,,SUNLIGHT Forecast for DAY 2,The weather forecasts call for between 12 and 20 hours of sunlight tomorrow.,108,2026-02-01 12:47:35.355703,ELEC-day2,0.0,0.0,0.0,,,0,0,0,0,0,0
3.0,1.0,1.0,,You are logged in as a PRODUCER,,108,2026-02-01 12:47:35.355703,ELEC-day3,0.0,0.0,0.0,,,0,0,0,0,0,0
2.0,1.0,1.0,,FINES,"The fine for open positions of ELEC-dayX at the end of the day is $20,000/contract.",108,2026-02-01 12:47:35.355703,ELEC-day4,0.0,0.0,0.0,,,0,0,0,0,0,0
1.0,1.0,1.0,,Welcome to the RITC2026 GBE Energy Electricity Trading Case - practice server,,108,2026-02-01 12:47:35.355703,ELEC-day5,0.0,0.0,0.0,,,0,0,0,0,0,0
,,,,,,108,2026-02-01 12:47:35.355703,ELEC-day6,0.0,0.0,0.0,,,0,0,0,0,0,0
,,,,,,108,2026-02-01 12:47:35.355703,ELEC-F,0.0,0.0,0.0,,,0,0,0,0,0,0
5.0,1.0,89.0,,SUNLIGHT Forecast for DAY 2,The weather forecasts call for between 11 and 15 hours of sunlight tomorrow.,109,2026-02-01 12:47:36.392707,NG,2.25,2.23,2.27,800000.0,800000.0,0,0,0,0,0,0
4.0,1.0,1.0,,SUNLIGHT Forecast for DAY 2,The weather forecasts call for between 12 and 20 hours of sunlight tomorrow.,109,2026-02-01 12:47:36.392707,ELEC-day2,0.0,0.0,0.0,,,0,0,0,0,0,0
3.0,1.0,1.0,,You are logged in as a PRODUCER,,109,2026-02-01 12:47:36.392707,ELEC-day3,0.0,0.0,0.0,,,0,0,0,0,0,0
2.0,1.0,1.0,,FINES,"The fine for open positions of ELEC-dayX at the end of the day is $20,000/contract.",109,2026-02-01 12:47:36.392707,ELEC-day4,0.0,0.0,0.0,,,0,0,0,0,0,0
1.0,1.0,1.0,,Welcome to the RITC2026 GBE Energy Electricity Trading Case - practice server,,109,2026-02-01 12:47:36.392707,ELEC-day5,0.0,0.0,0.0,,,0,0,0,0,0,0
,,,,,,109,2026-02-01 12:47:36.392707,ELEC-day6,0.0,0.0,0.0,,,0,0,0,0,0,0
,,,,,,109,2026-02-01 12:47:36.392707,ELEC-F,0.0,0.0,0.0,,,0,0,0,0,0,0
5.0,1.0,89.0,,SUNLIGHT Forecast for DAY 2,The weather forecasts call for between 11 and 15 hours of sunlight tomorrow.,110,2026-02-01 12:47:37.420696,NG,2.25,2.23,2.27,800000.0,800000.0,0,0,0,0,0,0
4.0,1.0,1.0,,SUNLIGHT Forecast for DAY 2,The weather forecasts call for between 12 and 20 hours of sunlight tomorrow.,110,2026-02-01 12:47:37.420696,ELEC-day2,0.0,0.0,0.0,,,0,0,0,0,0,0
3.0,1.0,1.0,,You are logged in as a PRODUCER,,110,2026-02-01 12:47:37.420696,ELEC-day3,0.0,0.0,0.0,,,0,0,0,0,0,0
2.0,1.0,1.0,,FINES,"The fine for open positions of ELEC-dayX at the end of the day is $20,000/contract.",110,2026-02-01 12:47:37.420696,ELEC-day4,0.0,0.0,0.0,,,0,0,0,0,0,0
1.0,1.0,1.0,,Welcome to the RITC2026 GBE Energy Electricity Trading Case - practice server,,110,2026-02-01 12:47:37.420696,ELEC-day5,0.0,0.0,0.0,,,0,0,0,0,0,0
,,,,,,110,2026-02-01 12:47:37.420696,ELEC-day6,0.0,0.0,0.0,,,0,0,0,0,0,0
,,,,,,110,2026-02-01 12:47:37.420696,ELEC-F,0.0,0.0,0.0,,,0,0,0,0,0,0
5.0,1.0,89.0,,SUNLIGHT Forecast for DAY 2,The weather forecasts call for between 11 and 15 hours of sunlight tomorrow.,111,2026-02-01 12:47:38.454223,NG,2.26,2.24,2.28,800000.0,800000.0,0,0,0,0,0,0
4.0,1.0,1.0,,SUNLIGHT Forecast for DAY 2,The weather forecasts call for between 12 and 20 hours of sunlight tomorrow.,111,2026-02-01 12:47:38.454223,ELEC-day2,0.0,0.0,0.0,,,0,0,0,0,0,0
3.0,1.0,1.0,,You are logged in as a PRODUCER,,111,2026-02-01 12:47:38.454223,ELEC-day3,0.0,0.0,0.0,,,0,0,0,0,0,0
2.0,1.0,1.0,,FINES,"The fine for open positions of ELEC-dayX at the end of the day is $20,000/contract.",111,2026-02-01 12:47:38.454223,ELEC-day4,0.0,0.0,0.0,,,0,0,0,0,0,0
1.0,1.0,1.0,,Welcome to the RITC2026 GBE Energy Electricity Trading Case - practice server,,111,2026-02-01 12:47:38.454223,ELEC-day5,0.0,0.0,0.0,,,0,0,0,0,0,0
,,,,,,111,2026-02-01 12:47:38.454223,ELEC-day6,0.0,0.0,0.0,,,0,0,0,0,0,0
,,,,,,111,2026-02-01 12:47:38.454223,ELEC-F,0.0,0.0,0.0,,,0,0,0,0,0,0
5.0,1.0,89.0,,SUNLIGHT Forecast for DAY 2,The weather forecasts call for between 11 and 15 hours of sunlight tomorrow.,112,2026-02-01 12:47:39.483894,NG,2.26,2.24,2.28,800000.0,800000.0,0,0,0,0,0,0
4.0,1.0,1.0,,SUNLIGHT Forecast for DAY 2,The weather forecasts call for between 12 and 20 hours of sunlight tomorrow.,112,2026-02-01 12:47:39.483894,ELEC-day2,0.0,0.0,0.0,,,0,0,0,0,0,0
3.0,1.0,1.0,,You are logged in as a PRODUCER,,112,2026-02-01 12:47:39.483894,ELEC-day3,0.0,0.0,0.0,,,0,0,0,0,0,0
2.0,1.0,1.0,,FINES,"The fine for open positions of ELEC-dayX at the end of the day is $20,000/contract.",112,2026-02-01 12:47:39.483894,ELEC-day4,0.0,0.0,0.0,,,0,0,0,0,0,0
1.0,1.0,1.0,,Welcome to the RITC2026 GBE Energy Electricity Trading Case - practice server,,112,2026-02-01 12:47:39.483894,ELEC-day5,0.0,0.0,0.0,,,0,0,0,0,0,0
,,,,,,112,2026-02-01 12:47:39.483894,ELEC-day6,0.0,0.0,0.0,,,0,0,0,0,0,0
,,,,,,112,2026-02-01 12:47:39.483894,ELEC-F,0.0,0.0,0.0,,,0,0,0,0,0,0
5.0,1.0,89.0,,SUNLIGHT Forecast for DAY 2,The weather forecasts call for between 11 and 15 hours of sunlight tomorrow.,113,2026-02-01 12:47:40.527285,NG,2.28,2.26,2.3,800000.0,800000.0,0,0,0,0,0,0
4.0,1.0,1.0,,SUNLIGHT Forecast for DAY 2,The weather forecasts call for between 12 and 20 hours of sunlight tomorrow.,113,2026-02-01 12:47:40.527285,ELEC-day2,0.0,0.0,0.0,,,0,0,0,0,0,0
3.0,1.0,1.0,,You are logged in as a PRODUCER,,113,2026-02-01 12:47:40.527285,ELEC-day3,0.0,0.0,0.0,,,0,0,0,0,0,0
2.0,1.0,1.0,,FINES,"The fine for open positions of ELEC-dayX at the end of the day is $20,000/contract.",113,2026-02-01 12:47:40.527285,ELEC-day4,0.0,0.0,0.0,,,0,0,0,0,0,0
1.0,1.0,1.0,,Welcome to the RITC2026 GBE Energy Electricity Trading Case - practice server,,113,2026-02-01 12:47:40.527285,ELEC-day5,0.0,0.0,0.0,,,0,0,0,0,0,0
,,,,,,113,2026-02-01 12:47:40.527285,ELEC-day6,0.0,0.0,0.0,,,0,0,0,0,0,0
,,,,,,113,2026-02-01 12:47:40.527285,ELEC-F,0.0,0.0,0.0,,,0,0,0,0,0,0
5.0,1.0,89.0,,SUNLIGHT Forecast for DAY 2,The weather forecasts call for between 11 and 15 hours of sunlight tomorrow.,114,2026-02-01 12:47:41.571114,NG,2.27,2.25,2.29,800000.0,800000.0,0,0,0,0,0,0
4.0,1.0,1.0,,SUNLIGHT Forecast for DAY 2,The weather forecasts call for between 12 and 20 hours of sunlight tomorrow.,114,2026-02-01 12:47:41.571114,ELEC-day2,0.0,0.0,0.0,,,0,0,0,0,0,0
3.0,1.0,1.0,,You are logged in as a PRODUCER,,114,2026-02-01 12:47:41.571114,ELEC-day3,0.0,0.0,0.0,,,0,0,0,0,0,0
2.0,1.0,1.0,,FINES,"The fine for open positions of ELEC-dayX at the end of the day is $20,000/contract.",114,2026-02-01 12:47:41.571114,ELEC-day4,0.0,0.0,0.0,,,0,0,0,0,0,0
1.0,1.0,1.0,,Welcome to the RITC2026 GBE Energy Electricity Trading Case - practice server,,114,2026-02-01 12:47:41.571114,ELEC-day5,0.0,0.0,0.0,,,0,0,0,0,0,0
,,,,,,114,2026-02-01 12:47:41.571114,ELEC-day6,0.0,0.0,0.0,,,0,0,0,0,0,0
,,,,,,114,2026-02-01 12:47:41.571114,ELEC-F,0.0,0.0,0.0,,,0,0,0,0,0,0
5.0,1.0,89.0,,SUNLIGHT Forecast for DAY 2,The weather forecasts call for between 11 and 15 hours of sunlight tomorrow.,115,2026-02-01 12:47:42.754269,NG,2.26,2.24,2.28,800000.0,800000.0,0,0,0,0,0,0
4.0,1.0,1.0,,SUNLIGHT Forecast for DAY 2,The weather forecasts call for between 12 and 20 hours of sunlight tomorrow.,115,2026-02-01 12:47:42.754269,ELEC-day2,0.0,0.0,0.0,,,0,0,0,0,0,0
3.0,1.0,1.0,,You are logged in as a PRODUCER,,115,2026-02-01 12:47:42.754269,ELEC-day3,0.0,0.0,0.0,,,0,0,0,0,0,0
2.0,1.0,1.0,,FINES,"The fine for open positions of ELEC-dayX at the end of the day is $20,000/contract.",115,2026-02-01 12:47:42.754269,ELEC-day4,0.0,0.0,0.0,,,0,0,0,0,0,0
1.0,1.0,1.0,,Welcome to the RITC2026 GBE Energy Electricity Trading Case - practice server,,115,2026-02-01 12:47:42.754269,ELEC-day5,0.0,0.0,0.0,,,0,0,0,0,0,0
,,,,,,115,2026-02-01 12:47:42.754269,ELEC-day6,0.0,0.0,0.0,,,0,0,0,0,0,0
,,,,,,115,2026-02-01 12:47:42.754269,ELEC-F,0.0,0.0,0.0,,,0,0,0,0,0,0
5.0,1.0,89.0,,SUNLIGHT Forecast for DAY 2,The weather forecasts call for between 11 and 15 hours of sunlight tomorrow.,116,2026-02-01 12:47:44.141116,NG,2.26,2.24,2.28,800000.0,800000.0,0,0,0,0,0,0
4.0,1.0,1.0,,SUNLIGHT Forecast for DAY 2,The weather forecasts call for between 12 and 20 hours of sunlight tomorrow.,116,2026-02-01 12:47:44.141116,ELEC-day2,0.0,0.0,0.0,,,0,0,0,0,0,0
3.0,1.0,1.0,,You are logged in as a PRODUCER,,116,2026-02-01 12:47:44.141116,ELEC-day3,0.0,0.0,0.0,,,0,0,0,0,0,0
2.0,1.0,1.0,,FINES,"The fine for open positions of ELEC-dayX at the end of the day is $20,000/contract.",116,2026-02-01 12:47:44.141116,ELEC-day4,0.0,0.0,0.0,,,0,0,0,0,0,0
1.0,1.0,1.0,,Welcome to the RITC2026 GBE Energy Electricity Trading Case - practice server,,116,2026-02-01 12:47:44.141116,ELEC-day5,0.0,0.0,0.0,,,0,0,0,0,0,0
,,,,,,116,2026-02-01 12:47:44.141116,ELEC-day6,0.0,0.0,0.0,,,0,0,0,0,0,0
,,,,,,116,2026-02-01 12:47:44.141116,ELEC-F,0.0,0.0,0.0,,,0,0,0,0,0,0
5.0,1.0,89.0,,SUNLIGHT Forecast for DAY 2,The weather forecasts call for between 11 and 15 hours of sunlight tomorrow.,118,2026-02-01 12:47:45.679897,NG,2.27,2.25,2.29,800000.0,800000.0,0,0,0,0,0,0
4.0,1.0,1.0,,SUNLIGHT Forecast for DAY 2,The weather forecasts call for between 12 and 20 hours of sunlight tomorrow.,118,2026-02-01 12:47:45.679897,ELEC-day2,0.0,0.0,0.0,,,0,0,0,0,0,0
3.0,1.0,1.0,,You are logged in as a PRODUCER,,118,2026-02-01 12:47:45.679897,ELEC-day3,0.0,0.0,0.0,,,0,0,0,0,0,0
2.0,1.0,1.0,,FINES,"The fine for open positions of ELEC-dayX at the end of the day is $20,000/contract.",118,2026-02-01 12:47:45.679897,ELEC-day4,0.0,0.0,0.0,,,0,0,0,0,0,0
1.0,1.0,1.0,,Welcome to the RITC2026 GBE Energy Electricity Trading Case - practice server,,118,2026-02-01 12:47:45.679897,ELEC-day5,0.0,0.0,0.0,,,0,0,0,0,0,0
,,,,,,118,2026-02-01 12:47:45.679897,ELEC-day6,0.0,0.0,0.0,,,0,0,0,0,0,0
,,,,,,118,2026-02-01 12:47:45.679897,ELEC-F,0.0,0.0,0.0,,,0,0,0,0,0,0
5.0,1.0,89.0,,SUNLIGHT Forecast for DAY 2,The weather forecasts call for between 11 and 15 hours of sunlight tomorrow.,119,2026-02-01 12:47:47.225309,NG,2.27,2.25,2.29,800000.0,800000.0,0,0,0,0,0,0
4.0,1.0,1.0,,SUNLIGHT Forecast for DAY 2,The weather forecasts call for between 12 and 20 hours of sunlight tomorrow.,119,2026-02-01 12:47:47.225309,ELEC-day2,0.0,0.0,0.0,,,0,0,0,0,0,0
3.0,1.0,1.0,,You are logged in as a PRODUCER,,119,2026-02-01 12:47:47.225309,ELEC-day3,0.0,0.0,0.0,,,0,0,0,0,0,0
2.0,1.0,1.0,,FINES,"The fine for open positions of ELEC-dayX at the end of the day is $20,000/contract.",119,2026-02-01 12:47:47.225309,ELEC-day4,0.0,0.0,0.0,,,0,0,0,0,0,0
1.0,1.0,1.0,,Welcome to the RITC2026 GBE Energy Electricity Trading Case - practice server,,119,2026-02-01 12:47:47.225309,ELEC-day5,0.0,0.0,0.0,,,0,0,0,0,0,0
,,,,,,119,2026-02-01 12:47:47.225309,ELEC-day6,0.0,0.0,0.0,,,0,0,0,0,0,0
,,,,,,119,2026-02-01 12:47:47.225309,ELEC-F,0.0,0.0,0.0,,,0,0,0,0,0,0
5.0,1.0,89.0,,SUNLIGHT Forecast for DAY 2,The weather forecasts call for between 11 and 15 hours of sunlight tomorrow.,121,2026-02-01 12:47:48.689512,NG,2.26,2.24,2.28,800000.0,800000.0,0,0,0,0,0,0
4.0,1.0,1.0,,SUNLIGHT Forecast for DAY 2,The weather forecasts call for between 12 and 20 hours of sunlight tomorrow.,121,2026-02-01 12:47:48.689512,ELEC-day2,0.0,0.0,0.0,,,0,0,0,0,0,0
3.0,1.0,1.0,,You are logged in as a PRODUCER,,121,2026-02-01 12:47:48.689512,ELEC-day3,0.0,0.0,0.0,,,0,0,0,0,0,0
2.0,1.0,1.0,,FINES,"The fine for open positions of ELEC-dayX at the end of the day is $20,000/contract.",121,2026-02-01 12:47:48.689512,ELEC-day4,0.0,0.0,0.0,,,0,0,0,0,0,0
1.0,1.0,1.0,,Welcome to the RITC2026 GBE Energy Electricity Trading Case - practice server,,121,2026-02-01 12:47:48.689512,ELEC-day5,0.0,0.0,0.0,,,0,0,0,0,0,0
,,,,,,121,2026-02-01 12:47:48.689512,ELEC-day6,0.0,0.0,0.0,,,0,0,0,0,0,0
,,,,,,121,2026-02-01 12:47:48.689512,ELEC-F,0.0,0.0,0.0,,,0,0,0,0,0,0
5.0,1.0,89.0,,SUNLIGHT Forecast for DAY 2,The weather forecasts call for between 11 and 15 hours of sunlight tomorrow.,122,2026-02-01 12:47:49.769605,NG,2.25,2.23,2.27,800000.0,800000.0,0,0,0,0,0,0
4.0,1.0,1.0,,SUNLIGHT Forecast for DAY 2,The weather forecasts call for between 12 and 20 hours of sunlight tomorrow.,122,2026-02-01 12:47:49.769605,ELEC-day2,0.0,0.0,0.0,,,0,0,0,0,0,0
3.0,1.0,1.0,,You are logged in as a PRODUCER,,122,2026-02-01 12:47:49.769605,ELEC-day3,0.0,0.0,0.0,,,0,0,0,0,0,0
2.0,1.0,1.0,,FINES,"The fine for open positions of ELEC-dayX at the end of the day is $20,000/contract.",122,2026-02-01 12:47:49.769605,ELEC-day4,0.0,0.0,0.0,,,0,0,0,0,0,0
1.0,1.0,1.0,,Welcome to the RITC2026 GBE Energy Electricity Trading Case - practice server,,122,2026-02-01 12:47:49.769605,ELEC-day5,0.0,0.0,0.0,,,0,0,0,0,0,0
,,,,,,122,2026-02-01 12:47:49.769605,ELEC-day6,0.0,0.0,0.0,,,0,0,0,0,0,0
,,,,,,122,2026-02-01 12:47:49.769605,ELEC-F,0.0,0.0,0.0,,,0,0,0,0,0,0
5.0,1.0,89.0,,SUNLIGHT Forecast for DAY 2,The weather forecasts call for between 11 and 15 hours of sunlight tomorrow.,123,2026-02-01 12:47:50.809225,NG,2.25,2.23,2.27,800000.0,800000.0,0,0,0,0,0,0
4.0,1.0,1.0,,SUNLIGHT Forecast for DAY 2,The weather forecasts call for between 12 and 20 hours of sunlight tomorrow.,123,2026-02-01 12:47:50.809225,ELEC-day2,0.0,0.0,0.0,,,0,0,0,0,0,0
3.0,1.0,1.0,,You are logged in as a PRODUCER,,123,2026-02-01 12:47:50.809225,ELEC-day3,0.0,0.0,0.0,,,0,0,0,0,0,0
2.0,1.0,1.0,,FINES,"The fine for open positions of ELEC-dayX at the end of the day is $20,000/contract.",123,2026-02-01 12:47:50.809225,ELEC-day4,0.0,0.0,0.0,,,0,0,0,0,0,0
1.0,1.0,1.0,,Welcome to the RITC2026 GBE Energy Electricity Trading Case - practice server,,123,2026-02-01 12:47:50.809225,ELEC-day5,0.0,0.0,0.0,,,0,0,0,0,0,0
,,,,,,123,2026-02-01 12:47:50.809225,ELEC-day6,0.0,0.0,0.0,,,0,0,0,0,0,0
,,,,,,123,2026-02-01 12:47:50.809225,ELEC-F,0.0,0.0,0.0,,,0,0,0,0,0,0
5.0,1.0,89.0,,SUNLIGHT Forecast for DAY 2,The weather forecasts call for between 11 and 15 hours of sunlight tomorrow.,124,2026-02-01 12:47:51.834230,NG,2.25,2.23,2.27,800000.0,800000.0,0,0,0,0,0,0
4.0,1.0,1.0,,SUNLIGHT Forecast for DAY 2,The weather forecasts call for between 12 and 20 hours of sunlight tomorrow.,124,2026-02-01 12:47:51.834230,ELEC-day2,0.0,0.0,0.0,,,0,0,0,0,0,0
3.0,1.0,1.0,,You are logged in as a PRODUCER,,124,2026-02-01 12:47:51.834230,ELEC-day3,0.0,0.0,0.0,,,0,0,0,0,0,0
2.0,1.0,1.0,,FINES,"The fine for open positions of ELEC-dayX at the end of the day is $20,000/contract.",124,2026-02-01 12:47:51.834230,ELEC-day4,0.0,0.0,0.0,,,0,0,0,0,0,0
1.0,1.0,1.0,,Welcome to the RITC2026 GBE Energy Electricity Trading Case - practice server,,124,2026-02-01 12:47:51.834230,ELEC-day5,0.0,0.0,0.0,,,0,0,0,0,0,0
,,,,,,124,2026-02-01 12:47:51.834230,ELEC-day6,0.0,0.0,0.0,,,0,0,0,0,0,0
,,,,,,124,2026-02-01 12:47:51.834230,ELEC-F,0.0,0.0,0.0,,,0,0,0,0,0,0
5.0,1.0,89.0,,SUNLIGHT Forecast for DAY 2,The weather forecasts call for between 11 and 15 hours of sunlight tomorrow.,125,2026-02-01 12:47:52.859408,NG,2.25,2.23,2.27,800000.0,800000.0,0,0,0,0,0,0
4.0,1.0,1.0,,SUNLIGHT Forecast for DAY 2,The weather forecasts call for between 12 and 20 hours of sunlight tomorrow.,125,2026-02-01 12:47:52.859408,ELEC-day2,0.0,0.0,0.0,,,0,0,0,0,0,0
3.0,1.0,1.0,,You are logged in as a PRODUCER,,125,2026-02-01 12:47:52.859408,ELEC-day3,0.0,0.0,0.0,,,0,0,0,0,0,0
2.0,1.0,1.0,,FINES,"The fine for open positions of ELEC-dayX at the end of the day is $20,000/contract.",125,2026-02-01 12:47:52.859408,ELEC-day4,0.0,0.0,0.0,,,0,0,0,0,0,0
1.0,1.0,1.0,,Welcome to the RITC2026 GBE Energy Electricity Trading Case - practice server,,125,2026-02-01 12:47:52.859408,ELEC-day5,0.0,0.0,0.0,,,0,0,0,0,0,0
,,,,,,125,2026-02-01 12:47:52.859408,ELEC-day6,0.0,0.0,0.0,,,0,0,0,0,0,0
,,,,,,125,2026-02-01 12:47:52.859408,ELEC-F,0.0,0.0,0.0,,,0,0,0,0,0,0
5.0,1.0,89.0,,SUNLIGHT Forecast for DAY 2,The weather forecasts call for between 11 and 15 hours of sunlight tomorrow.,126,2026-02-01 12:47:53.883685,NG,2.25,2.23,2.27,800000.0,800000.0,0,0,0,0,0,0
4.0,1.0,1.0,,SUNLIGHT Forecast for DAY 2,The weather forecasts call for between 12 and 20 hours of sunlight tomorrow.,126,2026-02-01 12:47:53.883685,ELEC-day2,0.0,0.0,0.0,,,0,0,0,0,0,0
3.0,1.0,1.0,,You are logged in as a PRODUCER,,126,2026-02-01 12:47:53.883685,ELEC-day3,0.0,0.0,0.0,,,0,0,0,0,0,0
2.0,1.0,1.0,,FINES,"The fine for open positions of ELEC-dayX at the end of the day is $20,000/contract.",126,2026-02-01 12:47:53.883685,ELEC-day4,0.0,0.0,0.0,,,0,0,0,0,0,0
1.0,1.0,1.0,,Welcome to the RITC2026 GBE Energy Electricity Trading Case - practice server,,126,2026-02-01 12:47:53.883685,ELEC-day5,0.0,0.0,0.0,,,0,0,0,0,0,0
,,,,,,126,2026-02-01 12:47:53.883685,ELEC-day6,0.0,0.0,0.0,,,0,0,0,0,0,0
,,,,,,126,2026-02-01 12:47:53.883685,ELEC-F,0.0,0.0,0.0,,,0,0,0,0,0,0
5.0,1.0,89.0,,SUNLIGHT Forecast for DAY 2,The weather forecasts call for between 11 and 15 hours of sunlight tomorrow.,127,2026-02-01 12:47:54.919250,NG,2.25,2.23,2.27,800000.0,800000.0,0,0,0,0,0,0
4.0,1.0,1.0,,SUNLIGHT Forecast for DAY 2,The weather forecasts call for between 12 and 20 hours of sunlight tomorrow.,127,2026-02-01 12:47:54.919250,ELEC-day2,0.0,0.0,0.0,,,0,0,0,0,0,0
3.0,1.0,1.0,,You are logged in as a PRODUCER,,127,2026-02-01 12:47:54.919250,ELEC-day3,0.0,0.0,0.0,,,0,0,0,0,0,0
2.0,1.0,1.0,,FINES,"The fine for open positions of ELEC-dayX at the end of the day is $20,000/contract.",127,2026-02-01 12:47:54.919250,ELEC-day4,0.0,0.0,0.0,,,0,0,0,0,0,0
