news_id,period,tick,ticker,headline,body,tick,timestamp,ticker,last_price,bid_price,ask_price,BUY_ANON,SELL_ANON,BUY_LUIS-T1,SELL_CHUL-T1,SELL_CHUL-P,BUY_BOST-D,SELL_LUIS-T2,BUY_CHUL-T1,BUY_LUIS-T2,SELL_LUIS-T1
3.0,1.0,1.0,,You are logged in as a DISTRIBUTOR,,1,2026-02-02 00:39:32.523025,NG,2.2,2.18,2.22,800000.0,800000.0,0,0,0,0,0,0,0,0
2.0,1.0,1.0,,FINES,"The fine for open positions of ELEC-dayX at the end of the day is $20,000/contract.",1,2026-02-02 00:39:32.523025,ELEC-day2,0.0,0.0,0.0,,,0,0,0,0,0,0,0,0
1.0,1.0,1.0,,Welcome to the RITC2026 GBE Energy Electricity Trading Case - practice server,,1,2026-02-02 00:39:32.523025,ELEC-day3,0.0,0.0,0.0,,,0,0,0,0,0,0,0,0
,,,,,,1,2026-02-02 00:39:32.523025,ELEC-day4,0.0,0.0,0.0,,,0,0,0,0,0,0,0,0
,,,,,,1,2026-02-02 00:39:32.523025,ELEC-day5,0.0,0.0,0.0,,,0,0,0,0,0,0,0,0
,,,,,,1,2026-02-02 00:39:32.523025,ELEC-day6,0.0,0.0,0.0,,,0,0,0,0,0,0,0,0
,,,,,,1,2026-02-02 00:39:32.523025,ELEC-F,0.0,0.0,0.0,,,0,0,0,0,0,0,0,0
4.0,1.0,1.0,,TEMPERATURE Forecast for DAY 2,The average temperature tomorrow is forecasted to be between 27 and 34 degrees Celsius.,2,2026-02-02 00:39:33.551253,NG,2.19,2.17,2.21,800000.0,800000.0,0,0,0,0,0,0,0,0
3.0,1.0,1.0,,You are logged in as a DISTRIBUTOR,,2,2026-02-02 00:39:33.551253,ELEC-day2,0.0,0.0,0.0,,,0,0,0,0,0,0,0,0
2.0,1.0,1.0,,FINES,"The fine for open positions of ELEC-dayX at the end of the day is $20,000/contract.",2,2026-02-02 00:39:33.551253,ELEC-day3,0.0,0.0,0.0,,,0,0,0,0,0,0,0,0
1.0,1.0,1.0,,Welcome to the RITC2026 GBE Energy Electricity Trading Case - practice server,,2,2026-02-02 00:39:33.551253,ELEC-day4,0.0,0.0,0.0,,,0,0,0,0,0,0,0,0
,,,,,,2,2026-02-02 00:39:33.551253,ELEC-day5,0.0,0.0,0.0,,,0,0,0,0,0,0,0,0
,,,,,,2,2026-02-02 00:39:33.551253,ELEC-day6,0.0,0.0,0.0,,,0,0,0,0,0,0,0,0
,,,,,,2,2026-02-02 00:39:33.551253,ELEC-F,0.0,0.0,0.0,,,0,0,0,0,0,0,0,0
4.0,1.0,1.0,,TEMPERATURE Forecast for DAY 2,The average temperature tomorrow is forecasted to be between 27 and 34 degrees Celsius.,3,2026-02-02 00:39:34.593340,NG,2.2,2.18,2.22,800000.0,800000.0,0,0,0,0,0,0,0,0
3.0,1.0,1.0,,You are logged in as a DISTRIBUTOR,,3,2026-02-02 00:39:34.593340,ELEC-day2,0.0,0.0,0.0,,,0,0,0,0,0,0,0,0
2.0,1.0,1.0,,FINES,"The fine for open positions of ELEC-dayX at the end of the day is $20,000/contract.",3,2026-02-02 00:39:34.593340,ELEC-day3,0.0,0.0,0.0,,,0,0,0,0,0,0,0,0
1.0,1.0,1.0,,Welcome to the RITC2026 GBE Energy Electricity Trading Case - practice server,,3,2026-02-02 00:39:34.593340,ELEC-day4,0.0,0.0,0.0,,,0,0,0,0,0,0,0,0
,,,,,,3,2026-02-02 00:39:34.593340,ELEC-day5,0.0,0.0,0.0,,,0,0,0,0,0,0,0,0
,,,,,,3,2026-02-02 00:39:34.593340,ELEC-day6,0.0,0.0,0.0,,,0,0,0,0,0,0,0,0
,,,,,,3,2026-02-02 00:39:34.593340,ELEC-F,0.0,0.0,0.0,,,0,0,0,0,0,0,0,0
4.0,1.0,1.0,,TEMPERATURE Forecast for DAY 2,The average temperature tomorrow is forecasted to be between 27 and 34 degrees Celsius.,4,2026-02-02 00:39:35.617612,NG,2.21,2.19,2.23,800000.0,800000.0,0,0,0,0,0,0,0,0
3.0,1.0,1.0,,You are logged in as a DISTRIBUTOR,,4,2026-02-02 00:39:35.617612,ELEC-day2,0.0,0.0,0.0,,,0,0,0,0,0,0,0,0
2.0,1.0,1.0,,FINES,"The fine for open positions of ELEC-dayX at the end of the day is $20,000/contract.",4,2026-02-02 00:39:35.617612,ELEC-day3,0.0,0.0,0.0,,,0,0,0,0,0,0,0,0
1.0,1.0,1.0,,Welcome to the RITC2026 GBE Energy Electricity Trading Case - practice server,,4,2026-02-02 00:39:35.617612,ELEC-day4,0.0,0.0,0.0,,,0,0,0,0,0,0,0,0
,,,,,,4,2026-02-02 00:39:35.617612,ELEC-day5,0.0,0.0,0.0,,,0,0,0,0,0,0,0,0
,,,,,,4,2026-02-02 00:39:35.617612,ELEC-day6,0.0,0.0,0.0,,,0,0,0,0,0,0,0,0
,,,,,,4,2026-02-02 00:39:35.617612,ELEC-F,0.0,0.0,0.0,,,0,0,0,0,0,0,0,0
4.0,1.0,1.0,,TEMPERATURE Forecast for DAY 2,The average temperature tomorrow is forecasted to be between 27 and 34 degrees Celsius.,5,2026-02-02 00:39:36.657174,NG,2.21,2.19,2.23,800000.0,800000.0,0,0,0,0,0,0,0,0
3.0,1.0,1.0,,You are logged in as a DISTRIBUTOR,,5,2026-02-02 00:39:36.657174,ELEC-day2,0.0,0.0,0.0,,,0,0,0,0,0,0,0,0
2.0,1.0,1.0,,FINES,"The fine for open positions of ELEC-dayX at the end of the day is $20,000/contract.",5,2026-02-02 00:39:36.657174,ELEC-day3,0.0,0.0,0.0,,,0,0,0,0,0,0,0,0
1.0,1.0,1.0,,Welcome to the RITC2026 GBE Energy Electricity Trading Case - practice server,,5,2026-02-02 00:39:36.657174,ELEC-day4,0.0,0.0,0.0,,,0,0,0,0,0,0,0,0
,,,,,,5,2026-02-02 00:39:36.657174,ELEC-day5,0.0,0.0,0.0,,,0,0,0,0,0,0,0,0
,,,,,,5,2026-02-02 00:39:36.657174,ELEC-day6,0.0,0.0,0.0,,,0,0,0,0,0,0,0,0
,,,,,,5,2026-02-02 00:39:36.657174,ELEC-F,0.0,0.0,0.0,,,0,0,0,0,0,0,0,0
4.0,1.0,1.0,,TEMPERATURE Forecast for DAY 2,The average temperature tomorrow is forecasted to be between 27 and 34 degrees Celsius.,7,2026-02-02 00:39:37.713149,NG,2.21,2.19,2.23,800000.0,800000.0,0,0,0,0,0,0,0,0
3.0,1.0,1.0,,You are logged in as a DISTRIBUTOR,,7,2026-02-02 00:39:37.713149,ELEC-day2,0.0,0.0,0.0,,,0,0,0,0,0,0,0,0
2.0,1.0,1.0,,FINES,"The fine for open positions of ELEC-dayX at the end of the day is $20,000/contract.",7,2026-02-02 00:39:37.713149,ELEC-day3,0.0,0.0,0.0,,,0,0,0,0,0,0,0,0
1.0,1.0,1.0,,Welcome to the RITC2026 GBE Energy Electricity Trading Case - practice server,,7,2026-02-02 00:39:37.713149,ELEC-day4,0.0,0.0,0.0,,,0,0,0,0,0,0,0,0
,,,,,,7,2026-02-02 00:39:37.713149,ELEC-day5,0.0,0.0,0.0,,,0,0,0,0,0,0,0,0
,,,,,,7,2026-02-02 00:39:37.713149,ELEC-day6,0.0,0.0,0.0,,,0,0,0,0,0,0,0,0
,,,,,,7,2026-02-02 00:39:37.713149,ELEC-F,0.0,0.0,0.0,,,0,0,0,0,0,0,0,0
4.0,1.0,1.0,,TEMPERATURE Forecast for DAY 2,The average temperature tomorrow is forecasted to be between 27 and 34 degrees Celsius.,8,2026-02-02 00:39:38.743202,NG,2.19,2.17,2.21,800000.0,800000.0,0,0,0,0,0,0,0,0
3.0,1.0,1.0,,You are logged in as a DISTRIBUTOR,,8,2026-02-02 00:39:38.743202,ELEC-day2,0.0,0.0,0.0,,,0,0,0,0,0,0,0,0
2.0,1.0,1.0,,FINES,"The fine for open positions of ELEC-dayX at the end of the day is $20,000/contract.",8,2026-02-02 00:39:38.743202,ELEC-day3,0.0,0.0,0.0,,,0,0,0,0,0,0,0,0
1.0,1.0,1.0,,Welcome to the RITC2026 GBE Energy Electricity Trading Case - practice server,,8,2026-02-02 00:39:38.743202,ELEC-day4,0.0,0.0,0.0,,,0,0,0,0,0,0,0,0
,,,,,,8,2026-02-02 00:39:38.743202,ELEC-day5,0.0,0.0,0.0,,,0,0,0,0,0,0,0,0
,,,,,,8,2026-02-02 00:39:38.743202,ELEC-day6,0.0,0.0,0.0,,,0,0,0,0,0,0,0,0
,,,,,,8,2026-02-02 00:39:38.743202,ELEC-F,0.0,0.0,0.0,,,0,0,0,0,0,0,0,0
4.0,1.0,1.0,,TEMPERATURE Forecast for DAY 2,The average temperature tomorrow is forecasted to be between 27 and 34 degrees Celsius.,9,2026-02-02 00:39:39.772876,NG,2.2,2.18,2.22,800000.0,800000.0,0,0,0,0,0,0,0,0
3.0,1.0,1.0,,You are logged in as a DISTRIBUTOR,,9,2026-02-02 00:39:39.772876,ELEC-day2,0.0,0.0,0.0,,,0,0,0,0,0,0,0,0
2.0,1.0,1.0,,FINES,"The fine for open positions of ELEC-dayX at the end of the day is $20,000/contract.",9,2026-02-02 00:39:39.772876,ELEC-day3,0.0,0.0,0.0,,,0,0,0,0,0,0,0,0
1.0,1.0,1.0,,Welcome to the RITC2026 GBE Energy Electricity Trading Case - practice server,,9,2026-02-02 00:39:39.772876,ELEC-day4,0.0,0.0,0.0,,,0,0,0,0,0,0,0,0
,,,,,,9,2026-02-02 00:39:39.772876,ELEC-day5,0.0,0.0,0.0,,,0,0,0,0,0,0,0,0
,,,,,,9,2026-02-02 00:39:39.772876,ELEC-day6,0.0,0.0,0.0,,,0,0,0,0,0,0,0,0
,,,,,,9,2026-02-02 00:39:39.772876,ELEC-F,0.0,0.0,0.0,,,0,0,0,0,0,0,0,0
4.0,1.0,1.0,,TEMPERATURE Forecast for DAY 2,The average temperature tomorrow is forecasted to be between 27 and 34 degrees Celsius.,10,2026-02-02 00:39:40.793452,NG,2.2,2.18,2.22,800000.0,800000.0,0,0,0,0,0,0,0,0
3.0,1.0,1.0,,You are logged in as a DISTRIBUTOR,,10,2026-02-02 00:39:40.793452,ELEC-day2,0.0,0.0,0.0,,,0,0,0,0,0,0,0,0
2.0,1.0,1.0,,FINES,"The fine for open positions of ELEC-dayX at the end of the day is $20,000/contract.",10,2026-02-02 00:39:40.793452,ELEC-day3,0.0,0.0,0.0,,,0,0,0,0,0,0,0,0
1.0,1.0,1.0,,Welcome to the RITC2026 GBE Energy Electricity Trading Case - practice server,,10,2026-02-02 00:39:40.793452,ELEC-day4,0.0,0.0,0.0,,,0,0,0,0,0,0,0,0
,,,,,,10,2026-02-02 00:39:40.793452,ELEC-day5,0.0,0.0,0.0,,,0,0,0,0,0,0,0,0
,,,,,,10,2026-02-02 00:39:40.793452,ELEC-day6,0.0,0.0,0.0,,,0,0,0,0,0,0,0,0
,,,,,,10,2026-02-02 00:39:40.793452,ELEC-F,0.0,0.0,0.0,,,0,0,0,0,0,0,0,0
4.0,1.0,1.0,,TEMPERATURE Forecast for DAY 2,The average temperature tomorrow is forecasted to be between 27 and 34 degrees Celsius.,11,2026-02-02 00:39:41.828130,NG,2.2,2.18,2.22,800000.0,800000.0,0,0,0,0,0,0,0,0
3.0,1.0,1.0,,You are logged in as a DISTRIBUTOR,,11,2026-02-02 00:39:41.828130,ELEC-day2,0.0,0.0,0.0,,,0,0,0,0,0,0,0,0
2.0,1.0,1.0,,FINES,"The fine for open positions of ELEC-dayX at the end of the day is $20,000/contract.",11,2026-02-02 00:39:41.828130,ELEC-day3,0.0,0.0,0.0,,,0,0,0,0,0,0,0,0
1.0,1.0,1.0,,Welcome to the RITC2026 GBE Energy Electricity Trading Case - practice server,,11,2026-02-02 00:39:41.828130,ELEC-day4,0.0,0.0,0.0,,,0,0,0,0,0,0,0,0
,,,,,,11,2026-02-02 00:39:41.828130,ELEC-day5,0.0,0.0,0.0,,,0,0,0,0,0,0,0,0
,,,,,,11,2026-02-02 00:39:41.828130,ELEC-day6,0.0,0.0,0.0,,,0,0,0,0,0,0,0,0
,,,,,,11,2026-02-02 00:39:41.828130,ELEC-F,0.0,0.0,0.0,,,0,0,0,0,0,0,0,0
4.0,1.0,1.0,,TEMPERATURE Forecast for DAY 2,The average temperature tomorrow is forecasted to be between 27 and 34 degrees Celsius.,12,2026-02-02 00:39:42.852927,NG,2.21,2.19,2.23,800000.0,800000.0,0,0,0,0,0,0,0,0
3.0,1.0,1.0,,You are logged in as a DISTRIBUTOR,,12,2026-02-02 00:39:42.852927,ELEC-day2,0.0,0.0,0.0,,,0,0,0,0,0,0,0,0
2.0,1.0,1.0,,FINES,"The fine for open positions of ELEC-dayX at the end of the day is $20,000/contract.",12,2026-02-02 00:39:42.852927,ELEC-day3,0.0,0.0,0.0,,,0,0,0,0,0,0,0,0
1.0,1.0,1.0,,Welcome to the RITC2026 GBE Energy Electricity Trading Case - practice server,,12,2026-02-02 00:39:42.852927,ELEC-day4,0.0,0.0,0.0,,,0,0,0,0,0,0,0,0
,,,,,,12,2026-02-02 00:39:42.852927,ELEC-day5,0.0,0.0,0.0,,,0,0,0,0,0,0,0,0
,,,,,,12,2026-02-02 00:39:42.852927,ELEC-day6,0.0,0.0,0.0,,,0,0,0,0,0,0,0,0
,,,,,,12,2026-02-02 00:39:42.852927,ELEC-F,0.0,0.0,0.0,,,0,0,0,0,0,0,0,0
4.0,1.0,1.0,,TEMPERATURE Forecast for DAY 2,The average temperature tomorrow is forecasted to be between 27 and 34 degrees Celsius.,13,2026-02-02 00:39:43.883417,NG,2.22,2.2,2.24,800000.0,800000.0,0,0,0,0,0,0,0,0
3.0,1.0,1.0,,You are logged in as a DISTRIBUTOR,,13,2026-02-02 00:39:43.883417,ELEC-day2,0.0,0.0,0.0,,,0,0,0,0,0,0,0,0
2.0,1.0,1.0,,FINES,"The fine for open positions of ELEC-dayX at the end of the day is $20,000/contract.",13,2026-02-02 00:39:43.883417,ELEC-day3,0.0,0.0,0.0,,,0,0,0,0,0,0,0,0
1.0,1.0,1.0,,Welcome to the RITC2026 GBE Energy Electricity Trading Case - practice server,,13,2026-02-02 00:39:43.883417,ELEC-day4,0.0,0.0,0.0,,,0,0,0,0,0,0,0,0
,,,,,,13,2026-02-02 00:39:43.883417,ELEC-day5,0.0,0.0,0.0,,,0,0,0,0,0,0,0,0
,,,,,,13,2026-02-02 00:39:43.883417,ELEC-day6,0.0,0.0,0.0,,,0,0,0,0,0,0,0,0
,,,,,,13,2026-02-02 00:39:43.883417,ELEC-F,0.0,0.0,0.0,,,0,0,0,0,0,0,0,0
4.0,1.0,1.0,,TEMPERATURE Forecast for DAY 2,The average temperature tomorrow is forecasted to be between 27 and 34 degrees Celsius.,14,2026-02-02 00:39:44.913141,NG,2.21,2.19,2.23,800000.0,800000.0,0,0,0,0,0,0,0,0
3.0,1.0,1.0,,You are logged in as a DISTRIBUTOR,,14,2026-02-02 00:39:44.913141,ELEC-day2,0.0,0.0,0.0,,,0,0,0,0,0,0,0,0
2.0,1.0,1.0,,FINES,"The fine for open positions of ELEC-dayX at the end of the day is $20,000/contract.",14,2026-02-02 00:39:44.913141,ELEC-day3,0.0,0.0,0.0,,,0,0,0,0,0,0,0,0
1.0,1.0,1.0,,Welcome to the RITC2026 GBE Energy Electricity Trading Case - practice server,,14,2026-02-02 00:39:44.913141,ELEC-day4,0.0,0.0,0.0,,,0,0,0,0,0,0,0,0
,,,,,,14,2026-02-02 00:39:44.913141,ELEC-day5,0.0,0.0,0.0,,,0,0,0,0,0,0,0,0
,,,,,,14,2026-02-02 00:39:44.913141,ELEC-day6,0.0,0.0,0.0,,,0,0,0,0,0,0,0,0
,,,,,,14,2026-02-02 00:39:44.913141,ELEC-F,0.0,0.0,0.0,,,0,0,0,0,0,0,0,0
4.0,1.0,1.0,,TEMPERATURE Forecast for DAY 2,The average temperature tomorrow is forecasted to be between 27 and 34 degrees Celsius.,15,2026-02-02 00:39:45.943383,NG,2.22,2.2,2.24,800000.0,800000.0,0,0,0,0,0,0,0,0
3.0,1.0,1.0,,You are logged in as a DISTRIBUTOR,,15,2026-02-02 00:39:45.943383,ELEC-day2,0.0,0.0,0.0,,,0,0,0,0,0,0,0,0
2.0,1.0,1.0,,FINES,"The fine for open positions of ELEC-dayX at the end of the day is $20,000/contract.",15,2026-02-02 00:39:45.943383,ELEC-day3,0.0,0.0,0.0,,,0,0,0,0,0,0,0,0
1.0,1.0,1.0,,Welcome to the RITC2026 GBE Energy Electricity Trading Case - practice server,,15,2026-02-02 00:39:45.943383,ELEC-day4,0.0,0.0,0.0,,,0,0,0,0,0,0,0,0
,,,,,,15,2026-02-02 00:39:45.943383,ELEC-day5,0.0,0.0,0.0,,,0,0,0,0,0,0,0,0
,,,,,,15,2026-02-02 00:39:45.943383,ELEC-day6,0.0,0.0,0.0,,,0,0,0,0,0,0,0,0
,,,,,,15,2026-02-02 00:39:45.943383,ELEC-F,0.0,0.0,0.0,,,0,0,0,0,0,0,0,0
4.0,1.0,1.0,,TEMPERATURE Forecast for DAY 2,The average temperature tomorrow is forecasted to be between 27 and 34 degrees Celsius.,16,2026-02-02 00:39:46.981473,NG,2.21,2.19,2.23,800000.0,800000.0,0,0,0,0,0,0,0,0
3.0,1.0,1.0,,You are logged in as a DISTRIBUTOR,,16,2026-02-02 00:39:46.981473,ELEC-day2,0.0,0.0,0.0,,,0,0,0,0,0,0,0,0
2.0,1.0,1.0,,FINES,"The fine for open positions of ELEC-dayX at the end of the day is $20,000/contract.",16,2026-02-02 00:39:46.981473,ELEC-day3,0.0,0.0,0.0,,,0,0,0,0,0,0,0,0
1.0,1.0,1.0,,Welcome to the RITC2026 GBE Energy Electricity Trading Case - practice server,,16,2026-02-02 00:39:46.981473,ELEC-day4,0.0,0.0,0.0,,,0,0,0,0,0,0,0,0
,,,,,,16,2026-02-02 00:39:46.981473,ELEC-day5,0.0,0.0,0.0,,,0,0,0,0,0,0,0,0
,,,,,,16,2026-02-02 00:39:46.981473,ELEC-day6,0.0,0.0,0.0,,,0,0,0,0,0,0,0,0
,,,,,,16,2026-02-02 00:39:46.981473,ELEC-F,0.0,0.0,0.0,,,0,0,0,0,0,0,0,0
4.0,1.0,1.0,,TEMPERATURE Forecast for DAY 2,The average temperature tomorrow is forecasted to be between 27 and 34 degrees Celsius.,17,2026-02-02 00:39:48.008110,NG,2.21,2.19,2.23,800000.0,800000.0,0,0,0,0,0,0,0,0
3.0,1.0,1.0,,You are logged in as a DISTRIBUTOR,,17,2026-02-02 00:39:48.008110,ELEC-day2,0.0,0.0,0.0,,,0,0,0,0,0,0,0,0
2.0,1.0,1.0,,FINES,"The fine for open positions of ELEC-dayX at the end of the day is $20,000/contract.",17,2026-02-02 00:39:48.008110,ELEC-day3,0.0,0.0,0.0,,,0,0,0,0,0,0,0,0
1.0,1.0,1.0,,Welcome to the RITC2026 GBE Energy Electricity Trading Case - practice server,,17,2026-02-02 00:39:48.008110,ELEC-day4,0.0,0.0,0.0,,,0,0,0,0,0,0,0,0
,,,,,,17,2026-02-02 00:39:48.008110,ELEC-day5,0.0,0.0,0.0,,,0,0,0,0,0,0,0,0
,,,,,,17,2026-02-02 00:39:48.008110,ELEC-day6,0.0,0.0,0.0,,,0,0,0,0,0,0,0,0
,,,,,,17,2026-02-02 00:39:48.008110,ELEC-F,0.0,0.0,0.0,,,0,0,0,0,0,0,0,0
4.0,1.0,1.0,,TEMPERATURE Forecast for DAY 2,The average temperature tomorrow is forecasted to be between 27 and 34 degrees Celsius.,18,2026-02-02 00:39:49.036741,NG,2.2,2.18,2.22,800000.0,800000.0,0,0,0,0,0,0,0,0
3.0,1.0,1.0,,You are logged in as a DISTRIBUTOR,,18,2026-02-02 00:39:49.036741,ELEC-day2,0.0,0.0,0.0,,,0,0,0,0,0,0,0,0
2.0,1.0,1.0,,FINES,"The fine for open positions of ELEC-dayX at the end of the day is $20,000/contract.",18,2026-02-02 00:39:49.036741,ELEC-day3,0.0,0.0,0.0,,,0,0,0,0,0,0,0,0
1.0,1.0,1.0,,Welcome to the RITC2026 GBE Energy Electricity Trading Case - practice server,,18,2026-02-02 00:39:49.036741,ELEC-day4,0.0,0.0,0.0,,,0,0,0,0,0,0,0,0
,,,,,,18,2026-02-02 00:39:49.036741,ELEC-day5,0.0,0.0,0.0,,,0,0,0,0,0,0,0,0
,,,,,,18,2026-02-02 00:39:49.036741,ELEC-day6,0.0,0.0,0.0,,,0,0,0,0,0,0,0,0
,,,,,,18,2026-02-02 00:39:49.036741,ELEC-F,0.0,0.0,0.0,,,0,0,0,0,0,0,0,0
4.0,1.0,1.0,,TEMPERATURE Forecast for DAY 2,The average temperature tomorrow is forecasted to be between 27 and 34 degrees Celsius.,19,2026-02-02 00:39:50.068930,NG,2.2,2.18,2.22,800000.0,800000.0,0,0,0,0,0,0,0,0
3.0,1.0,1.0,,You are logged in as a DISTRIBUTOR,,19,2026-02-02 00:39:50.068930,ELEC-day2,0.0,0.0,0.0,,,0,0,0,0,0,0,0,0
2.0,1.0,1.0,,FINES,"The fine for open positions of ELEC-dayX at the end of the day is $20,000/contract.",19,2026-02-02 00:39:50.068930,ELEC-day3,0.0,0.0,0.0,,,0,0,0,0,0,0,0,0
1.0,1.0,1.0,,Welcome to the RITC2026 GBE Energy Electricity Trading Case - practice server,,19,2026-02-02 00:39:50.068930,ELEC-day4,0.0,0.0,0.0,,,0,0,0,0,0,0,0,0
,,,,,,19,2026-02-02 00:39:50.068930,ELEC-day5,0.0,0.0,0.0,,,0,0,0,0,0,0,0,0
,,,,,,19,2026-02-02 00:39:50.068930,ELEC-day6,0.0,0.0,0.0,,,0,0,0,0,0,0,0,0
,,,,,,19,2026-02-02 00:39:50.068930,ELEC-F,0.0,0.0,0.0,,,0,0,0,0,0,0,0,0
4.0,1.0,1.0,,TEMPERATURE Forecast for DAY 2,The average temperature tomorrow is forecasted to be between 27 and 34 degrees Celsius.,20,2026-02-02 00:39:51.104179,NG,2.19,2.17,2.21,800000.0,800000.0,0,0,0,0,0,0,0,0
3.0,1.0,1.0,,You are logged in as a DISTRIBUTOR,,20,2026-02-02 00:39:51.104179,ELEC-day2,0.0,0.0,0.0,,,0,0,0,0,0,0,0,0
2.0,1.0,1.0,,FINES,"The fine for open positions of ELEC-dayX at the end of the day is $20,000/contract.",20,2026-02-02 00:39:51.104179,ELEC-day3,0.0,0.0,0.0,,,0,0,0,0,0,0,0,0
1.0,1.0,1.0,,Welcome to the RITC2026 GBE Energy Electricity Trading Case - practice server,,20,2026-02-02 00:39:51.104179,ELEC-day4,0.0,0.0,0.0,,,0,0,0,0,0,0,0,0
,,,,,,20,2026-02-02 00:39:51.104179,ELEC-day5,0.0,0.0,0.0,,,0,0,0,0,0,0,0,0
,,,,,,20,2026-02-02 00:39:51.104179,ELEC-day6,0.0,0.0,0.0,,,0,0,0,0,0,0,0,0
,,,,,,20,2026-02-02 00:39:51.104179,ELEC-F,0.0,0.0,0.0,,,0,0,0,0,0,0,0,0
4.0,1.0,1.0,,TEMPERATURE Forecast for DAY 2,The average temperature tomorrow is forecasted to be between 27 and 34 degrees Celsius.,21,2026-02-02 00:39:52.137595,NG,2.19,2.17,2.21,800000.0,800000.0,0,0,0,0,0,0,0,0
3.0,1.0,1.0,,You are logged in as a DISTRIBUTOR,,21,2026-02-02 00:39:52.137595,ELEC-day2,0.0,0.0,0.0,,,0,0,0,0,0,0,0,0
2.0,1.0,1.0,,FINES,"The fine for open positions of ELEC-dayX at the end of the day is $20,000/contract.",21,2026-02-02 00:39:52.137595,ELEC-day3,0.0,0.0,0.0,,,0,0,0,0,0,0,0,0
1.0,1.0,1.0,,Welcome to the RITC2026 GBE Energy Electricity Trading Case - practice server,,21,2026-02-02 00:39:52.137595,ELEC-day4,0.0,0.0,0.0,,,0,0,0,0,0,0,0,0
,,,,,,21,2026-02-02 00:39:52.137595,ELEC-day5,0.0,0.0,0.0,,,0,0,0,0,0,0,0,0
,,,,,,21,2026-02-02 00:39:52.137595,ELEC-day6,0.0,0.0,0.0,,,0,0,0,0,0,0,0,0
,,,,,,21,2026-02-02 00:39:52.137595,ELEC-F,0.0,0.0,0.0,,,0,0,0,0,0,0,0,0
4.0,1.0,1.0,,TEMPERATURE Forecast for DAY 2,The average temperature tomorrow is forecasted to be between 27 and 34 degrees Celsius.,22,2026-02-02 00:39:53.162903,NG,2.19,2.17,2.21,800000.0,800000.0,0,0,0,0,0,0,0,0
3.0,1.0,1.0,,You are logged in as a DISTRIBUTOR,,22,2026-02-02 00:39:53.162903,ELEC-day2,0.0,0.0,0.0,,,0,0,0,0,0,0,0,0
2.0,1.0,1.0,,FINES,"The fine for open positions of ELEC-dayX at the end of the day is $20,000/contract.",22,2026-02-02 00:39:53.162903,ELEC-day3,0.0,0.0,0.0,,,0,0,0,0,0,0,0,0
1.0,1.0,1.0,,Welcome to the RITC2026 GBE Energy Electricity Trading Case - practice server,,22,2026-02-02 00:39:53.162903,ELEC-day4,0.0,0.0,0.0,,,0,0,0,0,0,0,0,0
,,,,,,22,2026-02-02 00:39:53.162903,ELEC-day5,0.0,0.0,0.0,,,0,0,0,0,0,0,0,0
,,,,,,22,2026-02-02 00:39:53.162903,ELEC-day6,0.0,0.0,0.0,,,0,0,0,0,0,0,0,0
,,,,,,22,2026-02-02 00:39:53.162903,ELEC-F,0.0,0.0,0.0,,,0,0,0,0,0,0,0,0
4.0,1.0,1.0,,TEMPERATURE Forecast for DAY 2,The average temperature tomorrow is forecasted to be between 27 and 34 degrees Celsius.,23,2026-02-02 00:39:54.202764,NG,2.19,2.17,2.21,800000.0,800000.0,0,0,0,0,0,0,0,0
3.0,1.0,1.0,,You are logged in as a DISTRIBUTOR,,23,2026-02-02 00:39:54.202764,ELEC-day2,0.0,0.0,0.0,,,0,0,0,0,0,0,0,0
2.0,1.0,1.0,,FINES,"The fine for open positions of ELEC-dayX at the end of the day is $20,000/contract.",23,2026-02-02 00:39:54.202764,ELEC-day3,0.0,0.0,0.0,,,0,0,0,0,0,0,0,0
1.0,1.0,1.0,,Welcome to the RITC2026 GBE Energy Electricity Trading Case - practice server,,23,2026-02-02 00:39:54.202764,ELEC-day4,0.0,0.0,0.0,,,0,0,0,0,0,0,0,0
,,,,,,23,2026-02-02 00:39:54.202764,ELEC-day5,0.0,0.0,0.0,,,0,0,0,0,0,0,0,0
,,,,,,23,2026-02-02 00:39:54.202764,ELEC-day6,0.0,0.0,0.0,,,0,0,0,0,0,0,0,0
,,,,,,23,2026-02-02 00:39:54.202764,ELEC-F,0.0,0.0,0.0,,,0,0,0,0,0,0,0,0
4.0,1.0,1.0,,TEMPERATURE Forecast for DAY 2,The average temperature tomorrow is forecasted to be between 27 and 34 degrees Celsius.,24,2026-02-02 00:39:55.237610,NG,2.19,2.17,2.21,800000.0,800000.0,0,0,0,0,0,0,0,0
3.0,1.0,1.0,,You are logged in as a DISTRIBUTOR,,24,2026-02-02 00:39:55.237610,ELEC-day2,0.0,0.0,0.0,,,0,0,0,0,0,0,0,0
2.0,1.0,1.0,,FINES,"The fine for open positions of ELEC-dayX at the end of the day is $20,000/contract.",24,2026-02-02 00:39:55.237610,ELEC-day3,0.0,0.0,0.0,,,0,0,0,0,0,0,0,0
1.0,1.0,1.0,,Welcome to the RITC2026 GBE Energy Electricity Trading Case - practice server,,24,2026-02-02 00:39:55.237610,ELEC-day4,0.0,0.0,0.0,,,0,0,0,0,0,0,0,0
,,,,,,24,2026-02-02 00:39:55.237610,ELEC-day5,0.0,0.0,0.0,,,0,0,0,0,0,0,0,0
,,,,,,24,2026-02-02 00:39:55.237610,ELEC-day6,0.0,0.0,0.0,,,0,0,0,0,0,0,0,0
,,,,,,24,2026-02-02 00:39:55.237610,ELEC-F,0.0,0.0,0.0,,,0,0,0,0,0,0,0,0
4.0,1.0,1.0,,TEMPERATURE Forecast for DAY 2,The average temperature tomorrow is forecasted to be between 27 and 34 degrees Celsius.,25,2026-02-02 00:39:56.266283,NG,2.18,2.16,2.2,800000.0,800000.0,0,0,0,0,0,0,0,0
3.0,1.0,1.0,,You are logged in as a DISTRIBUTOR,,25,2026-02-02 00:39:56.266283,ELEC-day2,0.0,0.0,0.0,,,0,0,0,0,0,0,0,0
2.0,1.0,1.0,,FINES,"The fine for open positions of ELEC-dayX at the end of the day is $20,000/contract.",25,2026-02-02 00:39:56.266283,ELEC-day3,0.0,0.0,0.0,,,0,0,0,0,0,0,0,0
1.0,1.0,1.0,,Welcome to the RITC2026 GBE Energy Electricity Trading Case - practice server,,25,2026-02-02 00:39:56.266283,ELEC-day4,0.0,0.0,0.0,,,0,0,0,0,0,0,0,0
,,,,,,25,2026-02-02 00:39:56.266283,ELEC-day5,0.0,0.0,0.0,,,0,0,0,0,0,0,0,0
,,,,,,25,2026-02-02 00:39:56.266283,ELEC-day6,0.0,0.0,0.0,,,0,0,0,0,0,0,0,0
,,,,,,25,2026-02-02 00:39:56.266283,ELEC-F,0.0,0.0,0.0,,,0,0,0,0,0,0,0,0
4.0,1.0,1.0,,TEMPERATURE Forecast for DAY 2,The average temperature tomorrow is forecasted to be between 27 and 34 degrees Celsius.,26,2026-02-02 00:39:57.290007,NG,2.18,2.16,2.2,800000.0,800000.0,0,0,0,0,0,0,0,0
3.0,1.0,1.0,,You are logged in as a DISTRIBUTOR,,26,2026-02-02 00:39:57.290007,ELEC-day2,0.0,0.0,0.0,,,0,0,0,0,0,0,0,0
2.0,1.0,1.0,,FINES,"The fine for open positions of ELEC-dayX at the end of the day is $20,000/contract.",26,2026-02-02 00:39:57.290007,ELEC-day3,0.0,0.0,0.0,,,0,0,0,0,0,0,0,0
1.0,1.0,1.0,,Welcome to the RITC2026 GBE Energy Electricity Trading Case - practice server,,26,2026-02-02 00:39:57.290007,ELEC-day4,0.0,0.0,0.0,,,0,0,0,0,0,0,0,0
,,,,,,26,2026-02-02 00:39:57.290007,ELEC-day5,0.0,0.0,0.0,,,0,0,0,0,0,0,0,0
,,,,,,26,2026-02-02 00:39:57.290007,ELEC-day6,0.0,0.0,0.0,,,0,0,0,0,0,0,0,0
,,,,,,26,2026-02-02 00:39:57.290007,ELEC-F,0.0,0.0,0.0,,,0,0,0,0,0,0,0,0
4.0,1.0,1.0,,TEMPERATURE Forecast for DAY 2,The average temperature tomorrow is forecasted to be between 27 and 34 degrees Celsius.,27,2026-02-02 00:39:58.332882,NG,2.17,2.15,2.19,800000.0,800000.0,0,0,0,0,0,0,0,0
3.0,1.0,1.0,,You are logged in as a DISTRIBUTOR,,27,2026-02-02 00:39:58.332882,ELEC-day2,0.0,0.0,0.0,,,0,0,0,0,0,0,0,0
2.0,1.0,1.0,,FINES,"The fine for open positions of ELEC-dayX at the end of the day is $20,000/contract.",27,2026-02-02 00:39:58.332882,ELEC-day3,0.0,0.0,0.0,,,0,0,0,0,0,0,0,0
1.0,1.0,1.0,,Welcome to the RITC2026 GBE Energy Electricity Trading Case - practice server,,27,2026-02-02 00:39:58.332882,ELEC-day4,0.0,0.0,0.0,,,0,0,0,0,0,0,0,0
,,,,,,27,2026-02-02 00:39:58.332882,ELEC-day5,0.0,0.0,0.0,,,0,0,0,0,0,0,0,0
,,,,,,27,2026-02-02 00:39:58.332882,ELEC-day6,0.0,0.0,0.0,,,0,0,0,0,0,0,0,0
,,,,,,27,2026-02-02 00:39:58.332882,ELEC-F,0.0,0.0,0.0,,,0,0,0,0,0,0,0,0
4.0,1.0,1.0,,TEMPERATURE Forecast for DAY 2,The average temperature tomorrow is forecasted to be between 27 and 34 degrees Celsius.,28,2026-02-02 00:39:59.369866,NG,2.17,2.15,2.19,800000.0,800000.0,0,0,0,0,0,0,0,0
3.0,1.0,1.0,,You are logged in as a DISTRIBUTOR,,28,2026-02-02 00:39:59.369866,ELEC-day2,0.0,0.0,0.0,,,0,0,0,0,0,0,0,0
2.0,1.0,1.0,,FINES,"The fine for open positions of ELEC-dayX at the end of the day is $20,000/contract.",28,2026-02-02 00:39:59.369866,ELEC-day3,0.0,0.0,0.0,,,0,0,0,0,0,0,0,0
1.0,1.0,1.0,,Welcome to the RITC2026 GBE Energy Electricity Trading Case - practice server,,28,2026-02-02 00:39:59.369866,ELEC-day4,0.0,0.0,0.0,,,0,0,0,0,0,0,0,0
,,,,,,28,2026-02-02 00:39:59.369866,ELEC-day5,0.0,0.0,0.0,,,0,0,0,0,0,0,0,0
,,,,,,28,2026-02-02 00:39:59.369866,ELEC-day6,0.0,0.0,0.0,,,0,0,0,0,0,0,0,0
,,,,,,28,2026-02-02 00:39:59.369866,ELEC-F,0.0,0.0,0.0,,,0,0,0,0,0,0,0,0
4.0,1.0,1.0,,TEMPERATURE Forecast for DAY 2,The average temperature tomorrow is forecasted to be between 27 and 34 degrees Celsius.,29,2026-02-02 00:40:00.407603,NG,2.16,2.14,2.18,800000.0,800000.0,0,0,0,0,0,0,0,0
3.0,1.0,1.0,,You are logged in as a DISTRIBUTOR,,29,2026-02-02 00:40:00.407603,ELEC-day2,0.0,0.0,0.0,,,0,0,0,0,0,0,0,0
2.0,1.0,1.0,,FINES,"The fine for open positions of ELEC-dayX at the end of the day is $20,000/contract.",29,2026-02-02 00:40:00.407603,ELEC-day3,0.0,0.0,0.0,,,0,0,0,0,0,0,0,0
1.0,1.0,1.0,,Welcome to the RITC2026 GBE Energy Electricity Trading Case - practice server,,29,2026-02-02 00:40:00.407603,ELEC-day4,0.0,0.0,0.0,,,0,0,0,0,0,0,0,0
,,,,,,29,2026-02-02 00:40:00.407603,ELEC-day5,0.0,0.0,0.0,,,0,0,0,0,0,0,0,0
,,,,,,29,2026-02-02 00:40:00.407603,ELEC-day6,0.0,0.0,0.0,,,0,0,0,0,0,0,0,0
,,,,,,29,2026-02-02 00:40:00.407603,ELEC-F,0.0,0.0,0.0,,,0,0,0,0,0,0,0,0
4.0,1.0,1.0,,TEMPERATURE Forecast for DAY 2,The average temperature tomorrow is forecasted to be between 27 and 34 degrees Celsius.,30,2026-02-02 00:40:01.462648,NG,2.16,2.14,2.18,800000.0,800000.0,0,0,0,0,0,0,0,0
3.0,1.0,1.0,,You are logged in as a DISTRIBUTOR,,30,2026-02-02 00:40:01.462648,ELEC-day2,0.0,0.0,0.0,,,0,0,0,0,0,0,0,0
2.0,1.0,1.0,,FINES,"The fine for open positions of ELEC-dayX at the end of the day is $20,000/contract.",30,2026-02-02 00:40:01.462648,ELEC-day3,0.0,0.0,0.0,,,0,0,0,0,0,0,0,0
1.0,1.0,1.0,,Welcome to the RITC2026 GBE Energy Electricity Trading Case - practice server,,30,2026-02-02 00:40:01.462648,ELEC-day4,0.0,0.0,0.0,,,0,0,0,0,0,0,0,0
,,,,,,30,2026-02-02 00:40:01.462648,ELEC-day5,0.0,0.0,0.0,,,0,0,0,0,0,0,0,0
,,,,,,30,2026-02-02 00:40:01.462648,ELEC-day6,0.0,0.0,0.0,,,0,0,0,0,0,0,0,0
,,,,,,30,2026-02-02 00:40:01.462648,ELEC-F,0.0,0.0,0.0,,,0,0,0,0,0,0,0,0
4.0,1.0,1.0,,TEMPERATURE Forecast for DAY 2,The average temperature tomorrow is forecasted to be between 27 and 34 degrees Celsius.,31,2026-02-02 00:40:02.504267,NG,2.17,2.15,2.19,800000.0,800000.0,0,0,0,0,0,0,0,0
3.0,1.0,1.0,,You are logged in as a DISTRIBUTOR,,31,2026-02-02 00:40:02.504267,ELEC-day2,0.0,0.0,0.0,,,0,0,0,0,0,0,0,0
2.0,1.0,1.0,,FINES,"The fine for open positions of ELEC-dayX at the end of the day is $20,000/contract.",31,2026-02-02 00:40:02.504267,ELEC-day3,0.0,0.0,0.0,,,0,0,0,0,0,0,0,0
1.0,1.0,1.0,,Welcome to the RITC2026 GBE Energy Electricity Trading Case - practice server,,31,2026-02-02 00:40:02.504267,ELEC-day4,0.0,0.0,0.0,,,0,0,0,0,0,0,0,0
,,,,,,31,2026-02-02 00:40:02.504267,ELEC-day5,0.0,0.0,0.0,,,0,0,0,0,0,0,0,0
,,,,,,31,2026-02-02 00:40:02.504267,ELEC-day6,0.0,0.0,0.0,,,0,0,0,0,0,0,0,0
,,,,,,31,2026-02-02 00:40:02.504267,ELEC-F,0.0,0.0,0.0,,,0,0,0,0,0,0,0,0
4.0,1.0,1.0,,TEMPERATURE Forecast for DAY 2,The average temperature tomorrow is forecasted to be between 27 and 34 degrees Celsius.,32,2026-02-02 00:40:03.552782,NG,2.17,2.15,2.19,800000.0,800000.0,0,0,0,0,0,0,0,0
3.0,1.0,1.0,,You are logged in as a DISTRIBUTOR,,32,2026-02-02 00:40:03.552782,ELEC-day2,0.0,0.0,0.0,,,0,0,0,0,0,0,0,0
2.0,1.0,1.0,,FINES,"The fine for open positions of ELEC-dayX at the end of the day is $20,000/contract.",32,2026-02-02 00:40:03.552782,ELEC-day3,0.0,0.0,0.0,,,0,0,0,0,0,0,0,0
1.0,1.0,1.0,,Welcome to the RITC2026 GBE Energy Electricity Trading Case - practice server,,32,2026-02-02 00:40:03.552782,ELEC-day4,0.0,0.0,0.0,,,0,0,0,0,0,0,0,0
,,,,,,32,2026-02-02 00:40:03.552782,ELEC-day5,0.0,0.0,0.0,,,0,0,0,0,0,0,0,0
,,,,,,32,2026-02-02 00:40:03.552782,ELEC-day6,0.0,0.0,0.0,,,0,0,0,0,0,0,0,0
,,,,,,32,2026-02-02 00:40:03.552782,ELEC-F,0.0,0.0,0.0,,,0,0,0,0,0,0,0,0
4.0,1.0,1.0,,TEMPERATURE Forecast for DAY 2,The average temperature tomorrow is forecasted to be between 27 and 34 degrees Celsius.,33,2026-02-02 00:40:04.583868,NG,2.16,2.14,2.18,800000.0,800000.0,0,0,0,0,0,0,0,0
3.0,1.0,1.0,,You are logged in as a DISTRIBUTOR,,33,2026-02-02 00:40:04.583868,ELEC-day2,0.0,0.0,0.0,,,0,0,0,0,0,0,0,0
2.0,1.0,1.0,,FINES,"The fine for open positions of ELEC-dayX at the end of the day is $20,000/contract.",33,2026-02-02 00:40:04.583868,ELEC-day3,0.0,0.0,0.0,,,0,0,0,0,0,0,0,0
1.0,1.0,1.0,,Welcome to the RITC2026 GBE Energy Electricity Trading Case - practice server,,33,2026-02-02 00:40:04.583868,ELEC-day4,0.0,0.0,0.0,,,0,0,0,0,0,0,0,0
,,,,,,33,2026-02-02 00:40:04.583868,ELEC-day5,0.0,0.0,0.0,,,0,0,0,0,0,0,0,0
,,,,,,33,2026-02-02 00:40:04.583868,ELEC-day6,0.0,0.0,0.0,,,0,0,0,0,0,0,0,0
,,,,,,33,2026-02-02 00:40:04.583868,ELEC-F,0.0,0.0,0.0,,,0,0,0,0,0,0,0,0
4.0,1.0,1.0,,TEMPERATURE Forecast for DAY 2,The average temperature tomorrow is forecasted to be between 27 and 34 degrees Celsius.,34,2026-02-02 00:40:05.612672,NG,2.16,2.14,2.18,800000.0,800000.0,0,0,0,0,0,0,0,0
3.0,1.0,1.0,,You are logged in as a DISTRIBUTOR,,34,2026-02-02 00:40:05.612672,ELEC-day2,0.0,0.0,0.0,,,0,0,0,0,0,0,0,0
2.0,1.0,1.0,,FINES,"The fine for open positions of ELEC-dayX at the end of the day is $20,000/contract.",34,2026-02-02 00:40:05.612672,ELEC-day3,0.0,0.0,0.0,,,0,0,0,0,0,0,0,0
1.0,1.0,1.0,,Welcome to the RITC2026 GBE Energy Electricity Trading Case - practice server,,34,2026-02-02 00:40:05.612672,ELEC-day4,0.0,0.0,0.0,,,0,0,0,0,0,0,0,0
,,,,,,34,2026-02-02 00:40:05.612672,ELEC-day5,0.0,0.0,0.0,,,0,0,0,0,0,0,0,0
,,,,,,34,2026-02-02 00:40:05.612672,ELEC-day6,0.0,0.0,0.0,,,0,0,0,0,0,0,0,0
,,,,,,34,2026-02-02 00:40:05.612672,ELEC-F,0.0,0.0,0.0,,,0,0,0,0,0,0,0,0
4.0,1.0,1.0,,TEMPERATURE Forecast for DAY 2,The average temperature tomorrow is forecasted to be between 27 and 34 degrees Celsius.,35,2026-02-02 00:40:06.649370,NG,2.16,2.14,2.18,800000.0,800000.0,0,0,0,0,0,0,0,0
3.0,1.0,1.0,,You are logged in as a DISTRIBUTOR,,35,2026-02-02 00:40:06.649370,ELEC-day2,0.0,0.0,0.0,,,0,0,0,0,0,0,0,0
2.0,1.0,1.0,,FINES,"The fine for open positions of ELEC-dayX at the end of the day is $20,000/contract.",35,2026-02-02 00:40:06.649370,ELEC-day3,0.0,0.0,0.0,,,0,0,0,0,0,0,0,0
1.0,1.0,1.0,,Welcome to the RITC2026 GBE Energy Electricity Trading Case - practice server,,35,2026-02-02 00:40:06.649370,ELEC-day4,0.0,0.0,0.0,,,0,0,0,0,0,0,0,0
,,,,,,35,2026-02-02 00:40:06.649370,ELEC-day5,0.0,0.0,0.0,,,0,0,0,0,0,0,0,0
,,,,,,35,2026-02-02 00:40:06.649370,ELEC-day6,0.0,0.0,0.0,,,0,0,0,0,0,0,0,0
,,,,,,35,2026-02-02 00:40:06.649370,ELEC-F,0.0,0.0,0.0,,,0,0,0,0,0,0,0,0
4.0,1.0,1.0,,TEMPERATURE Forecast for DAY 2,The average temperature tomorrow is forecasted to be between 27 and 34 degrees Celsius.,36,2026-02-02 00:40:07.682495,NG,2.17,2.15,2.19,800000.0,800000.0,0,0,0,0,0,0,0,0
3.0,1.0,1.0,,You are logged in as a DISTRIBUTOR,,36,2026-02-02 00:40:07.682495,ELEC-day2,0.0,0.0,0.0,,,0,0,0,0,0,0,0,0
2.0,1.0,1.0,,FINES,"The fine for open positions of ELEC-dayX at the end of the day is $20,000/contract.",36,2026-02-02 00:40:07.682495,ELEC-day3,0.0,0.0,0.0,,,0,0,0,0,0,0,0,0
1.0,1.0,1.0,,Welcome to the RITC2026 GBE Energy Electricity Trading Case - practice server,,36,2026-02-02 00:40:07.682495,ELEC-day4,0.0,0.0,0.0,,,0,0,0,0,0,0,0,0
,,,,,,36,2026-02-02 00:40:07.682495,ELEC-day5,0.0,0.0,0.0,,,0,0,0,0,0,0,0,0
,,,,,,36,2026-02-02 00:40:07.682495,ELEC-day6,0.0,0.0,0.0,,,0,0,0,0,0,0,0,0
,,,,,,36,2026-02-02 00:40:07.682495,ELEC-F,0.0,0.0,0.0,,,0,0,0,0,0,0,0,0
4.0,1.0,1.0,,TEMPERATURE Forecast for DAY 2,The average temperature tomorrow is forecasted to be between 27 and 34 degrees Celsius.,37,2026-02-02 00:40:08.715835,NG,2.17,2.15,2.19,800000.0,800000.0,0,0,0,0,0,0,0,0
3.0,1.0,1.0,,You are logged in as a DISTRIBUTOR,,37,2026-02-02 00:40:08.715835,ELEC-day2,0.0,0.0,0.0,,,0,0,0,0,0,0,0,0
2.0,1.0,1.0,,FINES,"The fine for open positions of ELEC-dayX at the end of the day is $20,000/contract.",37,2026-02-02 00:40:08.715835,ELEC-day3,0.0,0.0,0.0,,,0,0,0,0,0,0,0,0
1.0,1.0,1.0,,Welcome to the RITC2026 GBE Energy Electricity Trading Case - practice server,,37,2026-02-02 00:40:08.715835,ELEC-day4,0.0,0.0,0.0,,,0,0,0,0,0,0,0,0
,,,,,,37,2026-02-02 00:40:08.715835,ELEC-day5,0.0,0.0,0.0,,,0,0,0,0,0,0,0,0
,,,,,,37,2026-02-02 00:40:08.715835,ELEC-day6,0.0,0.0,0.0,,,0,0,0,0,0,0,0,0
,,,,,,37,2026-02-02 00:40:08.715835,ELEC-F,0.0,0.0,0.0,,,0,0,0,0,0,0,0,0
4.0,1.0,1.0,,TEMPERATURE Forecast for DAY 2,The average temperature tomorrow is forecasted to be between 27 and 34 degrees Celsius.,38,2026-02-02 00:40:09.749242,NG,2.18,2.16,2.2,800000.0,800000.0,0,0,0,0,0,0,0,0
3.0,1.0,1.0,,You are logged in as a DISTRIBUTOR,,38,2026-02-02 00:40:09.749242,ELEC-day2,0.0,0.0,0.0,,,0,0,0,0,0,0,0,0
2.0,1.0,1.0,,FINES,"The fine for open positions of ELEC-dayX at the end of the day is $20,000/contract.",38,2026-02-02 00:40:09.749242,ELEC-day3,0.0,0.0,0.0,,,0,0,0,0,0,0,0,0
1.0,1.0,1.0,,Welcome to the RITC2026 GBE Energy Electricity Trading Case - practice server,,38,2026-02-02 00:40:09.749242,ELEC-day4,0.0,0.0,0.0,,,0,0,0,0,0,0,0,0
,,,,,,38,2026-02-02 00:40:09.749242,ELEC-day5,0.0,0.0,0.0,,,0,0,0,0,0,0,0,0
,,,,,,38,2026-02-02 00:40:09.749242,ELEC-day6,0.0,0.0,0.0,,,0,0,0,0,0,0,0,0
,,,,,,38,2026-02-02 00:40:09.749242,ELEC-F,0.0,0.0,0.0,,,0,0,0,0,0,0,0,0
4.0,1.0,1.0,,TEMPERATURE Forecast for DAY 2,The average temperature tomorrow is forecasted to be between 27 and 34 degrees Celsius.,39,2026-02-02 00:40:10.782512,NG,2.17,2.15,2.19,800000.0,800000.0,0,0,0,0,0,0,0,0
3.0,1.0,1.0,,You are logged in as a DISTRIBUTOR,,39,2026-02-02 00:40:10.782512,ELEC-day2,0.0,0.0,0.0,,,0,0,0,0,0,0,0,0
2.0,1.0,1.0,,FINES,"The fine for open positions of ELEC-dayX at the end of the day is $20,000/contract.",39,2026-02-02 00:40:10.782512,ELEC-day3,0.0,0.0,0.0,,,0,0,0,0,0,0,0,0
1.0,1.0,1.0,,Welcome to the RITC2026 GBE Energy Electricity Trading Case - practice server,,39,2026-02-02 00:40:10.782512,ELEC-day4,0.0,0.0,0.0,,,0,0,0,0,0,0,0,0
,,,,,,39,2026-02-02 00:40:10.782512,ELEC-day5,0.0,0.0,0.0,,,0,0,0,0,0,0,0,0
,,,,,,39,2026-02-02 00:40:10.782512,ELEC-day6,0.0,0.0,0.0,,,0,0,0,0,0,0,0,0
,,,,,,39,2026-02-02 00:40:10.782512,ELEC-F,0.0,0.0,0.0,,,0,0,0,0,0,0,0,0
4.0,1.0,1.0,,TEMPERATURE Forecast for DAY 2,The average temperature tomorrow is forecasted to be between 27 and 34 degrees Celsius.,40,2026-02-02 00:40:11.814435,NG,2.17,2.15,2.19,800000.0,800000.0,0,0,0,0,0,0,0,0
3.0,1.0,1.0,,You are logged in as a DISTRIBUTOR,,40,2026-02-02 00:40:11.814435,ELEC-day2,0.0,0.0,0.0,,,0,0,0,0,0,0,0,0
2.0,1.0,1.0,,FINES,"The fine for open positions of ELEC-dayX at the end of the day is $20,000/contract.",40,2026-02-02 00:40:11.814435,ELEC-day3,0.0,0.0,0.0,,,0,0,0,0,0,0,0,0
1.0,1.0,1.0,,Welcome to the RITC2026 GBE Energy Electricity Trading Case - practice server,,40,2026-02-02 00:40:11.814435,ELEC-day4,0.0,0.0,0.0,,,0,0,0,0,0,0,0,0
,,,,,,40,2026-02-02 00:40:11.814435,ELEC-day5,0.0,0.0,0.0,,,0,0,0,0,0,0,0,0
,,,,,,40,2026-02-02 00:40:11.814435,ELEC-day6,0.0,0.0,0.0,,,0,0,0,0,0,0,0,0
,,,,,,40,2026-02-02 00:40:11.814435,ELEC-F,0.0,0.0,0.0,,,0,0,0,0,0,0,0,0
4.0,1.0,1.0,,TEMPERATURE Forecast for DAY 2,The average temperature tomorrow is forecasted to be between 27 and 34 degrees Celsius.,41,2026-02-02 00:40:12.846416,NG,2.16,2.14,2.18,800000.0,800000.0,0,0,0,0,0,0,0,0
3.0,1.0,1.0,,You are logged in as a DISTRIBUTOR,,41,2026-02-02 00:40:12.846416,ELEC-day2,0.0,0.0,0.0,,,0,0,0,0,0,0,0,0
2.0,1.0,1.0,,FINES,"The fine for open positions of ELEC-dayX at the end of the day is $20,000/contract.",41,2026-02-02 00:40:12.846416,ELEC-day3,0.0,0.0,0.0,,,0,0,0,0,0,0,0,0
1.0,1.0,1.0,,Welcome to the RITC2026 GBE Energy Electricity Trading Case - practice server,,41,2026-02-02 00:40:12.846416,ELEC-day4,0.0,0.0,0.0,,,0,0,0,0,0,0,0,0
,,,,,,41,2026-02-02 00:40:12.846416,ELEC-day5,0.0,0.0,0.0,,,0,0,0,0,0,0,0,0
,,,,,,41,2026-02-02 00:40:12.846416,ELEC-day6,0.0,0.0,0.0,,,0,0,0,0,0,0,0,0
,,,,,,41,2026-02-02 00:40:12.846416,ELEC-F,0.0,0.0,0.0,,,0,0,0,0,0,0,0,0
4.0,1.0,1.0,,TEMPERATURE Forecast for DAY 2,The average temperature tomorrow is forecasted to be between 27 and 34 degrees Celsius.,42,2026-02-02 00:40:13.864673,NG,2.15,2.13,2.17,800000.0,800000.0,0,0,0,0,0,0,0,0
3.0,1.0,1.0,,You are logged in as a DISTRIBUTOR,,42,2026-02-02 00:40:13.864673,ELEC-day2,0.0,0.0,0.0,,,0,0,0,0,0,0,0,0
2.0,1.0,1.0,,FINES,"The fine for open positions of ELEC-dayX at the end of the day is $20,000/contract.",42,2026-02-02 00:40:13.864673,ELEC-day3,0.0,0.0,0.0,,,0,0,0,0,0,0,0,0
1.0,1.0,1.0,,Welcome to the RITC2026 GBE Energy Electricity Trading Case - practice server,,42,2026-02-02 00:40:13.864673,ELEC-day4,0.0,0.0,0.0,,,0,0,0,0,0,0,0,0
,,,,,,42,2026-02-02 00:40:13.864673,ELEC-day5,0.0,0.0,0.0,,,0,0,0,0,0,0,0,0
,,,,,,42,2026-02-02 00:40:13.864673,ELEC-day6,0.0,0.0,0.0,,,0,0,0,0,0,0,0,0
,,,,,,42,2026-02-02 00:40:13.864673,ELEC-F,0.0,0.0,0.0,,,0,0,0,0,0,0,0,0
4.0,1.0,1.0,,TEMPERATURE Forecast for DAY 2,The average temperature tomorrow is forecasted to be between 27 and 34 degrees Celsius.,43,2026-02-02 00:40:14.890657,NG,2.14,2.12,2.16,800000.0,800000.0,0,0,0,0,0,0,0,0
3.0,1.0,1.0,,You are logged in as a DISTRIBUTOR,,43,2026-02-02 00:40:14.890657,ELEC-day2,0.0,0.0,0.0,,,0,0,0,0,0,0,0,0
2.0,1.0,1.0,,FINES,"The fine for open positions of ELEC-dayX at the end of the day is $20,000/contract.",43,2026-02-02 00:40:14.890657,ELEC-day3,0.0,0.0,0.0,,,0,0,0,0,0,0,0,0
1.0,1.0,1.0,,Welcome to the RITC2026 GBE Energy Electricity Trading Case - practice server,,43,2026-02-02 00:40:14.890657,ELEC-day4,0.0,0.0,0.0,,,0,0,0,0,0,0,0,0
,,,,,,43,2026-02-02 00:40:14.890657,ELEC-day5,0.0,0.0,0.0,,,0,0,0,0,0,0,0,0
,,,,,,43,2026-02-02 00:40:14.890657,ELEC-day6,0.0,0.0,0.0,,,0,0,0,0,0,0,0,0
,,,,,,43,2026-02-02 00:40:14.890657,ELEC-F,0.0,0.0,0.0,,,0,0,0,0,0,0,0,0
4.0,1.0,1.0,,TEMPERATURE Forecast for DAY 2,The average temperature tomorrow is forecasted to be between 27 and 34 degrees Celsius.,45,2026-02-02 00:40:15.965155,NG,2.14,2.12,2.16,800000.0,800000.0,0,0,0,0,0,0,0,0
3.0,1.0,1.0,,You are logged in as a DISTRIBUTOR,,45,2026-02-02 00:40:15.965155,ELEC-day2,0.0,0.0,0.0,,,0,0,0,0,0,0,0,0
2.0,1.0,1.0,,FINES,"The fine for open positions of ELEC-dayX at the end of the day is $20,000/contract.",45,2026-02-02 00:40:15.965155,ELEC-day3,0.0,0.0,0.0,,,0,0,0,0,0,0,0,0
1.0,1.0,1.0,,Welcome to the RITC2026 GBE Energy Electricity Trading Case - practice server,,45,2026-02-02 00:40:15.965155,ELEC-day4,0.0,0.0,0.0,,,0,0,0,0,0,0,0,0
,,,,,,45,2026-02-02 00:40:15.965155,ELEC-day5,0.0,0.0,0.0,,,0,0,0,0,0,0,0,0
,,,,,,45,2026-02-02 00:40:15.965155,ELEC-day6,0.0,0.0,0.0,,,0,0,0,0,0,0,0,0
,,,,,,45,2026-02-02 00:40:15.965155,ELEC-F,0.0,0.0,0.0,,,0,0,0,0,0,0,0,0
4.0,1.0,1.0,,TEMPERATURE Forecast for DAY 2,The average temperature tomorrow is forecasted to be between 27 and 34 degrees Celsius.,46,2026-02-02 00:40:16.998015,NG,2.13,2.11,2.15,800000.0,800000.0,0,0,0,0,0,0,0,0
3.0,1.0,1.0,,You are logged in as a DISTRIBUTOR,,46,2026-02-02 00:40:16.998015,ELEC-day2,0.0,0.0,0.0,,,0,0,0,0,0,0,0,0
2.0,1.0,1.0,,FINES,"The fine for open positions of ELEC-dayX at the end of the day is $20,000/contract.",46,2026-02-02 00:40:16.998015,ELEC-day3,0.0,0.0,0.0,,,0,0,0,0,0,0,0,0
1.0,1.0,1.0,,Welcome to the RITC2026 GBE Energy Electricity Trading Case - practice server,,46,2026-02-02 00:40:16.998015,ELEC-day4,0.0,0.0,0.0,,,0,0,0,0,0,0,0,0
,,,,,,46,2026-02-02 00:40:16.998015,ELEC-day5,0.0,0.0,0.0,,,0,0,0,0,0,0,0,0
,,,,,,46,2026-02-02 00:40:16.998015,ELEC-day6,0.0,0.0,0.0,,,0,0,0,0,0,0,0,0
,,,,,,46,2026-02-02 00:40:16.998015,ELEC-F,0.0,0.0,0.0,,,0,0,0,0,0,0,0,0
4.0,1.0,1.0,,TEMPERATURE Forecast for DAY 2,The average temperature tomorrow is forecasted to be between 27 and 34 degrees Celsius.,47,2026-02-02 00:40:18.026641,NG,2.13,2.11,2.15,800000.0,800000.0,0,0,0,0,0,0,0,0
3.0,1.0,1.0,,You are logged in as a DISTRIBUTOR,,47,2026-02-02 00:40:18.026641,ELEC-day2,0.0,0.0,0.0,,,0,0,0,0,0,0,0,0
2.0,1.0,1.0,,FINES,"The fine for open positions of ELEC-dayX at the end of the day is $20,000/contract.",47,2026-02-02 00:40:18.026641,ELEC-day3,0.0,0.0,0.0,,,0,0,0,0,0,0,0,0
1.0,1.0,1.0,,Welcome to the RITC2026 GBE Energy Electricity Trading Case - practice server,,47,2026-02-02 00:40:18.026641,ELEC-day4,0.0,0.0,0.0,,,0,0,0,0,0,0,0,0
,,,,,,47,2026-02-02 00:40:18.026641,ELEC-day5,0.0,0.0,0.0,,,0,0,0,0,0,0,0,0
,,,,,,47,2026-02-02 00:40:18.026641,ELEC-day6,0.0,0.0,0.0,,,0,0,0,0,0,0,0,0
,,,,,,47,2026-02-02 00:40:18.026641,ELEC-F,0.0,0.0,0.0,,,0,0,0,0,0,0,0,0
4.0,1.0,1.0,,TEMPERATURE Forecast for DAY 2,The average temperature tomorrow is forecasted to be between 27 and 34 degrees Celsius.,48,2026-02-02 00:40:19.053009,NG,2.12,2.1,2.14,800000.0,800000.0,0,0,0,0,0,0,0,0
3.0,1.0,1.0,,You are logged in as a DISTRIBUTOR,,48,2026-02-02 00:40:19.053009,ELEC-day2,0.0,0.0,0.0,,,0,0,0,0,0,0,0,0
2.0,1.0,1.0,,FINES,"The fine for open positions of ELEC-dayX at the end of the day is $20,000/contract.",48,2026-02-02 00:40:19.053009,ELEC-day3,0.0,0.0,0.0,,,0,0,0,0,0,0,0,0
1.0,1.0,1.0,,Welcome to the RITC2026 GBE Energy Electricity Trading Case - practice server,,48,2026-02-02 00:40:19.053009,ELEC-day4,0.0,0.0,0.0,,,0,0,0,0,0,0,0,0
,,,,,,48,2026-02-02 00:40:19.053009,ELEC-day5,0.0,0.0,0.0,,,0,0,0,0,0,0,0,0
,,,,,,48,2026-02-02 00:40:19.053009,ELEC-day6,0.0,0.0,0.0,,,0,0,0,0,0,0,0,0
,,,,,,48,2026-02-02 00:40:19.053009,ELEC-F,0.0,0.0,0.0,,,0,0,0,0,0,0,0,0
4.0,1.0,1.0,,TEMPERATURE Forecast for DAY 2,The average temperature tomorrow is forecasted to be between 27 and 34 degrees Celsius.,49,2026-02-02 00:40:20.082459,NG,2.13,2.11,2.15,800000.0,800000.0,0,0,0,0,0,0,0,0
3.0,1.0,1.0,,You are logged in as a DISTRIBUTOR,,49,2026-02-02 00:40:20.082459,ELEC-day2,0.0,0.0,0.0,,,0,0,0,0,0,0,0,0
2.0,1.0,1.0,,FINES,"The fine for open positions of ELEC-dayX at the end of the day is $20,000/contract.",49,2026-02-02 00:40:20.082459,ELEC-day3,0.0,0.0,0.0,,,0,0,0,0,0,0,0,0
1.0,1.0,1.0,,Welcome to the RITC2026 GBE Energy Electricity Trading Case - practice server,,49,2026-02-02 00:40:20.082459,ELEC-day4,0.0,0.0,0.0,,,0,0,0,0,0,0,0,0
,,,,,,49,2026-02-02 00:40:20.082459,ELEC-day5,0.0,0.0,0.0,,,0,0,0,0,0,0,0,0
,,,,,,49,2026-02-02 00:40:20.082459,ELEC-day6,0.0,0.0,0.0,,,0,0,0,0,0,0,0,0
,,,,,,49,2026-02-02 00:40:20.082459,ELEC-F,0.0,0.0,0.0,,,0,0,0,0,0,0,0,0
4.0,1.0,1.0,,TEMPERATURE Forecast for DAY 2,The average temperature tomorrow is forecasted to be between 27 and 34 degrees Celsius.,50,2026-02-02 00:40:21.112367,NG,2.13,2.11,2.15,800000.0,800000.0,0,0,0,0,0,0,0,0
3.0,1.0,1.0,,You are logged in as a DISTRIBUTOR,,50,2026-02-02 00:40:21.112367,ELEC-day2,0.0,0.0,0.0,,,0,0,0,0,0,0,0,0
2.0,1.0,1.0,,FINES,"The fine for open positions of ELEC-dayX at the end of the day is $20,000/contract.",50,2026-02-02 00:40:21.112367,ELEC-day3,0.0,0.0,0.0,,,0,0,0,0,0,0,0,0
1.0,1.0,1.0,,Welcome to the RITC2026 GBE Energy Electricity Trading Case - practice server,,50,2026-02-02 00:40:21.112367,ELEC-day4,0.0,0.0,0.0,,,0,0,0,0,0,0,0,0
,,,,,,50,2026-02-02 00:40:21.112367,ELEC-day5,0.0,0.0,0.0,,,0,0,0,0,0,0,0,0
,,,,,,50,2026-02-02 00:40:21.112367,ELEC-day6,0.0,0.0,0.0,,,0,0,0,0,0,0,0,0
,,,,,,50,2026-02-02 00:40:21.112367,ELEC-F,0.0,0.0,0.0,,,0,0,0,0,0,0,0,0
4.0,1.0,1.0,,TEMPERATURE Forecast for DAY 2,The average temperature tomorrow is forecasted to be between 27 and 34 degrees Celsius.,51,2026-02-02 00:40:22.122802,NG,2.14,2.12,2.16,800000.0,800000.0,0,0,0,0,0,0,0,0
3.0,1.0,1.0,,You are logged in as a DISTRIBUTOR,,51,2026-02-02 00:40:22.122802,ELEC-day2,0.0,0.0,0.0,,,0,0,0,0,0,0,0,0
2.0,1.0,1.0,,FINES,"The fine for open positions of ELEC-dayX at the end of the day is $20,000/contract.",51,2026-02-02 00:40:22.122802,ELEC-day3,0.0,0.0,0.0,,,0,0,0,0,0,0,0,0
1.0,1.0,1.0,,Welcome to the RITC2026 GBE Energy Electricity Trading Case - practice server,,51,2026-02-02 00:40:22.122802,ELEC-day4,0.0,0.0,0.0,,,0,0,0,0,0,0,0,0
,,,,,,51,2026-02-02 00:40:22.122802,ELEC-day5,0.0,0.0,0.0,,,0,0,0,0,0,0,0,0
,,,,,,51,2026-02-02 00:40:22.122802,ELEC-day6,0.0,0.0,0.0,,,0,0,0,0,0,0,0,0
,,,,,,51,2026-02-02 00:40:22.122802,ELEC-F,0.0,0.0,0.0,,,0,0,0,0,0,0,0,0
4.0,1.0,1.0,,TEMPERATURE Forecast for DAY 2,The average temperature tomorrow is forecasted to be between 27 and 34 degrees Celsius.,52,2026-02-02 00:40:23.152481,NG,2.15,2.13,2.17,800000.0,800000.0,0,0,0,0,0,0,0,0
3.0,1.0,1.0,,You are logged in as a DISTRIBUTOR,,52,2026-02-02 00:40:23.152481,ELEC-day2,0.0,0.0,0.0,,,0,0,0,0,0,0,0,0
2.0,1.0,1.0,,FINES,"The fine for open positions of ELEC-dayX at the end of the day is $20,000/contract.",52,2026-02-02 00:40:23.152481,ELEC-day3,0.0,0.0,0.0,,,0,0,0,0,0,0,0,0
1.0,1.0,1.0,,Welcome to the RITC2026 GBE Energy Electricity Trading Case - practice server,,52,2026-02-02 00:40:23.152481,ELEC-day4,0.0,0.0,0.0,,,0,0,0,0,0,0,0,0
,,,,,,52,2026-02-02 00:40:23.152481,ELEC-day5,0.0,0.0,0.0,,,0,0,0,0,0,0,0,0
,,,,,,52,2026-02-02 00:40:23.152481,ELEC-day6,0.0,0.0,0.0,,,0,0,0,0,0,0,0,0
,,,,,,52,2026-02-02 00:40:23.152481,ELEC-F,0.0,0.0,0.0,,,0,0,0,0,0,0,0,0
4.0,1.0,1.0,,TEMPERATURE Forecast for DAY 2,The average temperature tomorrow is forecasted to be between 27 and 34 degrees Celsius.,53,2026-02-02 00:40:24.182775,NG,2.15,2.13,2.17,800000.0,800000.0,0,0,0,0,0,0,0,0
3.0,1.0,1.0,,You are logged in as a DISTRIBUTOR,,53,2026-02-02 00:40:24.182775,ELEC-day2,0.0,0.0,0.0,,,0,0,0,0,0,0,0,0
2.0,1.0,1.0,,FINES,"The fine for open positions of ELEC-dayX at the end of the day is $20,000/contract.",53,2026-02-02 00:40:24.182775,ELEC-day3,0.0,0.0,0.0,,,0,0,0,0,0,0,0,0
1.0,1.0,1.0,,Welcome to the RITC2026 GBE Energy Electricity Trading Case - practice server,,53,2026-02-02 00:40:24.182775,ELEC-day4,0.0,0.0,0.0,,,0,0,0,0,0,0,0,0
,,,,,,53,2026-02-02 00:40:24.182775,ELEC-day5,0.0,0.0,0.0,,,0,0,0,0,0,0,0,0
,,,,,,53,2026-02-02 00:40:24.182775,ELEC-day6,0.0,0.0,0.0,,,0,0,0,0,0,0,0,0
,,,,,,53,2026-02-02 00:40:24.182775,ELEC-F,0.0,0.0,0.0,,,0,0,0,0,0,0,0,0
4.0,1.0,1.0,,TEMPERATURE Forecast for DAY 2,The average temperature tomorrow is forecasted to be between 27 and 34 degrees Celsius.,54,2026-02-02 00:40:25.212458,NG,2.15,2.13,2.17,800000.0,800000.0,0,0,0,0,0,0,0,0
3.0,1.0,1.0,,You are logged in as a DISTRIBUTOR,,54,2026-02-02 00:40:25.212458,ELEC-day2,0.0,0.0,0.0,,,0,0,0,0,0,0,0,0
2.0,1.0,1.0,,FINES,"The fine for open positions of ELEC-dayX at the end of the day is $20,000/contract.",54,2026-02-02 00:40:25.212458,ELEC-day3,0.0,0.0,0.0,,,0,0,0,0,0,0,0,0
1.0,1.0,1.0,,Welcome to the RITC2026 GBE Energy Electricity Trading Case - practice server,,54,2026-02-02 00:40:25.212458,ELEC-day4,0.0,0.0,0.0,,,0,0,0,0,0,0,0,0
,,,,,,54,2026-02-02 00:40:25.212458,ELEC-day5,0.0,0.0,0.0,,,0,0,0,0,0,0,0,0
,,,,,,54,2026-02-02 00:40:25.212458,ELEC-day6,0.0,0.0,0.0,,,0,0,0,0,0,0,0,0
,,,,,,54,2026-02-02 00:40:25.212458,ELEC-F,0.0,0.0,0.0,,,0,0,0,0,0,0,0,0
4.0,1.0,1.0,,TEMPERATURE Forecast for DAY 2,The average temperature tomorrow is forecasted to be between 27 and 34 degrees Celsius.,55,2026-02-02 00:40:26.255504,NG,2.16,2.14,2.18,800000.0,800000.0,0,0,0,0,0,0,0,0
3.0,1.0,1.0,,You are logged in as a DISTRIBUTOR,,55,2026-02-02 00:40:26.255504,ELEC-day2,0.0,0.0,0.0,,,0,0,0,0,0,0,0,0
2.0,1.0,1.0,,FINES,"The fine for open positions of ELEC-dayX at the end of the day is $20,000/contract.",55,2026-02-02 00:40:26.255504,ELEC-day3,0.0,0.0,0.0,,,0,0,0,0,0,0,0,0
1.0,1.0,1.0,,Welcome to the RITC2026 GBE Energy Electricity Trading Case - practice server,,55,2026-02-02 00:40:26.255504,ELEC-day4,0.0,0.0,0.0,,,0,0,0,0,0,0,0,0
,,,,,,55,2026-02-02 00:40:26.255504,ELEC-day5,0.0,0.0,0.0,,,0,0,0,0,0,0,0,0
,,,,,,55,2026-02-02 00:40:26.255504,ELEC-day6,0.0,0.0,0.0,,,0,0,0,0,0,0,0,0
,,,,,,55,2026-02-02 00:40:26.255504,ELEC-F,0.0,0.0,0.0,,,0,0,0,0,0,0,0,0
4.0,1.0,1.0,,TEMPERATURE Forecast for DAY 2,The average temperature tomorrow is forecasted to be between 27 and 34 degrees Celsius.,56,2026-02-02 00:40:27.272795,NG,2.17,2.15,2.19,800000.0,800000.0,0,0,0,0,0,0,0,0
3.0,1.0,1.0,,You are logged in as a DISTRIBUTOR,,56,2026-02-02 00:40:27.272795,ELEC-day2,0.0,0.0,0.0,,,0,0,0,0,0,0,0,0
2.0,1.0,1.0,,FINES,"The fine for open positions of ELEC-dayX at the end of the day is $20,000/contract.",56,2026-02-02 00:40:27.272795,ELEC-day3,0.0,0.0,0.0,,,0,0,0,0,0,0,0,0
1.0,1.0,1.0,,Welcome to the RITC2026 GBE Energy Electricity Trading Case - practice server,,56,2026-02-02 00:40:27.272795,ELEC-day4,0.0,0.0,0.0,,,0,0,0,0,0,0,0,0
,,,,,,56,2026-02-02 00:40:27.272795,ELEC-day5,0.0,0.0,0.0,,,0,0,0,0,0,0,0,0
,,,,,,56,2026-02-02 00:40:27.272795,ELEC-day6,0.0,0.0,0.0,,,0,0,0,0,0,0,0,0
,,,,,,56,2026-02-02 00:40:27.272795,ELEC-F,0.0,0.0,0.0,,,0,0,0,0,0,0,0,0
4.0,1.0,1.0,,TEMPERATURE Forecast for DAY 2,The average temperature tomorrow is forecasted to be between 27 and 34 degrees Celsius.,57,2026-02-02 00:40:28.307820,NG,2.18,2.16,2.2,800000.0,800000.0,0,0,0,0,0,0,0,0
3.0,1.0,1.0,,You are logged in as a DISTRIBUTOR,,57,2026-02-02 00:40:28.307820,ELEC-day2,0.0,0.0,0.0,,,0,0,0,0,0,0,0,0
2.0,1.0,1.0,,FINES,"The fine for open positions of ELEC-dayX at the end of the day is $20,000/contract.",57,2026-02-02 00:40:28.307820,ELEC-day3,0.0,0.0,0.0,,,0,0,0,0,0,0,0,0
1.0,1.0,1.0,,Welcome to the RITC2026 GBE Energy Electricity Trading Case - practice server,,57,2026-02-02 00:40:28.307820,ELEC-day4,0.0,0.0,0.0,,,0,0,0,0,0,0,0,0
,,,,,,57,2026-02-02 00:40:28.307820,ELEC-day5,0.0,0.0,0.0,,,0,0,0,0,0,0,0,0
,,,,,,57,2026-02-02 00:40:28.307820,ELEC-day6,0.0,0.0,0.0,,,0,0,0,0,0,0,0,0
,,,,,,57,2026-02-02 00:40:28.307820,ELEC-F,0.0,0.0,0.0,,,0,0,0,0,0,0,0,0
4.0,1.0,1.0,,TEMPERATURE Forecast for DAY 2,The average temperature tomorrow is forecasted to be between 27 and 34 degrees Celsius.,58,2026-02-02 00:40:29.340004,NG,2.18,2.16,2.2,800000.0,800000.0,0,0,0,0,0,0,0,0
3.0,1.0,1.0,,You are logged in as a DISTRIBUTOR,,58,2026-02-02 00:40:29.340004,ELEC-day2,0.0,0.0,0.0,,,0,0,0,0,0,0,0,0
2.0,1.0,1.0,,FINES,"The fine for open positions of ELEC-dayX at the end of the day is $20,000/contract.",58,2026-02-02 00:40:29.340004,ELEC-day3,0.0,0.0,0.0,,,0,0,0,0,0,0,0,0
1.0,1.0,1.0,,Welcome to the RITC2026 GBE Energy Electricity Trading Case - practice server,,58,2026-02-02 00:40:29.340004,ELEC-day4,0.0,0.0,0.0,,,0,0,0,0,0,0,0,0
,,,,,,58,2026-02-02 00:40:29.340004,ELEC-day5,0.0,0.0,0.0,,,0,0,0,0,0,0,0,0
,,,,,,58,2026-02-02 00:40:29.340004,ELEC-day6,0.0,0.0,0.0,,,0,0,0,0,0,0,0,0
,,,,,,58,2026-02-02 00:40:29.340004,ELEC-F,0.0,0.0,0.0,,,0,0,0,0,0,0,0,0
4.0,1.0,1.0,,TEMPERATURE Forecast for DAY 2,The average temperature tomorrow is forecasted to be between 27 and 34 degrees Celsius.,59,2026-02-02 00:40:30.384249,NG,2.18,2.16,2.2,800000.0,800000.0,0,0,0,0,0,0,0,0
3.0,1.0,1.0,,You are logged in as a DISTRIBUTOR,,59,2026-02-02 00:40:30.384249,ELEC-day2,0.0,0.0,0.0,,,0,0,0,0,0,0,0,0
2.0,1.0,1.0,,FINES,"The fine for open positions of ELEC-dayX at the end of the day is $20,000/contract.",59,2026-02-02 00:40:30.384249,ELEC-day3,0.0,0.0,0.0,,,0,0,0,0,0,0,0,0
1.0,1.0,1.0,,Welcome to the RITC2026 GBE Energy Electricity Trading Case - practice server,,59,2026-02-02 00:40:30.384249,ELEC-day4,0.0,0.0,0.0,,,0,0,0,0,0,0,0,0
,,,,,,59,2026-02-02 00:40:30.384249,ELEC-day5,0.0,0.0,0.0,,,0,0,0,0,0,0,0,0
,,,,,,59,2026-02-02 00:40:30.384249,ELEC-day6,0.0,0.0,0.0,,,0,0,0,0,0,0,0,0
,,,,,,59,2026-02-02 00:40:30.384249,ELEC-F,0.0,0.0,0.0,,,0,0,0,0,0,0,0,0
4.0,1.0,1.0,,TEMPERATURE Forecast for DAY 2,The average temperature tomorrow is forecasted to be between 27 and 34 degrees Celsius.,60,2026-02-02 00:40:31.423413,NG,2.18,2.16,2.2,800000.0,800000.0,0,0,0,0,0,0,0,0
3.0,1.0,1.0,,You are logged in as a DISTRIBUTOR,,60,2026-02-02 00:40:31.423413,ELEC-day2,0.0,0.0,0.0,,,0,0,0,0,0,0,0,0
2.0,1.0,1.0,,FINES,"The fine for open positions of ELEC-dayX at the end of the day is $20,000/contract.",60,2026-02-02 00:40:31.423413,ELEC-day3,0.0,0.0,0.0,,,0,0,0,0,0,0,0,0
1.0,1.0,1.0,,Welcome to the RITC2026 GBE Energy Electricity Trading Case - practice server,,60,2026-02-02 00:40:31.423413,ELEC-day4,0.0,0.0,0.0,,,0,0,0,0,0,0,0,0
,,,,,,60,2026-02-02 00:40:31.423413,ELEC-day5,0.0,0.0,0.0,,,0,0,0,0,0,0,0,0
,,,,,,60,2026-02-02 00:40:31.423413,ELEC-day6,0.0,0.0,0.0,,,0,0,0,0,0,0,0,0
,,,,,,60,2026-02-02 00:40:31.423413,ELEC-F,0.0,0.0,0.0,,,0,0,0,0,0,0,0,0
4.0,1.0,1.0,,TEMPERATURE Forecast for DAY 2,The average temperature tomorrow is forecasted to be between 27 and 34 degrees Celsius.,61,2026-02-02 00:40:32.456607,NG,2.17,2.15,2.19,800000.0,800000.0,0,0,0,0,0,0,0,0
3.0,1.0,1.0,,You are logged in as a DISTRIBUTOR,,61,2026-02-02 00:40:32.456607,ELEC-day2,0.0,0.0,0.0,,,0,0,0,0,0,0,0,0
2.0,1.0,1.0,,FINES,"The fine for open positions of ELEC-dayX at the end of the day is $20,000/contract.",61,2026-02-02 00:40:32.456607,ELEC-day3,0.0,0.0,0.0,,,0,0,0,0,0,0,0,0
1.0,1.0,1.0,,Welcome to the RITC2026 GBE Energy Electricity Trading Case - practice server,,61,2026-02-02 00:40:32.456607,ELEC-day4,0.0,0.0,0.0,,,0,0,0,0,0,0,0,0
,,,,,,61,2026-02-02 00:40:32.456607,ELEC-day5,0.0,0.0,0.0,,,0,0,0,0,0,0,0,0
,,,,,,61,2026-02-02 00:40:32.456607,ELEC-day6,0.0,0.0,0.0,,,0,0,0,0,0,0,0,0
,,,,,,61,2026-02-02 00:40:32.456607,ELEC-F,0.0,0.0,0.0,,,0,0,0,0,0,0,0,0
4.0,1.0,1.0,,TEMPERATURE Forecast for DAY 2,The average temperature tomorrow is forecasted to be between 27 and 34 degrees Celsius.,62,2026-02-02 00:40:33.491584,NG,2.17,2.15,2.19,800000.0,800000.0,0,0,0,0,0,0,0,0
3.0,1.0,1.0,,You are logged in as a DISTRIBUTOR,,62,2026-02-02 00:40:33.491584,ELEC-day2,0.0,0.0,0.0,,,0,0,0,0,0,0,0,0
2.0,1.0,1.0,,FINES,"The fine for open positions of ELEC-dayX at the end of the day is $20,000/contract.",62,2026-02-02 00:40:33.491584,ELEC-day3,0.0,0.0,0.0,,,0,0,0,0,0,0,0,0
1.0,1.0,1.0,,Welcome to the RITC2026 GBE Energy Electricity Trading Case - practice server,,62,2026-02-02 00:40:33.491584,ELEC-day4,0.0,0.0,0.0,,,0,0,0,0,0,0,0,0
,,,,,,62,2026-02-02 00:40:33.491584,ELEC-day5,0.0,0.0,0.0,,,0,0,0,0,0,0,0,0
,,,,,,62,2026-02-02 00:40:33.491584,ELEC-day6,0.0,0.0,0.0,,,0,0,0,0,0,0,0,0
,,,,,,62,2026-02-02 00:40:33.491584,ELEC-F,0.0,0.0,0.0,,,0,0,0,0,0,0,0,0
4.0,1.0,1.0,,TEMPERATURE Forecast for DAY 2,The average temperature tomorrow is forecasted to be between 27 and 34 degrees Celsius.,63,2026-02-02 00:40:34.528099,NG,2.17,2.15,2.19,800000.0,800000.0,0,0,0,0,0,0,0,0
3.0,1.0,1.0,,You are logged in as a DISTRIBUTOR,,63,2026-02-02 00:40:34.528099,ELEC-day2,0.0,0.0,0.0,,,0,0,0,0,0,0,0,0
2.0,1.0,1.0,,FINES,"The fine for open positions of ELEC-dayX at the end of the day is $20,000/contract.",63,2026-02-02 00:40:34.528099,ELEC-day3,0.0,0.0,0.0,,,0,0,0,0,0,0,0,0
1.0,1.0,1.0,,Welcome to the RITC2026 GBE Energy Electricity Trading Case - practice server,,63,2026-02-02 00:40:34.528099,ELEC-day4,0.0,0.0,0.0,,,0,0,0,0,0,0,0,0
,,,,,,63,2026-02-02 00:40:34.528099,ELEC-day5,0.0,0.0,0.0,,,0,0,0,0,0,0,0,0
,,,,,,63,2026-02-02 00:40:34.528099,ELEC-day6,0.0,0.0,0.0,,,0,0,0,0,0,0,0,0
,,,,,,63,2026-02-02 00:40:34.528099,ELEC-F,0.0,0.0,0.0,,,0,0,0,0,0,0,0,0
4.0,1.0,1.0,,TEMPERATURE Forecast for DAY 2,The average temperature tomorrow is forecasted to be between 27 and 34 degrees Celsius.,64,2026-02-02 00:40:35.563119,NG,2.17,2.15,2.19,800000.0,800000.0,0,0,0,0,0,0,0,0
3.0,1.0,1.0,,You are logged in as a DISTRIBUTOR,,64,2026-02-02 00:40:35.563119,ELEC-day2,0.0,0.0,0.0,,,0,0,0,0,0,0,0,0
2.0,1.0,1.0,,FINES,"The fine for open positions of ELEC-dayX at the end of the day is $20,000/contract.",64,2026-02-02 00:40:35.563119,ELEC-day3,0.0,0.0,0.0,,,0,0,0,0,0,0,0,0
1.0,1.0,1.0,,Welcome to the RITC2026 GBE Energy Electricity Trading Case - practice server,,64,2026-02-02 00:40:35.563119,ELEC-day4,0.0,0.0,0.0,,,0,0,0,0,0,0,0,0
,,,,,,64,2026-02-02 00:40:35.563119,ELEC-day5,0.0,0.0,0.0,,,0,0,0,0,0,0,0,0
,,,,,,64,2026-02-02 00:40:35.563119,ELEC-day6,0.0,0.0,0.0,,,0,0,0,0,0,0,0,0
,,,,,,64,2026-02-02 00:40:35.563119,ELEC-F,0.0,0.0,0.0,,,0,0,0,0,0,0,0,0
4.0,1.0,1.0,,TEMPERATURE Forecast for DAY 2,The average temperature tomorrow is forecasted to be between 27 and 34 degrees Celsius.,65,2026-02-02 00:40:36.601054,NG,2.17,2.15,2.19,800000.0,800000.0,0,0,0,0,0,0,0,0
3.0,1.0,1.0,,You are logged in as a DISTRIBUTOR,,65,2026-02-02 00:40:36.601054,ELEC-day2,0.0,0.0,0.0,,,0,0,0,0,0,0,0,0
2.0,1.0,1.0,,FINES,"The fine for open positions of ELEC-dayX at the end of the day is $20,000/contract.",65,2026-02-02 00:40:36.601054,ELEC-day3,0.0,0.0,0.0,,,0,0,0,0,0,0,0,0
1.0,1.0,1.0,,Welcome to the RITC2026 GBE Energy Electricity Trading Case - practice server,,65,2026-02-02 00:40:36.601054,ELEC-day4,0.0,0.0,0.0,,,0,0,0,0,0,0,0,0
,,,,,,65,2026-02-02 00:40:36.601054,ELEC-day5,0.0,0.0,0.0,,,0,0,0,0,0,0,0,0
,,,,,,65,2026-02-02 00:40:36.601054,ELEC-day6,0.0,0.0,0.0,,,0,0,0,0,0,0,0,0
,,,,,,65,2026-02-02 00:40:36.601054,ELEC-F,0.0,0.0,0.0,,,0,0,0,0,0,0,0,0
4.0,1.0,1.0,,TEMPERATURE Forecast for DAY 2,The average temperature tomorrow is forecasted to be between 27 and 34 degrees Celsius.,66,2026-02-02 00:40:37.625341,NG,2.17,2.15,2.19,800000.0,800000.0,0,0,0,0,0,0,0,0
3.0,1.0,1.0,,You are logged in as a DISTRIBUTOR,,66,2026-02-02 00:40:37.625341,ELEC-day2,0.0,0.0,0.0,,,0,0,0,0,0,0,0,0
2.0,1.0,1.0,,FINES,"The fine for open positions of ELEC-dayX at the end of the day is $20,000/contract.",66,2026-02-02 00:40:37.625341,ELEC-day3,0.0,0.0,0.0,,,0,0,0,0,0,0,0,0
1.0,1.0,1.0,,Welcome to the RITC2026 GBE Energy Electricity Trading Case - practice server,,66,2026-02-02 00:40:37.625341,ELEC-day4,0.0,0.0,0.0,,,0,0,0,0,0,0,0,0
,,,,,,66,2026-02-02 00:40:37.625341,ELEC-day5,0.0,0.0,0.0,,,0,0,0,0,0,0,0,0
,,,,,,66,2026-02-02 00:40:37.625341,ELEC-day6,0.0,0.0,0.0,,,0,0,0,0,0,0,0,0
,,,,,,66,2026-02-02 00:40:37.625341,ELEC-F,0.0,0.0,0.0,,,0,0,0,0,0,0,0,0
4.0,1.0,1.0,,TEMPERATURE Forecast for DAY 2,The average temperature tomorrow is forecasted to be between 27 and 34 degrees Celsius.,67,2026-02-02 00:40:38.652717,NG,2.17,2.15,2.19,800000.0,800000.0,0,0,0,0,0,0,0,0
3.0,1.0,1.0,,You are logged in as a DISTRIBUTOR,,67,2026-02-02 00:40:38.652717,ELEC-day2,0.0,0.0,0.0,,,0,0,0,0,0,0,0,0
2.0,1.0,1.0,,FINES,"The fine for open positions of ELEC-dayX at the end of the day is $20,000/contract.",67,2026-02-02 00:40:38.652717,ELEC-day3,0.0,0.0,0.0,,,0,0,0,0,0,0,0,0
1.0,1.0,1.0,,Welcome to the RITC2026 GBE Energy Electricity Trading Case - practice server,,67,2026-02-02 00:40:38.652717,ELEC-day4,0.0,0.0,0.0,,,0,0,0,0,0,0,0,0
,,,,,,67,2026-02-02 00:40:38.652717,ELEC-day5,0.0,0.0,0.0,,,0,0,0,0,0,0,0,0
,,,,,,67,2026-02-02 00:40:38.652717,ELEC-day6,0.0,0.0,0.0,,,0,0,0,0,0,0,0,0
,,,,,,67,2026-02-02 00:40:38.652717,ELEC-F,0.0,0.0,0.0,,,0,0,0,0,0,0,0,0
4.0,1.0,1.0,,TEMPERATURE Forecast for DAY 2,The average temperature tomorrow is forecasted to be between 27 and 34 degrees Celsius.,68,2026-02-02 00:40:39.686533,NG,2.17,2.15,2.19,800000.0,800000.0,0,0,0,0,0,0,0,0
3.0,1.0,1.0,,You are logged in as a DISTRIBUTOR,,68,2026-02-02 00:40:39.686533,ELEC-day2,0.0,0.0,0.0,,,0,0,0,0,0,0,0,0
2.0,1.0,1.0,,FINES,"The fine for open positions of ELEC-dayX at the end of the day is $20,000/contract.",68,2026-02-02 00:40:39.686533,ELEC-day3,0.0,0.0,0.0,,,0,0,0,0,0,0,0,0
1.0,1.0,1.0,,Welcome to the RITC2026 GBE Energy Electricity Trading Case - practice server,,68,2026-02-02 00:40:39.686533,ELEC-day4,0.0,0.0,0.0,,,0,0,0,0,0,0,0,0
,,,,,,68,2026-02-02 00:40:39.686533,ELEC-day5,0.0,0.0,0.0,,,0,0,0,0,0,0,0,0
,,,,,,68,2026-02-02 00:40:39.686533,ELEC-day6,0.0,0.0,0.0,,,0,0,0,0,0,0,0,0
,,,,,,68,2026-02-02 00:40:39.686533,ELEC-F,0.0,0.0,0.0,,,0,0,0,0,0,0,0,0
4.0,1.0,1.0,,TEMPERATURE Forecast for DAY 2,The average temperature tomorrow is forecasted to be between 27 and 34 degrees Celsius.,69,2026-02-02 00:40:40.712629,NG,2.17,2.15,2.19,800000.0,800000.0,0,0,0,0,0,0,0,0
3.0,1.0,1.0,,You are logged in as a DISTRIBUTOR,,69,2026-02-02 00:40:40.712629,ELEC-day2,0.0,0.0,0.0,,,0,0,0,0,0,0,0,0
2.0,1.0,1.0,,FINES,"The fine for open positions of ELEC-dayX at the end of the day is $20,000/contract.",69,2026-02-02 00:40:40.712629,ELEC-day3,0.0,0.0,0.0,,,0,0,0,0,0,0,0,0
1.0,1.0,1.0,,Welcome to the RITC2026 GBE Energy Electricity Trading Case - practice server,,69,2026-02-02 00:40:40.712629,ELEC-day4,0.0,0.0,0.0,,,0,0,0,0,0,0,0,0
,,,,,,69,2026-02-02 00:40:40.712629,ELEC-day5,0.0,0.0,0.0,,,0,0,0,0,0,0,0,0
,,,,,,69,2026-02-02 00:40:40.712629,ELEC-day6,0.0,0.0,0.0,,,0,0,0,0,0,0,0,0
,,,,,,69,2026-02-02 00:40:40.712629,ELEC-F,0.0,0.0,0.0,,,0,0,0,0,0,0,0,0
4.0,1.0,1.0,,TEMPERATURE Forecast for DAY 2,The average temperature tomorrow is forecasted to be between 27 and 34 degrees Celsius.,70,2026-02-02 00:40:41.742705,NG,2.17,2.15,2.19,800000.0,800000.0,0,0,0,0,0,0,0,0
3.0,1.0,1.0,,You are logged in as a DISTRIBUTOR,,70,2026-02-02 00:40:41.742705,ELEC-day2,0.0,0.0,0.0,,,0,0,0,0,0,0,0,0
2.0,1.0,1.0,,FINES,"The fine for open positions of ELEC-dayX at the end of the day is $20,000/contract.",70,2026-02-02 00:40:41.742705,ELEC-day3,0.0,0.0,0.0,,,0,0,0,0,0,0,0,0
1.0,1.0,1.0,,Welcome to the RITC2026 GBE Energy Electricity Trading Case - practice server,,70,2026-02-02 00:40:41.742705,ELEC-day4,0.0,0.0,0.0,,,0,0,0,0,0,0,0,0
,,,,,,70,2026-02-02 00:40:41.742705,ELEC-day5,0.0,0.0,0.0,,,0,0,0,0,0,0,0,0
,,,,,,70,2026-02-02 00:40:41.742705,ELEC-day6,0.0,0.0,0.0,,,0,0,0,0,0,0,0,0
,,,,,,70,2026-02-02 00:40:41.742705,ELEC-F,0.0,0.0,0.0,,,0,0,0,0,0,0,0,0
4.0,1.0,1.0,,TEMPERATURE Forecast for DAY 2,The average temperature tomorrow is forecasted to be between 27 and 34 degrees Celsius.,71,2026-02-02 00:40:42.763053,NG,2.16,2.14,2.18,800000.0,800000.0,0,0,0,0,0,0,0,0
3.0,1.0,1.0,,You are logged in as a DISTRIBUTOR,,71,2026-02-02 00:40:42.763053,ELEC-day2,0.0,0.0,0.0,,,0,0,0,0,0,0,0,0
2.0,1.0,1.0,,FINES,"The fine for open positions of ELEC-dayX at the end of the day is $20,000/contract.",71,2026-02-02 00:40:42.763053,ELEC-day3,0.0,0.0,0.0,,,0,0,0,0,0,0,0,0
1.0,1.0,1.0,,Welcome to the RITC2026 GBE Energy Electricity Trading Case - practice server,,71,2026-02-02 00:40:42.763053,ELEC-day4,0.0,0.0,0.0,,,0,0,0,0,0,0,0,0
,,,,,,71,2026-02-02 00:40:42.763053,ELEC-day5,0.0,0.0,0.0,,,0,0,0,0,0,0,0,0
,,,,,,71,2026-02-02 00:40:42.763053,ELEC-day6,0.0,0.0,0.0,,,0,0,0,0,0,0,0,0
,,,,,,71,2026-02-02 00:40:42.763053,ELEC-F,0.0,0.0,0.0,,,0,0,0,0,0,0,0,0
4.0,1.0,1.0,,TEMPERATURE Forecast for DAY 2,The average temperature tomorrow is forecasted to be between 27 and 34 degrees Celsius.,72,2026-02-02 00:40:43.792197,NG,2.17,2.15,2.19,800000.0,800000.0,0,0,0,0,0,0,0,0
3.0,1.0,1.0,,You are logged in as a DISTRIBUTOR,,72,2026-02-02 00:40:43.792197,ELEC-day2,0.0,0.0,0.0,,,0,0,0,0,0,0,0,0
2.0,1.0,1.0,,FINES,"The fine for open positions of ELEC-dayX at the end of the day is $20,000/contract.",72,2026-02-02 00:40:43.792197,ELEC-day3,0.0,0.0,0.0,,,0,0,0,0,0,0,0,0
1.0,1.0,1.0,,Welcome to the RITC2026 GBE Energy Electricity Trading Case - practice server,,72,2026-02-02 00:40:43.792197,ELEC-day4,0.0,0.0,0.0,,,0,0,0,0,0,0,0,0
,,,,,,72,2026-02-02 00:40:43.792197,ELEC-day5,0.0,0.0,0.0,,,0,0,0,0,0,0,0,0
,,,,,,72,2026-02-02 00:40:43.792197,ELEC-day6,0.0,0.0,0.0,,,0,0,0,0,0,0,0,0
,,,,,,72,2026-02-02 00:40:43.792197,ELEC-F,0.0,0.0,0.0,,,0,0,0,0,0,0,0,0
4.0,1.0,1.0,,TEMPERATURE Forecast for DAY 2,The average temperature tomorrow is forecasted to be between 27 and 34 degrees Celsius.,73,2026-02-02 00:40:44.817532,NG,2.16,2.14,2.18,800000.0,800000.0,0,0,0,0,0,0,0,0
3.0,1.0,1.0,,You are logged in as a DISTRIBUTOR,,73,2026-02-02 00:40:44.817532,ELEC-day2,0.0,0.0,0.0,,,0,0,0,0,0,0,0,0
2.0,1.0,1.0,,FINES,"The fine for open positions of ELEC-dayX at the end of the day is $20,000/contract.",73,2026-02-02 00:40:44.817532,ELEC-day3,0.0,0.0,0.0,,,0,0,0,0,0,0,0,0
1.0,1.0,1.0,,Welcome to the RITC2026 GBE Energy Electricity Trading Case - practice server,,73,2026-02-02 00:40:44.817532,ELEC-day4,0.0,0.0,0.0,,,0,0,0,0,0,0,0,0
,,,,,,73,2026-02-02 00:40:44.817532,ELEC-day5,0.0,0.0,0.0,,,0,0,0,0,0,0,0,0
,,,,,,73,2026-02-02 00:40:44.817532,ELEC-day6,0.0,0.0,0.0,,,0,0,0,0,0,0,0,0
,,,,,,73,2026-02-02 00:40:44.817532,ELEC-F,0.0,0.0,0.0,,,0,0,0,0,0,0,0,0
4.0,1.0,1.0,,TEMPERATURE Forecast for DAY 2,The average temperature tomorrow is forecasted to be between 27 and 34 degrees Celsius.,74,2026-02-02 00:40:45.850204,NG,2.16,2.14,2.18,800000.0,800000.0,0,0,0,0,0,0,0,0
3.0,1.0,1.0,,You are logged in as a DISTRIBUTOR,,74,2026-02-02 00:40:45.850204,ELEC-day2,0.0,0.0,0.0,,,0,0,0,0,0,0,0,0
2.0,1.0,1.0,,FINES,"The fine for open positions of ELEC-dayX at the end of the day is $20,000/contract.",74,2026-02-02 00:40:45.850204,ELEC-day3,0.0,0.0,0.0,,,0,0,0,0,0,0,0,0
1.0,1.0,1.0,,Welcome to the RITC2026 GBE Energy Electricity Trading Case - practice server,,74,2026-02-02 00:40:45.850204,ELEC-day4,0.0,0.0,0.0,,,0,0,0,0,0,0,0,0
,,,,,,74,2026-02-02 00:40:45.850204,ELEC-day5,0.0,0.0,0.0,,,0,0,0,0,0,0,0,0
,,,,,,74,2026-02-02 00:40:45.850204,ELEC-day6,0.0,0.0,0.0,,,0,0,0,0,0,0,0,0
,,,,,,74,2026-02-02 00:40:45.850204,ELEC-F,0.0,0.0,0.0,,,0,0,0,0,0,0,0,0
4.0,1.0,1.0,,TEMPERATURE Forecast for DAY 2,The average temperature tomorrow is forecasted to be between 27 and 34 degrees Celsius.,75,2026-02-02 00:40:46.882621,NG,2.16,2.14,2.18,800000.0,800000.0,0,0,0,0,0,0,0,0
3.0,1.0,1.0,,You are logged in as a DISTRIBUTOR,,75,2026-02-02 00:40:46.882621,ELEC-day2,0.0,0.0,0.0,,,0,0,0,0,0,0,0,0
2.0,1.0,1.0,,FINES,"The fine for open positions of ELEC-dayX at the end of the day is $20,000/contract.",75,2026-02-02 00:40:46.882621,ELEC-day3,0.0,0.0,0.0,,,0,0,0,0,0,0,0,0
1.0,1.0,1.0,,Welcome to the RITC2026 GBE Energy Electricity Trading Case - practice server,,75,2026-02-02 00:40:46.882621,ELEC-day4,0.0,0.0,0.0,,,0,0,0,0,0,0,0,0
,,,,,,75,2026-02-02 00:40:46.882621,ELEC-day5,0.0,0.0,0.0,,,0,0,0,0,0,0,0,0
,,,,,,75,2026-02-02 00:40:46.882621,ELEC-day6,0.0,0.0,0.0,,,0,0,0,0,0,0,0,0
,,,,,,75,2026-02-02 00:40:46.882621,ELEC-F,0.0,0.0,0.0,,,0,0,0,0,0,0,0,0
4.0,1.0,1.0,,TEMPERATURE Forecast for DAY 2,The average temperature tomorrow is forecasted to be between 27 and 34 degrees Celsius.,76,2026-02-02 00:40:47.915996,NG,2.15,2.13,2.17,800000.0,800000.0,0,0,0,0,0,0,0,0
3.0,1.0,1.0,,You are logged in as a DISTRIBUTOR,,76,2026-02-02 00:40:47.915996,ELEC-day2,0.0,0.0,0.0,,,0,0,0,0,0,0,0,0
2.0,1.0,1.0,,FINES,"The fine for open positions of ELEC-dayX at the end of the day is $20,000/contract.",76,2026-02-02 00:40:47.915996,ELEC-day3,0.0,0.0,0.0,,,0,0,0,0,0,0,0,0
1.0,1.0,1.0,,Welcome to the RITC2026 GBE Energy Electricity Trading Case - practice server,,76,2026-02-02 00:40:47.915996,ELEC-day4,0.0,0.0,0.0,,,0,0,0,0,0,0,0,0
,,,,,,76,2026-02-02 00:40:47.915996,ELEC-day5,0.0,0.0,0.0,,,0,0,0,0,0,0,0,0
,,,,,,76,2026-02-02 00:40:47.915996,ELEC-day6,0.0,0.0,0.0,,,0,0,0,0,0,0,0,0
,,,,,,76,2026-02-02 00:40:47.915996,ELEC-F,0.0,0.0,0.0,,,0,0,0,0,0,0,0,0
4.0,1.0,1.0,,TEMPERATURE Forecast for DAY 2,The average temperature tomorrow is forecasted to be between 27 and 34 degrees Celsius.,77,2026-02-02 00:40:48.945475,NG,2.15,2.13,2.17,800000.0,800000.0,0,0,0,0,0,0,0,0
3.0,1.0,1.0,,You are logged in as a DISTRIBUTOR,,77,2026-02-02 00:40:48.945475,ELEC-day2,0.0,0.0,0.0,,,0,0,0,0,0,0,0,0
2.0,1.0,1.0,,FINES,"The fine for open positions of ELEC-dayX at the end of the day is $20,000/contract.",77,2026-02-02 00:40:48.945475,ELEC-day3,0.0,0.0,0.0,,,0,0,0,0,0,0,0,0
1.0,1.0,1.0,,Welcome to the RITC2026 GBE Energy Electricity Trading Case - practice server,,77,2026-02-02 00:40:48.945475,ELEC-day4,0.0,0.0,0.0,,,0,0,0,0,0,0,0,0
,,,,,,77,2026-02-02 00:40:48.945475,ELEC-day5,0.0,0.0,0.0,,,0,0,0,0,0,0,0,0
,,,,,,77,2026-02-02 00:40:48.945475,ELEC-day6,0.0,0.0,0.0,,,0,0,0,0,0,0,0,0
,,,,,,77,2026-02-02 00:40:48.945475,ELEC-F,0.0,0.0,0.0,,,0,0,0,0,0,0,0,0
4.0,1.0,1.0,,TEMPERATURE Forecast for DAY 2,The average temperature tomorrow is forecasted to be between 27 and 34 degrees Celsius.,78,2026-02-02 00:40:49.972327,NG,2.14,2.12,2.16,800000.0,800000.0,0,0,0,0,0,0,0,0
3.0,1.0,1.0,,You are logged in as a DISTRIBUTOR,,78,2026-02-02 00:40:49.972327,ELEC-day2,0.0,0.0,0.0,,,0,0,0,0,0,0,0,0
2.0,1.0,1.0,,FINES,"The fine for open positions of ELEC-dayX at the end of the day is $20,000/contract.",78,2026-02-02 00:40:49.972327,ELEC-day3,0.0,0.0,0.0,,,0,0,0,0,0,0,0,0
1.0,1.0,1.0,,Welcome to the RITC2026 GBE Energy Electricity Trading Case - practice server,,78,2026-02-02 00:40:49.972327,ELEC-day4,0.0,0.0,0.0,,,0,0,0,0,0,0,0,0
,,,,,,78,2026-02-02 00:40:49.972327,ELEC-day5,0.0,0.0,0.0,,,0,0,0,0,0,0,0,0
,,,,,,78,2026-02-02 00:40:49.972327,ELEC-day6,0.0,0.0,0.0,,,0,0,0,0,0,0,0,0
,,,,,,78,2026-02-02 00:40:49.972327,ELEC-F,0.0,0.0,0.0,,,0,0,0,0,0,0,0,0
4.0,1.0,1.0,,TEMPERATURE Forecast for DAY 2,The average temperature tomorrow is forecasted to be between 27 and 34 degrees Celsius.,79,2026-02-02 00:40:50.998717,NG,2.14,2.12,2.16,800000.0,800000.0,0,0,0,0,0,0,0,0
3.0,1.0,1.0,,You are logged in as a DISTRIBUTOR,,79,2026-02-02 00:40:50.998717,ELEC-day2,0.0,0.0,0.0,,,0,0,0,0,0,0,0,0
2.0,1.0,1.0,,FINES,"The fine for open positions of ELEC-dayX at the end of the day is $20,000/contract.",79,2026-02-02 00:40:50.998717,ELEC-day3,0.0,0.0,0.0,,,0,0,0,0,0,0,0,0
1.0,1.0,1.0,,Welcome to the RITC2026 GBE Energy Electricity Trading Case - practice server,,79,2026-02-02 00:40:50.998717,ELEC-day4,0.0,0.0,0.0,,,0,0,0,0,0,0,0,0
,,,,,,79,2026-02-02 00:40:50.998717,ELEC-day5,0.0,0.0,0.0,,,0,0,0,0,0,0,0,0
,,,,,,79,2026-02-02 00:40:50.998717,ELEC-day6,0.0,0.0,0.0,,,0,0,0,0,0,0,0,0
,,,,,,79,2026-02-02 00:40:50.998717,ELEC-F,0.0,0.0,0.0,,,0,0,0,0,0,0,0,0
4.0,1.0,1.0,,TEMPERATURE Forecast for DAY 2,The average temperature tomorrow is forecasted to be between 27 and 34 degrees Celsius.,80,2026-02-02 00:40:52.023147,NG,2.13,2.11,2.15,800000.0,800000.0,0,0,0,0,0,0,0,0
3.0,1.0,1.0,,You are logged in as a DISTRIBUTOR,,80,2026-02-02 00:40:52.023147,ELEC-day2,0.0,0.0,0.0,,,0,0,0,0,0,0,0,0
2.0,1.0,1.0,,FINES,"The fine for open positions of ELEC-dayX at the end of the day is $20,000/contract.",80,2026-02-02 00:40:52.023147,ELEC-day3,0.0,0.0,0.0,,,0,0,0,0,0,0,0,0
1.0,1.0,1.0,,Welcome to the RITC2026 GBE Energy Electricity Trading Case - practice server,,80,2026-02-02 00:40:52.023147,ELEC-day4,0.0,0.0,0.0,,,0,0,0,0,0,0,0,0
,,,,,,80,2026-02-02 00:40:52.023147,ELEC-day5,0.0,0.0,0.0,,,0,0,0,0,0,0,0,0
,,,,,,80,2026-02-02 00:40:52.023147,ELEC-day6,0.0,0.0,0.0,,,0,0,0,0,0,0,0,0
,,,,,,80,2026-02-02 00:40:52.023147,ELEC-F,0.0,0.0,0.0,,,0,0,0,0,0,0,0,0
4.0,1.0,1.0,,TEMPERATURE Forecast for DAY 2,The average temperature tomorrow is forecasted to be between 27 and 34 degrees Celsius.,81,2026-02-02 00:40:53.051020,NG,2.12,2.1,2.14,800000.0,800000.0,0,0,0,0,0,0,0,0
3.0,1.0,1.0,,You are logged in as a DISTRIBUTOR,,81,2026-02-02 00:40:53.051020,ELEC-day2,0.0,0.0,0.0,,,0,0,0,0,0,0,0,0
2.0,1.0,1.0,,FINES,"The fine for open positions of ELEC-dayX at the end of the day is $20,000/contract.",81,2026-02-02 00:40:53.051020,ELEC-day3,0.0,0.0,0.0,,,0,0,0,0,0,0,0,0
1.0,1.0,1.0,,Welcome to the RITC2026 GBE Energy Electricity Trading Case - practice server,,81,2026-02-02 00:40:53.051020,ELEC-day4,0.0,0.0,0.0,,,0,0,0,0,0,0,0,0
,,,,,,81,2026-02-02 00:40:53.051020,ELEC-day5,0.0,0.0,0.0,,,0,0,0,0,0,0,0,0
,,,,,,81,2026-02-02 00:40:53.051020,ELEC-day6,0.0,0.0,0.0,,,0,0,0,0,0,0,0,0
,,,,,,81,2026-02-02 00:40:53.051020,ELEC-F,0.0,0.0,0.0,,,0,0,0,0,0,0,0,0
4.0,1.0,1.0,,TEMPERATURE Forecast for DAY 2,The average temperature tomorrow is forecasted to be between 27 and 34 degrees Celsius.,82,2026-02-02 00:40:54.072400,NG,2.13,2.11,2.15,800000.0,800000.0,0,0,0,0,0,0,0,0
3.0,1.0,1.0,,You are logged in as a DISTRIBUTOR,,82,2026-02-02 00:40:54.072400,ELEC-day2,0.0,0.0,0.0,,,0,0,0,0,0,0,0,0
2.0,1.0,1.0,,FINES,"The fine for open positions of ELEC-dayX at the end of the day is $20,000/contract.",82,2026-02-02 00:40:54.072400,ELEC-day3,0.0,0.0,0.0,,,0,0,0,0,0,0,0,0
1.0,1.0,1.0,,Welcome to the RITC2026 GBE Energy Electricity Trading Case - practice server,,82,2026-02-02 00:40:54.072400,ELEC-day4,0.0,0.0,0.0,,,0,0,0,0,0,0,0,0
,,,,,,82,2026-02-02 00:40:54.072400,ELEC-day5,0.0,0.0,0.0,,,0,0,0,0,0,0,0,0
,,,,,,82,2026-02-02 00:40:54.072400,ELEC-day6,0.0,0.0,0.0,,,0,0,0,0,0,0,0,0
,,,,,,82,2026-02-02 00:40:54.072400,ELEC-F,0.0,0.0,0.0,,,0,0,0,0,0,0,0,0
4.0,1.0,1.0,,TEMPERATURE Forecast for DAY 2,The average temperature tomorrow is forecasted to be between 27 and 34 degrees Celsius.,83,2026-02-02 00:40:55.097886,NG,2.13,2.11,2.15,800000.0,800000.0,0,0,0,0,0,0,0,0
3.0,1.0,1.0,,You are logged in as a DISTRIBUTOR,,83,2026-02-02 00:40:55.097886,ELEC-day2,0.0,0.0,0.0,,,0,0,0,0,0,0,0,0
2.0,1.0,1.0,,FINES,"The fine for open positions of ELEC-dayX at the end of the day is $20,000/contract.",83,2026-02-02 00:40:55.097886,ELEC-day3,0.0,0.0,0.0,,,0,0,0,0,0,0,0,0
1.0,1.0,1.0,,Welcome to the RITC2026 GBE Energy Electricity Trading Case - practice server,,83,2026-02-02 00:40:55.097886,ELEC-day4,0.0,0.0,0.0,,,0,0,0,0,0,0,0,0
,,,,,,83,2026-02-02 00:40:55.097886,ELEC-day5,0.0,0.0,0.0,,,0,0,0,0,0,0,0,0
,,,,,,83,2026-02-02 00:40:55.097886,ELEC-day6,0.0,0.0,0.0,,,0,0,0,0,0,0,0,0
,,,,,,83,2026-02-02 00:40:55.097886,ELEC-F,0.0,0.0,0.0,,,0,0,0,0,0,0,0,0
4.0,1.0,1.0,,TEMPERATURE Forecast for DAY 2,The average temperature tomorrow is forecasted to be between 27 and 34 degrees Celsius.,85,2026-02-02 00:40:56.145692,NG,2.12,2.1,2.14,800000.0,800000.0,0,0,0,0,0,0,0,0
3.0,1.0,1.0,,You are logged in as a DISTRIBUTOR,,85,2026-02-02 00:40:56.145692,ELEC-day2,0.0,0.0,0.0,,,0,0,0,0,0,0,0,0
2.0,1.0,1.0,,FINES,"The fine for open positions of ELEC-dayX at the end of the day is $20,000/contract.",85,2026-02-02 00:40:56.145692,ELEC-day3,0.0,0.0,0.0,,,0,0,0,0,0,0,0,0
1.0,1.0,1.0,,Welcome to the RITC2026 GBE Energy Electricity Trading Case - practice server,,85,2026-02-02 00:40:56.145692,ELEC-day4,0.0,0.0,0.0,,,0,0,0,0,0,0,0,0
,,,,,,85,2026-02-02 00:40:56.145692,ELEC-day5,0.0,0.0,0.0,,,0,0,0,0,0,0,0,0
,,,,,,85,2026-02-02 00:40:56.145692,ELEC-day6,0.0,0.0,0.0,,,0,0,0,0,0,0,0,0
,,,,,,85,2026-02-02 00:40:56.145692,ELEC-F,0.0,0.0,0.0,,,0,0,0,0,0,0,0,0
4.0,1.0,1.0,,TEMPERATURE Forecast for DAY 2,The average temperature tomorrow is forecasted to be between 27 and 34 degrees Celsius.,86,2026-02-02 00:40:57.165596,NG,2.12,2.1,2.14,800000.0,800000.0,0,0,0,0,0,0,0,0
3.0,1.0,1.0,,You are logged in as a DISTRIBUTOR,,86,2026-02-02 00:40:57.165596,ELEC-day2,0.0,0.0,0.0,,,0,0,0,0,0,0,0,0
2.0,1.0,1.0,,FINES,"The fine for open positions of ELEC-dayX at the end of the day is $20,000/contract.",86,2026-02-02 00:40:57.165596,ELEC-day3,0.0,0.0,0.0,,,0,0,0,0,0,0,0,0
1.0,1.0,1.0,,Welcome to the RITC2026 GBE Energy Electricity Trading Case - practice server,,86,2026-02-02 00:40:57.165596,ELEC-day4,0.0,0.0,0.0,,,0,0,0,0,0,0,0,0
,,,,,,86,2026-02-02 00:40:57.165596,ELEC-day5,0.0,0.0,0.0,,,0,0,0,0,0,0,0,0
,,,,,,86,2026-02-02 00:40:57.165596,ELEC-day6,0.0,0.0,0.0,,,0,0,0,0,0,0,0,0
,,,,,,86,2026-02-02 00:40:57.165596,ELEC-F,0.0,0.0,0.0,,,0,0,0,0,0,0,0,0
4.0,1.0,1.0,,TEMPERATURE Forecast for DAY 2,The average temperature tomorrow is forecasted to be between 27 and 34 degrees Celsius.,87,2026-02-02 00:40:58.210141,NG,2.13,2.11,2.15,800000.0,800000.0,0,0,0,0,0,0,0,0
3.0,1.0,1.0,,You are logged in as a DISTRIBUTOR,,87,2026-02-02 00:40:58.210141,ELEC-day2,0.0,0.0,0.0,,,0,0,0,0,0,0,0,0
2.0,1.0,1.0,,FINES,"The fine for open positions of ELEC-dayX at the end of the day is $20,000/contract.",87,2026-02-02 00:40:58.210141,ELEC-day3,0.0,0.0,0.0,,,0,0,0,0,0,0,0,0
1.0,1.0,1.0,,Welcome to the RITC2026 GBE Energy Electricity Trading Case - practice server,,87,2026-02-02 00:40:58.210141,ELEC-day4,0.0,0.0,0.0,,,0,0,0,0,0,0,0,0
,,,,,,87,2026-02-02 00:40:58.210141,ELEC-day5,0.0,0.0,0.0,,,0,0,0,0,0,0,0,0
,,,,,,87,2026-02-02 00:40:58.210141,ELEC-day6,0.0,0.0,0.0,,,0,0,0,0,0,0,0,0
,,,,,,87,2026-02-02 00:40:58.210141,ELEC-F,0.0,0.0,0.0,,,0,0,0,0,0,0,0,0
4.0,1.0,1.0,,TEMPERATURE Forecast for DAY 2,The average temperature tomorrow is forecasted to be between 27 and 34 degrees Celsius.,88,2026-02-02 00:40:59.245452,NG,2.13,2.11,2.15,800000.0,800000.0,0,0,0,0,0,0,0,0
3.0,1.0,1.0,,You are logged in as a DISTRIBUTOR,,88,2026-02-02 00:40:59.245452,ELEC-day2,0.0,0.0,0.0,,,0,0,0,0,0,0,0,0
2.0,1.0,1.0,,FINES,"The fine for open positions of ELEC-dayX at the end of the day is $20,000/contract.",88,2026-02-02 00:40:59.245452,ELEC-day3,0.0,0.0,0.0,,,0,0,0,0,0,0,0,0
1.0,1.0,1.0,,Welcome to the RITC2026 GBE Energy Electricity Trading Case - practice server,,88,2026-02-02 00:40:59.245452,ELEC-day4,0.0,0.0,0.0,,,0,0,0,0,0,0,0,0
,,,,,,88,2026-02-02 00:40:59.245452,ELEC-day5,0.0,0.0,0.0,,,0,0,0,0,0,0,0,0
,,,,,,88,2026-02-02 00:40:59.245452,ELEC-day6,0.0,0.0,0.0,,,0,0,0,0,0,0,0,0
,,,,,,88,2026-02-02 00:40:59.245452,ELEC-F,0.0,0.0,0.0,,,0,0,0,0,0,0,0,0
4.0,1.0,1.0,,TEMPERATURE Forecast for DAY 2,The average temperature tomorrow is forecasted to be between 27 and 34 degrees Celsius.,89,2026-02-02 00:41:00.276914,NG,2.13,2.11,2.15,800000.0,800000.0,0,0,0,0,0,0,0,0
3.0,1.0,1.0,,You are logged in as a DISTRIBUTOR,,89,2026-02-02 00:41:00.276914,ELEC-day2,0.0,0.0,0.0,,,0,0,0,0,0,0,0,0
2.0,1.0,1.0,,FINES,"The fine for open positions of ELEC-dayX at the end of the day is $20,000/contract.",89,2026-02-02 00:41:00.276914,ELEC-day3,0.0,0.0,0.0,,,0,0,0,0,0,0,0,0
1.0,1.0,1.0,,Welcome to the RITC2026 GBE Energy Electricity Trading Case - practice server,,89,2026-02-02 00:41:00.276914,ELEC-day4,0.0,0.0,0.0,,,0,0,0,0,0,0,0,0
,,,,,,89,2026-02-02 00:41:00.276914,ELEC-day5,0.0,0.0,0.0,,,0,0,0,0,0,0,0,0
,,,,,,89,2026-02-02 00:41:00.276914,ELEC-day6,0.0,0.0,0.0,,,0,0,0,0,0,0,0,0
,,,,,,89,2026-02-02 00:41:00.276914,ELEC-F,0.0,0.0,0.0,,,0,0,0,0,0,0,0,0
5.0,1.0,89.0,,TEMPERATURE Forecast for DAY 2,The average temperature tomorrow is forecasted to be between 28 and 36 degrees Celsius.,90,2026-02-02 00:41:01.327862,NG,2.13,2.11,2.15,800000.0,800000.0,0,0,0,0,0,0,0,0
4.0,1.0,1.0,,TEMPERATURE Forecast for DAY 2,The average temperature tomorrow is forecasted to be between 27 and 34 degrees Celsius.,90,2026-02-02 00:41:01.327862,ELEC-day2,0.0,0.0,0.0,,,0,0,0,0,0,0,0,0
3.0,1.0,1.0,,You are logged in as a DISTRIBUTOR,,90,2026-02-02 00:41:01.327862,ELEC-day3,0.0,0.0,0.0,,,0,0,0,0,0,0,0,0
2.0,1.0,1.0,,FINES,"The fine for open positions of ELEC-dayX at the end of the day is $20,000/contract.",90,2026-02-02 00:41:01.327862,ELEC-day4,0.0,0.0,0.0,,,0,0,0,0,0,0,0,0
1.0,1.0,1.0,,Welcome to the RITC2026 GBE Energy Electricity Trading Case - practice server,,90,2026-02-02 00:41:01.327862,ELEC-day5,0.0,0.0,0.0,,,0,0,0,0,0,0,0,0
,,,,,,90,2026-02-02 00:41:01.327862,ELEC-day6,0.0,0.0,0.0,,,0,0,0,0,0,0,0,0
,,,,,,90,2026-02-02 00:41:01.327862,ELEC-F,0.0,0.0,0.0,,,0,0,0,0,0,0,0,0
5.0,1.0,89.0,,TEMPERATURE Forecast for DAY 2,The average temperature tomorrow is forecasted to be between 28 and 36 degrees Celsius.,91,2026-02-02 00:41:02.364672,NG,2.12,2.1,2.14,800000.0,800000.0,0,0,0,0,0,0,0,0
4.0,1.0,1.0,,TEMPERATURE Forecast for DAY 2,The average temperature tomorrow is forecasted to be between 27 and 34 degrees Celsius.,91,2026-02-02 00:41:02.364672,ELEC-day2,0.0,0.0,0.0,,,0,0,0,0,0,0,0,0
3.0,1.0,1.0,,You are logged in as a DISTRIBUTOR,,91,2026-02-02 00:41:02.364672,ELEC-day3,0.0,0.0,0.0,,,0,0,0,0,0,0,0,0
2.0,1.0,1.0,,FINES,"The fine for open positions of ELEC-dayX at the end of the day is $20,000/contract.",91,2026-02-02 00:41:02.364672,ELEC-day4,0.0,0.0,0.0,,,0,0,0,0,0,0,0,0
1.0,1.0,1.0,,Welcome to the RITC2026 GBE Energy Electricity Trading Case - practice server,,91,2026-02-02 00:41:02.364672,ELEC-day5,0.0,0.0,0.0,,,0,0,0,0,0,0,0,0
,,,,,,91,2026-02-02 00:41:02.364672,ELEC-day6,0.0,0.0,0.0,,,0,0,0,0,0,0,0,0
,,,,,,91,2026-02-02 00:41:02.364672,ELEC-F,0.0,0.0,0.0,,,0,0,0,0,0,0,0,0
5.0,1.0,89.0,,TEMPERATURE Forecast for DAY 2,The average temperature tomorrow is forecasted to be between 28 and 36 degrees Celsius.,92,2026-02-02 00:41:03.392161,NG,2.12,2.1,2.14,800000.0,800000.0,0,0,0,0,0,0,0,0
4.0,1.0,1.0,,TEMPERATURE Forecast for DAY 2,The average temperature tomorrow is forecasted to be between 27 and 34 degrees Celsius.,92,2026-02-02 00:41:03.392161,ELEC-day2,0.0,0.0,0.0,,,0,0,0,0,0,0,0,0
3.0,1.0,1.0,,You are logged in as a DISTRIBUTOR,,92,2026-02-02 00:41:03.392161,ELEC-day3,0.0,0.0,0.0,,,0,0,0,0,0,0,0,0
2.0,1.0,1.0,,FINES,"The fine for open positions of ELEC-dayX at the end of the day is $20,000/contract.",92,2026-02-02 00:41:03.392161,ELEC-day4,0.0,0.0,0.0,,,0,0,0,0,0,0,0,0
1.0,1.0,1.0,,Welcome to the RITC2026 GBE Energy Electricity Trading Case - practice server,,92,2026-02-02 00:41:03.392161,ELEC-day5,0.0,0.0,0.0,,,0,0,0,0,0,0,0,0
,,,,,,92,2026-02-02 00:41:03.392161,ELEC-day6,0.0,0.0,0.0,,,0,0,0,0,0,0,0,0
,,,,,,92,2026-02-02 00:41:03.392161,ELEC-F,0.0,0.0,0.0,,,0,0,0,0,0,0,0,0
5.0,1.0,89.0,,TEMPERATURE Forecast for DAY 2,The average temperature tomorrow is forecasted to be between 28 and 36 degrees Celsius.,93,2026-02-02 00:41:04.426039,NG,2.11,2.09,2.13,800000.0,800000.0,0,0,0,0,0,0,0,0
4.0,1.0,1.0,,TEMPERATURE Forecast for DAY 2,The average temperature tomorrow is forecasted to be between 27 and 34 degrees Celsius.,93,2026-02-02 00:41:04.426039,ELEC-day2,0.0,0.0,0.0,,,0,0,0,0,0,0,0,0
3.0,1.0,1.0,,You are logged in as a DISTRIBUTOR,,93,2026-02-02 00:41:04.426039,ELEC-day3,0.0,0.0,0.0,,,0,0,0,0,0,0,0,0
2.0,1.0,1.0,,FINES,"The fine for open positions of ELEC-dayX at the end of the day is $20,000/contract.",93,2026-02-02 00:41:04.426039,ELEC-day4,0.0,0.0,0.0,,,0,0,0,0,0,0,0,0
1.0,1.0,1.0,,Welcome to the RITC2026 GBE Energy Electricity Trading Case - practice server,,93,2026-02-02 00:41:04.426039,ELEC-day5,0.0,0.0,0.0,,,0,0,0,0,0,0,0,0
,,,,,,93,2026-02-02 00:41:04.426039,ELEC-day6,0.0,0.0,0.0,,,0,0,0,0,0,0,0,0
,,,,,,93,2026-02-02 00:41:04.426039,ELEC-F,0.0,0.0,0.0,,,0,0,0,0,0,0,0,0
5.0,1.0,89.0,,TEMPERATURE Forecast for DAY 2,The average temperature tomorrow is forecasted to be between 28 and 36 degrees Celsius.,94,2026-02-02 00:41:05.472572,NG,2.11,2.09,2.13,800000.0,800000.0,0,0,0,0,0,0,0,0
4.0,1.0,1.0,,TEMPERATURE Forecast for DAY 2,The average temperature tomorrow is forecasted to be between 27 and 34 degrees Celsius.,94,2026-02-02 00:41:05.472572,ELEC-day2,0.0,0.0,0.0,,,0,0,0,0,0,0,0,0
3.0,1.0,1.0,,You are logged in as a DISTRIBUTOR,,94,2026-02-02 00:41:05.472572,ELEC-day3,0.0,0.0,0.0,,,0,0,0,0,0,0,0,0
2.0,1.0,1.0,,FINES,"The fine for open positions of ELEC-dayX at the end of the day is $20,000/contract.",94,2026-02-02 00:41:05.472572,ELEC-day4,0.0,0.0,0.0,,,0,0,0,0,0,0,0,0
1.0,1.0,1.0,,Welcome to the RITC2026 GBE Energy Electricity Trading Case - practice server,,94,2026-02-02 00:41:05.472572,ELEC-day5,0.0,0.0,0.0,,,0,0,0,0,0,0,0,0
,,,,,,94,2026-02-02 00:41:05.472572,ELEC-day6,0.0,0.0,0.0,,,0,0,0,0,0,0,0,0
,,,,,,94,2026-02-02 00:41:05.472572,ELEC-F,0.0,0.0,0.0,,,0,0,0,0,0,0,0,0
5.0,1.0,89.0,,TEMPERATURE Forecast for DAY 2,The average temperature tomorrow is forecasted to be between 28 and 36 degrees Celsius.,95,2026-02-02 00:41:06.499420,NG,2.11,2.09,2.13,800000.0,800000.0,0,0,0,0,0,0,0,0
4.0,1.0,1.0,,TEMPERATURE Forecast for DAY 2,The average temperature tomorrow is forecasted to be between 27 and 34 degrees Celsius.,95,2026-02-02 00:41:06.499420,ELEC-day2,0.0,0.0,0.0,,,0,0,0,0,0,0,0,0
3.0,1.0,1.0,,You are logged in as a DISTRIBUTOR,,95,2026-02-02 00:41:06.499420,ELEC-day3,0.0,0.0,0.0,,,0,0,0,0,0,0,0,0
2.0,1.0,1.0,,FINES,"The fine for open positions of ELEC-dayX at the end of the day is $20,000/contract.",95,2026-02-02 00:41:06.499420,ELEC-day4,0.0,0.0,0.0,,,0,0,0,0,0,0,0,0
1.0,1.0,1.0,,Welcome to the RITC2026 GBE Energy Electricity Trading Case - practice server,,95,2026-02-02 00:41:06.499420,ELEC-day5,0.0,0.0,0.0,,,0,0,0,0,0,0,0,0
,,,,,,95,2026-02-02 00:41:06.499420,ELEC-day6,0.0,0.0,0.0,,,0,0,0,0,0,0,0,0
,,,,,,95,2026-02-02 00:41:06.499420,ELEC-F,0.0,0.0,0.0,,,0,0,0,0,0,0,0,0
5.0,1.0,89.0,,TEMPERATURE Forecast for DAY 2,The average temperature tomorrow is forecasted to be between 28 and 36 degrees Celsius.,96,2026-02-02 00:41:07.532078,NG,2.12,2.1,2.14,800000.0,800000.0,0,0,0,0,0,0,0,0
4.0,1.0,1.0,,TEMPERATURE Forecast for DAY 2,The average temperature tomorrow is forecasted to be between 27 and 34 degrees Celsius.,96,2026-02-02 00:41:07.532078,ELEC-day2,0.0,0.0,0.0,,,0,0,0,0,0,0,0,0
3.0,1.0,1.0,,You are logged in as a DISTRIBUTOR,,96,2026-02-02 00:41:07.532078,ELEC-day3,0.0,0.0,0.0,,,0,0,0,0,0,0,0,0
2.0,1.0,1.0,,FINES,"The fine for open positions of ELEC-dayX at the end of the day is $20,000/contract.",96,2026-02-02 00:41:07.532078,ELEC-day4,0.0,0.0,0.0,,,0,0,0,0,0,0,0,0
1.0,1.0,1.0,,Welcome to the RITC2026 GBE Energy Electricity Trading Case - practice server,,96,2026-02-02 00:41:07.532078,ELEC-day5,0.0,0.0,0.0,,,0,0,0,0,0,0,0,0
,,,,,,96,2026-02-02 00:41:07.532078,ELEC-day6,0.0,0.0,0.0,,,0,0,0,0,0,0,0,0
,,,,,,96,2026-02-02 00:41:07.532078,ELEC-F,0.0,0.0,0.0,,,0,0,0,0,0,0,0,0
5.0,1.0,89.0,,TEMPERATURE Forecast for DAY 2,The average temperature tomorrow is forecasted to be between 28 and 36 degrees Celsius.,97,2026-02-02 00:41:08.563300,NG,2.11,2.09,2.13,800000.0,800000.0,0,0,0,0,0,0,0,0
4.0,1.0,1.0,,TEMPERATURE Forecast for DAY 2,The average temperature tomorrow is forecasted to be between 27 and 34 degrees Celsius.,97,2026-02-02 00:41:08.563300,ELEC-day2,0.0,0.0,0.0,,,0,0,0,0,0,0,0,0
3.0,1.0,1.0,,You are logged in as a DISTRIBUTOR,,97,2026-02-02 00:41:08.563300,ELEC-day3,0.0,0.0,0.0,,,0,0,0,0,0,0,0,0
2.0,1.0,1.0,,FINES,"The fine for open positions of ELEC-dayX at the end of the day is $20,000/contract.",97,2026-02-02 00:41:08.563300,ELEC-day4,0.0,0.0,0.0,,,0,0,0,0,0,0,0,0
1.0,1.0,1.0,,Welcome to the RITC2026 GBE Energy Electricity Trading Case - practice server,,97,2026-02-02 00:41:08.563300,ELEC-day5,0.0,0.0,0.0,,,0,0,0,0,0,0,0,0
,,,,,,97,2026-02-02 00:41:08.563300,ELEC-day6,0.0,0.0,0.0,,,0,0,0,0,0,0,0,0
,,,,,,97,2026-02-02 00:41:08.563300,ELEC-F,0.0,0.0,0.0,,,0,0,0,0,0,0,0,0
5.0,1.0,89.0,,TEMPERATURE Forecast for DAY 2,The average temperature tomorrow is forecasted to be between 28 and 36 degrees Celsius.,98,2026-02-02 00:41:09.594582,NG,2.12,2.1,2.14,800000.0,800000.0,0,0,0,0,0,0,0,0
4.0,1.0,1.0,,TEMPERATURE Forecast for DAY 2,The average temperature tomorrow is forecasted to be between 27 and 34 degrees Celsius.,98,2026-02-02 00:41:09.594582,ELEC-day2,0.0,0.0,0.0,,,0,0,0,0,0,0,0,0
3.0,1.0,1.0,,You are logged in as a DISTRIBUTOR,,98,2026-02-02 00:41:09.594582,ELEC-day3,0.0,0.0,0.0,,,0,0,0,0,0,0,0,0
2.0,1.0,1.0,,FINES,"The fine for open positions of ELEC-dayX at the end of the day is $20,000/contract.",98,2026-02-02 00:41:09.594582,ELEC-day4,0.0,0.0,0.0,,,0,0,0,0,0,0,0,0
1.0,1.0,1.0,,Welcome to the RITC2026 GBE Energy Electricity Trading Case - practice server,,98,2026-02-02 00:41:09.594582,ELEC-day5,0.0,0.0,0.0,,,0,0,0,0,0,0,0,0
,,,,,,98,2026-02-02 00:41:09.594582,ELEC-day6,0.0,0.0,0.0,,,0,0,0,0,0,0,0,0
,,,,,,98,2026-02-02 00:41:09.594582,ELEC-F,0.0,0.0,0.0,,,0,0,0,0,0,0,0,0
5.0,1.0,89.0,,TEMPERATURE Forecast for DAY 2,The average temperature tomorrow is forecasted to be between 28 and 36 degrees Celsius.,99,2026-02-02 00:41:10.632094,NG,2.12,2.1,2.14,800000.0,800000.0,0,0,0,0,0,0,0,0
4.0,1.0,1.0,,TEMPERATURE Forecast for DAY 2,The average temperature tomorrow is forecasted to be between 27 and 34 degrees Celsius.,99,2026-02-02 00:41:10.632094,ELEC-day2,0.0,0.0,0.0,,,0,0,0,0,0,0,0,0
3.0,1.0,1.0,,You are logged in as a DISTRIBUTOR,,99,2026-02-02 00:41:10.632094,ELEC-day3,0.0,0.0,0.0,,,0,0,0,0,0,0,0,0
2.0,1.0,1.0,,FINES,"The fine for open positions of ELEC-dayX at the end of the day is $20,000/contract.",99,2026-02-02 00:41:10.632094,ELEC-day4,0.0,0.0,0.0,,,0,0,0,0,0,0,0,0
1.0,1.0,1.0,,Welcome to the RITC2026 GBE Energy Electricity Trading Case - practice server,,99,2026-02-02 00:41:10.632094,ELEC-day5,0.0,0.0,0.0,,,0,0,0,0,0,0,0,0
,,,,,,99,2026-02-02 00:41:10.632094,ELEC-day6,0.0,0.0,0.0,,,0,0,0,0,0,0,0,0
,,,,,,99,2026-02-02 00:41:10.632094,ELEC-F,0.0,0.0,0.0,,,0,0,0,0,0,0,0,0
5.0,1.0,89.0,,TEMPERATURE Forecast for DAY 2,The average temperature tomorrow is forecasted to be between 28 and 36 degrees Celsius.,100,2026-02-02 00:41:11.663584,NG,2.11,2.09,2.13,800000.0,800000.0,0,0,0,0,0,0,0,0
4.0,1.0,1.0,,TEMPERATURE Forecast for DAY 2,The average temperature tomorrow is forecasted to be between 27 and 34 degrees Celsius.,100,2026-02-02 00:41:11.663584,ELEC-day2,0.0,0.0,0.0,,,0,0,0,0,0,0,0,0
3.0,1.0,1.0,,You are logged in as a DISTRIBUTOR,,100,2026-02-02 00:41:11.663584,ELEC-day3,0.0,0.0,0.0,,,0,0,0,0,0,0,0,0
2.0,1.0,1.0,,FINES,"The fine for open positions of ELEC-dayX at the end of the day is $20,000/contract.",100,2026-02-02 00:41:11.663584,ELEC-day4,0.0,0.0,0.0,,,0,0,0,0,0,0,0,0
1.0,1.0,1.0,,Welcome to the RITC2026 GBE Energy Electricity Trading Case - practice server,,100,2026-02-02 00:41:11.663584,ELEC-day5,0.0,0.0,0.0,,,0,0,0,0,0,0,0,0
,,,,,,100,2026-02-02 00:41:11.663584,ELEC-day6,0.0,0.0,0.0,,,0,0,0,0,0,0,0,0
,,,,,,100,2026-02-02 00:41:11.663584,ELEC-F,0.0,0.0,0.0,,,0,0,0,0,0,0,0,0
5.0,1.0,89.0,,TEMPERATURE Forecast for DAY 2,The average temperature tomorrow is forecasted to be between 28 and 36 degrees Celsius.,101,2026-02-02 00:41:12.697632,NG,2.11,2.09,2.13,800000.0,800000.0,0,0,0,0,0,0,0,0
4.0,1.0,1.0,,TEMPERATURE Forecast for DAY 2,The average temperature tomorrow is forecasted to be between 27 and 34 degrees Celsius.,101,2026-02-02 00:41:12.697632,ELEC-day2,0.0,0.0,0.0,,,0,0,0,0,0,0,0,0
3.0,1.0,1.0,,You are logged in as a DISTRIBUTOR,,101,2026-02-02 00:41:12.697632,ELEC-day3,0.0,0.0,0.0,,,0,0,0,0,0,0,0,0
2.0,1.0,1.0,,FINES,"The fine for open positions of ELEC-dayX at the end of the day is $20,000/contract.",101,2026-02-02 00:41:12.697632,ELEC-day4,0.0,0.0,0.0,,,0,0,0,0,0,0,0,0
1.0,1.0,1.0,,Welcome to the RITC2026 GBE Energy Electricity Trading Case - practice server,,101,2026-02-02 00:41:12.697632,ELEC-day5,0.0,0.0,0.0,,,0,0,0,0,0,0,0,0
,,,,,,101,2026-02-02 00:41:12.697632,ELEC-day6,0.0,0.0,0.0,,,0,0,0,0,0,0,0,0
,,,,,,101,2026-02-02 00:41:12.697632,ELEC-F,0.0,0.0,0.0,,,0,0,0,0,0,0,0,0
5.0,1.0,89.0,,TEMPERATURE Forecast for DAY 2,The average temperature tomorrow is forecasted to be between 28 and 36 degrees Celsius.,102,2026-02-02 00:41:13.728518,NG,2.11,2.09,2.13,800000.0,800000.0,0,0,0,0,0,0,0,0
4.0,1.0,1.0,,TEMPERATURE Forecast for DAY 2,The average temperature tomorrow is forecasted to be between 27 and 34 degrees Celsius.,102,2026-02-02 00:41:13.728518,ELEC-day2,0.0,0.0,0.0,,,0,0,0,0,0,0,0,0
3.0,1.0,1.0,,You are logged in as a DISTRIBUTOR,,102,2026-02-02 00:41:13.728518,ELEC-day3,0.0,0.0,0.0,,,0,0,0,0,0,0,0,0
2.0,1.0,1.0,,FINES,"The fine for open positions of ELEC-dayX at the end of the day is $20,000/contract.",102,2026-02-02 00:41:13.728518,ELEC-day4,0.0,0.0,0.0,,,0,0,0,0,0,0,0,0
1.0,1.0,1.0,,Welcome to the RITC2026 GBE Energy Electricity Trading Case - practice server,,102,2026-02-02 00:41:13.728518,ELEC-day5,0.0,0.0,0.0,,,0,0,0,0,0,0,0,0
,,,,,,102,2026-02-02 00:41:13.728518,ELEC-day6,0.0,0.0,0.0,,,0,0,0,0,0,0,0,0
,,,,,,102,2026-02-02 00:41:13.728518,ELEC-F,0.0,0.0,0.0,,,0,0,0,0,0,0,0,0
5.0,1.0,89.0,,TEMPERATURE Forecast for DAY 2,The average temperature tomorrow is forecasted to be between 28 and 36 degrees Celsius.,103,2026-02-02 00:41:14.767280,NG,2.12,2.1,2.14,800000.0,800000.0,0,0,0,0,0,0,0,0
4.0,1.0,1.0,,TEMPERATURE Forecast for DAY 2,The average temperature tomorrow is forecasted to be between 27 and 34 degrees Celsius.,103,2026-02-02 00:41:14.767280,ELEC-day2,0.0,0.0,0.0,,,0,0,0,0,0,0,0,0
3.0,1.0,1.0,,You are logged in as a DISTRIBUTOR,,103,2026-02-02 00:41:14.767280,ELEC-day3,0.0,0.0,0.0,,,0,0,0,0,0,0,0,0
2.0,1.0,1.0,,FINES,"The fine for open positions of ELEC-dayX at the end of the day is $20,000/contract.",103,2026-02-02 00:41:14.767280,ELEC-day4,0.0,0.0,0.0,,,0,0,0,0,0,0,0,0
1.0,1.0,1.0,,Welcome to the RITC2026 GBE Energy Electricity Trading Case - practice server,,103,2026-02-02 00:41:14.767280,ELEC-day5,0.0,0.0,0.0,,,0,0,0,0,0,0,0,0
,,,,,,103,2026-02-02 00:41:14.767280,ELEC-day6,0.0,0.0,0.0,,,0,0,0,0,0,0,0,0
,,,,,,103,2026-02-02 00:41:14.767280,ELEC-F,0.0,0.0,0.0,,,0,0,0,0,0,0,0,0
5.0,1.0,89.0,,TEMPERATURE Forecast for DAY 2,The average temperature tomorrow is forecasted to be between 28 and 36 degrees Celsius.,104,2026-02-02 00:41:15.802617,NG,2.12,2.1,2.14,800000.0,800000.0,0,0,0,0,0,0,0,0
4.0,1.0,1.0,,TEMPERATURE Forecast for DAY 2,The average temperature tomorrow is forecasted to be between 27 and 34 degrees Celsius.,104,2026-02-02 00:41:15.802617,ELEC-day2,0.0,0.0,0.0,,,0,0,0,0,0,0,0,0
3.0,1.0,1.0,,You are logged in as a DISTRIBUTOR,,104,2026-02-02 00:41:15.802617,ELEC-day3,0.0,0.0,0.0,,,0,0,0,0,0,0,0,0
2.0,1.0,1.0,,FINES,"The fine for open positions of ELEC-dayX at the end of the day is $20,000/contract.",104,2026-02-02 00:41:15.802617,ELEC-day4,0.0,0.0,0.0,,,0,0,0,0,0,0,0,0
1.0,1.0,1.0,,Welcome to the RITC2026 GBE Energy Electricity Trading Case - practice server,,104,2026-02-02 00:41:15.802617,ELEC-day5,0.0,0.0,0.0,,,0,0,0,0,0,0,0,0
,,,,,,104,2026-02-02 00:41:15.802617,ELEC-day6,0.0,0.0,0.0,,,0,0,0,0,0,0,0,0
,,,,,,104,2026-02-02 00:41:15.802617,ELEC-F,0.0,0.0,0.0,,,0,0,0,0,0,0,0,0
5.0,1.0,89.0,,TEMPERATURE Forecast for DAY 2,The average temperature tomorrow is forecasted to be between 28 and 36 degrees Celsius.,105,2026-02-02 00:41:16.831877,NG,2.13,2.11,2.15,800000.0,800000.0,0,0,0,0,0,0,0,0
4.0,1.0,1.0,,TEMPERATURE Forecast for DAY 2,The average temperature tomorrow is forecasted to be between 27 and 34 degrees Celsius.,105,2026-02-02 00:41:16.831877,ELEC-day2,0.0,0.0,0.0,,,0,0,0,0,0,0,0,0
3.0,1.0,1.0,,You are logged in as a DISTRIBUTOR,,105,2026-02-02 00:41:16.831877,ELEC-day3,0.0,0.0,0.0,,,0,0,0,0,0,0,0,0
2.0,1.0,1.0,,FINES,"The fine for open positions of ELEC-dayX at the end of the day is $20,000/contract.",105,2026-02-02 00:41:16.831877,ELEC-day4,0.0,0.0,0.0,,,0,0,0,0,0,0,0,0
1.0,1.0,1.0,,Welcome to the RITC2026 GBE Energy Electricity Trading Case - practice server,,105,2026-02-02 00:41:16.831877,ELEC-day5,0.0,0.0,0.0,,,0,0,0,0,0,0,0,0
,,,,,,105,2026-02-02 00:41:16.831877,ELEC-day6,0.0,0.0,0.0,,,0,0,0,0,0,0,0,0
,,,,,,105,2026-02-02 00:41:16.831877,ELEC-F,0.0,0.0,0.0,,,0,0,0,0,0,0,0,0
5.0,1.0,89.0,,TEMPERATURE Forecast for DAY 2,The average temperature tomorrow is forecasted to be between 28 and 36 degrees Celsius.,106,2026-02-02 00:41:17.869097,NG,2.13,2.11,2.15,800000.0,800000.0,0,0,0,0,0,0,0,0
4.0,1.0,1.0,,TEMPERATURE Forecast for DAY 2,The average temperature tomorrow is forecasted to be between 27 and 34 degrees Celsius.,106,2026-02-02 00:41:17.869097,ELEC-day2,0.0,0.0,0.0,,,0,0,0,0,0,0,0,0
3.0,1.0,1.0,,You are logged in as a DISTRIBUTOR,,106,2026-02-02 00:41:17.869097,ELEC-day3,0.0,0.0,0.0,,,0,0,0,0,0,0,0,0
2.0,1.0,1.0,,FINES,"The fine for open positions of ELEC-dayX at the end of the day is $20,000/contract.",106,2026-02-02 00:41:17.869097,ELEC-day4,0.0,0.0,0.0,,,0,0,0,0,0,0,0,0
1.0,1.0,1.0,,Welcome to the RITC2026 GBE Energy Electricity Trading Case - practice server,,106,2026-02-02 00:41:17.869097,ELEC-day5,0.0,0.0,0.0,,,0,0,0,0,0,0,0,0
,,,,,,106,2026-02-02 00:41:17.869097,ELEC-day6,0.0,0.0,0.0,,,0,0,0,0,0,0,0,0
,,,,,,106,2026-02-02 00:41:17.869097,ELEC-F,0.0,0.0,0.0,,,0,0,0,0,0,0,0,0
5.0,1.0,89.0,,TEMPERATURE Forecast for DAY 2,The average temperature tomorrow is forecasted to be between 28 and 36 degrees Celsius.,107,2026-02-02 00:41:18.895111,NG,2.13,2.11,2.15,800000.0,800000.0,0,0,0,0,0,0,0,0
4.0,1.0,1.0,,TEMPERATURE Forecast for DAY 2,The average temperature tomorrow is forecasted to be between 27 and 34 degrees Celsius.,107,2026-02-02 00:41:18.895111,ELEC-day2,0.0,0.0,0.0,,,0,0,0,0,0,0,0,0
3.0,1.0,1.0,,You are logged in as a DISTRIBUTOR,,107,2026-02-02 00:41:18.895111,ELEC-day3,0.0,0.0,0.0,,,0,0,0,0,0,0,0,0
2.0,1.0,1.0,,FINES,"The fine for open positions of ELEC-dayX at the end of the day is $20,000/contract.",107,2026-02-02 00:41:18.895111,ELEC-day4,0.0,0.0,0.0,,,0,0,0,0,0,0,0,0
1.0,1.0,1.0,,Welcome to the RITC2026 GBE Energy Electricity Trading Case - practice server,,107,2026-02-02 00:41:18.895111,ELEC-day5,0.0,0.0,0.0,,,0,0,0,0,0,0,0,0
,,,,,,107,2026-02-02 00:41:18.895111,ELEC-day6,0.0,0.0,0.0,,,0,0,0,0,0,0,0,0
,,,,,,107,2026-02-02 00:41:18.895111,ELEC-F,0.0,0.0,0.0,,,0,0,0,0,0,0,0,0
5.0,1.0,89.0,,TEMPERATURE Forecast for DAY 2,The average temperature tomorrow is forecasted to be between 28 and 36 degrees Celsius.,108,2026-02-02 00:41:19.929433,NG,2.12,2.1,2.14,800000.0,800000.0,0,0,0,0,0,0,0,0
4.0,1.0,1.0,,TEMPERATURE Forecast for DAY 2,The average temperature tomorrow is forecasted to be between 27 and 34 degrees Celsius.,108,2026-02-02 00:41:19.929433,ELEC-day2,0.0,0.0,0.0,,,0,0,0,0,0,0,0,0
3.0,1.0,1.0,,You are logged in as a DISTRIBUTOR,,108,2026-02-02 00:41:19.929433,ELEC-day3,0.0,0.0,0.0,,,0,0,0,0,0,0,0,0
2.0,1.0,1.0,,FINES,"The fine for open positions of ELEC-dayX at the end of the day is $20,000/contract.",108,2026-02-02 00:41:19.929433,ELEC-day4,0.0,0.0,0.0,,,0,0,0,0,0,0,0,0
1.0,1.0,1.0,,Welcome to the RITC2026 GBE Energy Electricity Trading Case - practice server,,108,2026-02-02 00:41:19.929433,ELEC-day5,0.0,0.0,0.0,,,0,0,0,0,0,0,0,0
,,,,,,108,2026-02-02 00:41:19.929433,ELEC-day6,0.0,0.0,0.0,,,0,0,0,0,0,0,0,0
,,,,,,108,2026-02-02 00:41:19.929433,ELEC-F,0.0,0.0,0.0,,,0,0,0,0,0,0,0,0
5.0,1.0,89.0,,TEMPERATURE Forecast for DAY 2,The average temperature tomorrow is forecasted to be between 28 and 36 degrees Celsius.,109,2026-02-02 00:41:20.962843,NG,2.11,2.09,2.13,800000.0,800000.0,0,0,0,0,0,0,0,0
4.0,1.0,1.0,,TEMPERATURE Forecast for DAY 2,The average temperature tomorrow is forecasted to be between 27 and 34 degrees Celsius.,109,2026-02-02 00:41:20.962843,ELEC-day2,0.0,0.0,0.0,,,0,0,0,0,0,0,0,0
3.0,1.0,1.0,,You are logged in as a DISTRIBUTOR,,109,2026-02-02 00:41:20.962843,ELEC-day3,0.0,0.0,0.0,,,0,0,0,0,0,0,0,0
2.0,1.0,1.0,,FINES,"The fine for open positions of ELEC-dayX at the end of the day is $20,000/contract.",109,2026-02-02 00:41:20.962843,ELEC-day4,0.0,0.0,0.0,,,0,0,0,0,0,0,0,0
1.0,1.0,1.0,,Welcome to the RITC2026 GBE Energy Electricity Trading Case - practice server,,109,2026-02-02 00:41:20.962843,ELEC-day5,0.0,0.0,0.0,,,0,0,0,0,0,0,0,0
,,,,,,109,2026-02-02 00:41:20.962843,ELEC-day6,0.0,0.0,0.0,,,0,0,0,0,0,0,0,0
,,,,,,109,2026-02-02 00:41:20.962843,ELEC-F,0.0,0.0,0.0,,,0,0,0,0,0,0,0,0
5.0,1.0,89.0,,TEMPERATURE Forecast for DAY 2,The average temperature tomorrow is forecasted to be between 28 and 36 degrees Celsius.,110,2026-02-02 00:41:21.998498,NG,2.11,2.09,2.13,800000.0,800000.0,0,0,0,0,0,0,0,0
4.0,1.0,1.0,,TEMPERATURE Forecast for DAY 2,The average temperature tomorrow is forecasted to be between 27 and 34 degrees Celsius.,110,2026-02-02 00:41:21.998498,ELEC-day2,0.0,0.0,0.0,,,0,0,0,0,0,0,0,0
3.0,1.0,1.0,,You are logged in as a DISTRIBUTOR,,110,2026-02-02 00:41:21.998498,ELEC-day3,0.0,0.0,0.0,,,0,0,0,0,0,0,0,0
2.0,1.0,1.0,,FINES,"The fine for open positions of ELEC-dayX at the end of the day is $20,000/contract.",110,2026-02-02 00:41:21.998498,ELEC-day4,0.0,0.0,0.0,,,0,0,0,0,0,0,0,0
1.0,1.0,1.0,,Welcome to the RITC2026 GBE Energy Electricity Trading Case - practice server,,110,2026-02-02 00:41:21.998498,ELEC-day5,0.0,0.0,0.0,,,0,0,0,0,0,0,0,0
,,,,,,110,2026-02-02 00:41:21.998498,ELEC-day6,0.0,0.0,0.0,,,0,0,0,0,0,0,0,0
,,,,,,110,2026-02-02 00:41:21.998498,ELEC-F,0.0,0.0,0.0,,,0,0,0,0,0,0,0,0
5.0,1.0,89.0,,TEMPERATURE Forecast for DAY 2,The average temperature tomorrow is forecasted to be between 28 and 36 degrees Celsius.,111,2026-02-02 00:41:23.034794,NG,2.11,2.09,2.13,800000.0,800000.0,0,0,0,0,0,0,0,0
4.0,1.0,1.0,,TEMPERATURE Forecast for DAY 2,The average temperature tomorrow is forecasted to be between 27 and 34 degrees Celsius.,111,2026-02-02 00:41:23.034794,ELEC-day2,0.0,0.0,0.0,,,0,0,0,0,0,0,0,0
3.0,1.0,1.0,,You are logged in as a DISTRIBUTOR,,111,2026-02-02 00:41:23.034794,ELEC-day3,0.0,0.0,0.0,,,0,0,0,0,0,0,0,0
2.0,1.0,1.0,,FINES,"The fine for open positions of ELEC-dayX at the end of the day is $20,000/contract.",111,2026-02-02 00:41:23.034794,ELEC-day4,0.0,0.0,0.0,,,0,0,0,0,0,0,0,0
1.0,1.0,1.0,,Welcome to the RITC2026 GBE Energy Electricity Trading Case - practice server,,111,2026-02-02 00:41:23.034794,ELEC-day5,0.0,0.0,0.0,,,0,0,0,0,0,0,0,0
,,,,,,111,2026-02-02 00:41:23.034794,ELEC-day6,0.0,0.0,0.0,,,0,0,0,0,0,0,0,0
,,,,,,111,2026-02-02 00:41:23.034794,ELEC-F,0.0,0.0,0.0,,,0,0,0,0,0,0,0,0
5.0,1.0,89.0,,TEMPERATURE Forecast for DAY 2,The average temperature tomorrow is forecasted to be between 28 and 36 degrees Celsius.,112,2026-02-02 00:41:24.064165,NG,2.11,2.09,2.13,800000.0,800000.0,0,0,0,0,0,0,0,0
4.0,1.0,1.0,,TEMPERATURE Forecast for DAY 2,The average temperature tomorrow is forecasted to be between 27 and 34 degrees Celsius.,112,2026-02-02 00:41:24.064165,ELEC-day2,0.0,0.0,0.0,,,0,0,0,0,0,0,0,0
