news_id,period,tick,ticker,headline,body,tick,timestamp,ticker,last_price,bid_price,ask_price,BUY_ANON,SELL_ANON,BUY_LUIS-T1,SELL_LUIS-T2,BUY_LUIS-T2,SELL_LUIS-T1
4.0,1.0,1.0,,TEMPERATURE Forecast for DAY 2,The average temperature tomorrow is forecasted to be between 8 and 18 degrees Celsius.,2,2026-02-01 06:30:54.023026,NG,2.2,2.18,2.22,800000.0,800000.0,0,0,0,0
3.0,1.0,1.0,,You are logged in as a DISTRIBUTOR,,2,2026-02-01 06:30:54.023026,ELEC-day2,0.0,0.0,0.0,,,0,0,0,0
2.0,1.0,1.0,,FINES,"The fine for open positions of ELEC-dayX at the end of the day is $20,000/contract.",2,2026-02-01 06:30:54.023026,ELEC-day3,0.0,0.0,0.0,,,0,0,0,0
1.0,1.0,1.0,,Welcome to the RITC2026 GBE Energy Electricity Trading Case - practice server,,2,2026-02-01 06:30:54.023026,ELEC-day4,0.0,0.0,0.0,,,0,0,0,0
,,,,,,2,2026-02-01 06:30:54.023026,ELEC-day5,0.0,0.0,0.0,,,0,0,0,0
,,,,,,2,2026-02-01 06:30:54.023026,ELEC-day6,0.0,0.0,0.0,,,0,0,0,0
,,,,,,2,2026-02-01 06:30:54.023026,ELEC-F,0.0,0.0,0.0,,,0,0,0,0
4.0,1.0,1.0,,TEMPERATURE Forecast for DAY 2,The average temperature tomorrow is forecasted to be between 8 and 18 degrees Celsius.,3,2026-02-01 06:30:55.052734,NG,2.2,2.18,2.22,800000.0,800000.0,0,0,0,0
3.0,1.0,1.0,,You are logged in as a DISTRIBUTOR,,3,2026-02-01 06:30:55.052734,ELEC-day2,0.0,0.0,0.0,,,0,0,0,0
2.0,1.0,1.0,,FINES,"The fine for open positions of ELEC-dayX at the end of the day is $20,000/contract.",3,2026-02-01 06:30:55.052734,ELEC-day3,0.0,0.0,0.0,,,0,0,0,0
1.0,1.0,1.0,,Welcome to the RITC2026 GBE Energy Electricity Trading Case - practice server,,3,2026-02-01 06:30:55.052734,ELEC-day4,0.0,0.0,0.0,,,0,0,0,0
,,,,,,3,2026-02-01 06:30:55.052734,ELEC-day5,0.0,0.0,0.0,,,0,0,0,0
,,,,,,3,2026-02-01 06:30:55.052734,ELEC-day6,0.0,0.0,0.0,,,0,0,0,0
,,,,,,3,2026-02-01 06:30:55.052734,ELEC-F,0.0,0.0,0.0,,,0,0,0,0
4.0,1.0,1.0,,TEMPERATURE Forecast for DAY 2,The average temperature tomorrow is forecasted to be between 8 and 18 degrees Celsius.,4,2026-02-01 06:30:56.090700,NG,2.2,2.18,2.22,800000.0,800000.0,0,0,0,0
3.0,1.0,1.0,,You are logged in as a DISTRIBUTOR,,4,2026-02-01 06:30:56.090700,ELEC-day2,0.0,0.0,0.0,,,0,0,0,0
2.0,1.0,1.0,,FINES,"The fine for open positions of ELEC-dayX at the end of the day is $20,000/contract.",4,2026-02-01 06:30:56.090700,ELEC-day3,0.0,0.0,0.0,,,0,0,0,0
1.0,1.0,1.0,,Welcome to the RITC2026 GBE Energy Electricity Trading Case - practice server,,4,2026-02-01 06:30:56.090700,ELEC-day4,0.0,0.0,0.0,,,0,0,0,0
,,,,,,4,2026-02-01 06:30:56.090700,ELEC-day5,0.0,0.0,0.0,,,0,0,0,0
,,,,,,4,2026-02-01 06:30:56.090700,ELEC-day6,0.0,0.0,0.0,,,0,0,0,0
,,,,,,4,2026-02-01 06:30:56.090700,ELEC-F,0.0,0.0,0.0,,,0,0,0,0
4.0,1.0,1.0,,TEMPERATURE Forecast for DAY 2,The average temperature tomorrow is forecasted to be between 8 and 18 degrees Celsius.,5,2026-02-01 06:30:57.123832,NG,2.2,2.18,2.22,800000.0,800000.0,0,0,0,0
3.0,1.0,1.0,,You are logged in as a DISTRIBUTOR,,5,2026-02-01 06:30:57.123832,ELEC-day2,0.0,0.0,0.0,,,0,0,0,0
2.0,1.0,1.0,,FINES,"The fine for open positions of ELEC-dayX at the end of the day is $20,000/contract.",5,2026-02-01 06:30:57.123832,ELEC-day3,0.0,0.0,0.0,,,0,0,0,0
1.0,1.0,1.0,,Welcome to the RITC2026 GBE Energy Electricity Trading Case - practice server,,5,2026-02-01 06:30:57.123832,ELEC-day4,0.0,0.0,0.0,,,0,0,0,0
,,,,,,5,2026-02-01 06:30:57.123832,ELEC-day5,0.0,0.0,0.0,,,0,0,0,0
,,,,,,5,2026-02-01 06:30:57.123832,ELEC-day6,0.0,0.0,0.0,,,0,0,0,0
,,,,,,5,2026-02-01 06:30:57.123832,ELEC-F,0.0,0.0,0.0,,,0,0,0,0
4.0,1.0,1.0,,TEMPERATURE Forecast for DAY 2,The average temperature tomorrow is forecasted to be between 8 and 18 degrees Celsius.,6,2026-02-01 06:30:58.141640,NG,2.19,2.17,2.21,800000.0,800000.0,0,0,0,0
3.0,1.0,1.0,,You are logged in as a DISTRIBUTOR,,6,2026-02-01 06:30:58.141640,ELEC-day2,0.0,0.0,0.0,,,0,0,0,0
2.0,1.0,1.0,,FINES,"The fine for open positions of ELEC-dayX at the end of the day is $20,000/contract.",6,2026-02-01 06:30:58.141640,ELEC-day3,0.0,0.0,0.0,,,0,0,0,0
1.0,1.0,1.0,,Welcome to the RITC2026 GBE Energy Electricity Trading Case - practice server,,6,2026-02-01 06:30:58.141640,ELEC-day4,0.0,0.0,0.0,,,0,0,0,0
,,,,,,6,2026-02-01 06:30:58.141640,ELEC-day5,0.0,0.0,0.0,,,0,0,0,0
,,,,,,6,2026-02-01 06:30:58.141640,ELEC-day6,0.0,0.0,0.0,,,0,0,0,0
,,,,,,6,2026-02-01 06:30:58.141640,ELEC-F,0.0,0.0,0.0,,,0,0,0,0
4.0,1.0,1.0,,TEMPERATURE Forecast for DAY 2,The average temperature tomorrow is forecasted to be between 8 and 18 degrees Celsius.,7,2026-02-01 06:30:59.164690,NG,2.19,2.17,2.21,800000.0,800000.0,0,0,0,0
3.0,1.0,1.0,,You are logged in as a DISTRIBUTOR,,7,2026-02-01 06:30:59.164690,ELEC-day2,0.0,0.0,0.0,,,0,0,0,0
2.0,1.0,1.0,,FINES,"The fine for open positions of ELEC-dayX at the end of the day is $20,000/contract.",7,2026-02-01 06:30:59.164690,ELEC-day3,0.0,0.0,0.0,,,0,0,0,0
1.0,1.0,1.0,,Welcome to the RITC2026 GBE Energy Electricity Trading Case - practice server,,7,2026-02-01 06:30:59.164690,ELEC-day4,0.0,0.0,0.0,,,0,0,0,0
,,,,,,7,2026-02-01 06:30:59.164690,ELEC-day5,0.0,0.0,0.0,,,0,0,0,0
,,,,,,7,2026-02-01 06:30:59.164690,ELEC-day6,0.0,0.0,0.0,,,0,0,0,0
,,,,,,7,2026-02-01 06:30:59.164690,ELEC-F,0.0,0.0,0.0,,,0,0,0,0
4.0,1.0,1.0,,TEMPERATURE Forecast for DAY 2,The average temperature tomorrow is forecasted to be between 8 and 18 degrees Celsius.,8,2026-02-01 06:31:00.177667,NG,2.19,2.17,2.21,800000.0,800000.0,0,0,0,0
3.0,1.0,1.0,,You are logged in as a DISTRIBUTOR,,8,2026-02-01 06:31:00.177667,ELEC-day2,0.0,0.0,0.0,,,0,0,0,0
2.0,1.0,1.0,,FINES,"The fine for open positions of ELEC-dayX at the end of the day is $20,000/contract.",8,2026-02-01 06:31:00.177667,ELEC-day3,0.0,0.0,0.0,,,0,0,0,0
1.0,1.0,1.0,,Welcome to the RITC2026 GBE Energy Electricity Trading Case - practice server,,8,2026-02-01 06:31:00.177667,ELEC-day4,0.0,0.0,0.0,,,0,0,0,0
,,,,,,8,2026-02-01 06:31:00.177667,ELEC-day5,0.0,0.0,0.0,,,0,0,0,0
,,,,,,8,2026-02-01 06:31:00.177667,ELEC-day6,0.0,0.0,0.0,,,0,0,0,0
,,,,,,8,2026-02-01 06:31:00.177667,ELEC-F,0.0,0.0,0.0,,,0,0,0,0
4.0,1.0,1.0,,TEMPERATURE Forecast for DAY 2,The average temperature tomorrow is forecasted to be between 8 and 18 degrees Celsius.,9,2026-02-01 06:31:01.210641,NG,2.19,2.17,2.21,800000.0,800000.0,0,0,0,0
3.0,1.0,1.0,,You are logged in as a DISTRIBUTOR,,9,2026-02-01 06:31:01.210641,ELEC-day2,0.0,0.0,0.0,,,0,0,0,0
2.0,1.0,1.0,,FINES,"The fine for open positions of ELEC-dayX at the end of the day is $20,000/contract.",9,2026-02-01 06:31:01.210641,ELEC-day3,0.0,0.0,0.0,,,0,0,0,0
1.0,1.0,1.0,,Welcome to the RITC2026 GBE Energy Electricity Trading Case - practice server,,9,2026-02-01 06:31:01.210641,ELEC-day4,0.0,0.0,0.0,,,0,0,0,0
,,,,,,9,2026-02-01 06:31:01.210641,ELEC-day5,0.0,0.0,0.0,,,0,0,0,0
,,,,,,9,2026-02-01 06:31:01.210641,ELEC-day6,0.0,0.0,0.0,,,0,0,0,0
,,,,,,9,2026-02-01 06:31:01.210641,ELEC-F,0.0,0.0,0.0,,,0,0,0,0
4.0,1.0,1.0,,TEMPERATURE Forecast for DAY 2,The average temperature tomorrow is forecasted to be between 8 and 18 degrees Celsius.,10,2026-02-01 06:31:02.244270,NG,2.19,2.17,2.21,800000.0,800000.0,0,0,0,0
3.0,1.0,1.0,,You are logged in as a DISTRIBUTOR,,10,2026-02-01 06:31:02.244270,ELEC-day2,0.0,0.0,0.0,,,0,0,0,0
2.0,1.0,1.0,,FINES,"The fine for open positions of ELEC-dayX at the end of the day is $20,000/contract.",10,2026-02-01 06:31:02.244270,ELEC-day3,0.0,0.0,0.0,,,0,0,0,0
1.0,1.0,1.0,,Welcome to the RITC2026 GBE Energy Electricity Trading Case - practice server,,10,2026-02-01 06:31:02.244270,ELEC-day4,0.0,0.0,0.0,,,0,0,0,0
,,,,,,10,2026-02-01 06:31:02.244270,ELEC-day5,0.0,0.0,0.0,,,0,0,0,0
,,,,,,10,2026-02-01 06:31:02.244270,ELEC-day6,0.0,0.0,0.0,,,0,0,0,0
,,,,,,10,2026-02-01 06:31:02.244270,ELEC-F,0.0,0.0,0.0,,,0,0,0,0
4.0,1.0,1.0,,TEMPERATURE Forecast for DAY 2,The average temperature tomorrow is forecasted to be between 8 and 18 degrees Celsius.,11,2026-02-01 06:31:03.276144,NG,2.17,2.15,2.19,800000.0,800000.0,0,0,0,0
3.0,1.0,1.0,,You are logged in as a DISTRIBUTOR,,11,2026-02-01 06:31:03.276144,ELEC-day2,0.0,0.0,0.0,,,0,0,0,0
2.0,1.0,1.0,,FINES,"The fine for open positions of ELEC-dayX at the end of the day is $20,000/contract.",11,2026-02-01 06:31:03.276144,ELEC-day3,0.0,0.0,0.0,,,0,0,0,0
1.0,1.0,1.0,,Welcome to the RITC2026 GBE Energy Electricity Trading Case - practice server,,11,2026-02-01 06:31:03.276144,ELEC-day4,0.0,0.0,0.0,,,0,0,0,0
,,,,,,11,2026-02-01 06:31:03.276144,ELEC-day5,0.0,0.0,0.0,,,0,0,0,0
,,,,,,11,2026-02-01 06:31:03.276144,ELEC-day6,0.0,0.0,0.0,,,0,0,0,0
,,,,,,11,2026-02-01 06:31:03.276144,ELEC-F,0.0,0.0,0.0,,,0,0,0,0
4.0,1.0,1.0,,TEMPERATURE Forecast for DAY 2,The average temperature tomorrow is forecasted to be between 8 and 18 degrees Celsius.,12,2026-02-01 06:31:04.303718,NG,2.17,2.15,2.19,800000.0,800000.0,0,0,0,0
3.0,1.0,1.0,,You are logged in as a DISTRIBUTOR,,12,2026-02-01 06:31:04.303718,ELEC-day2,0.0,0.0,0.0,,,0,0,0,0
2.0,1.0,1.0,,FINES,"The fine for open positions of ELEC-dayX at the end of the day is $20,000/contract.",12,2026-02-01 06:31:04.303718,ELEC-day3,0.0,0.0,0.0,,,0,0,0,0
1.0,1.0,1.0,,Welcome to the RITC2026 GBE Energy Electricity Trading Case - practice server,,12,2026-02-01 06:31:04.303718,ELEC-day4,0.0,0.0,0.0,,,0,0,0,0
,,,,,,12,2026-02-01 06:31:04.303718,ELEC-day5,0.0,0.0,0.0,,,0,0,0,0
,,,,,,12,2026-02-01 06:31:04.303718,ELEC-day6,0.0,0.0,0.0,,,0,0,0,0
,,,,,,12,2026-02-01 06:31:04.303718,ELEC-F,0.0,0.0,0.0,,,0,0,0,0
4.0,1.0,1.0,,TEMPERATURE Forecast for DAY 2,The average temperature tomorrow is forecasted to be between 8 and 18 degrees Celsius.,13,2026-02-01 06:31:05.336278,NG,2.16,2.14,2.18,800000.0,800000.0,0,0,0,0
3.0,1.0,1.0,,You are logged in as a DISTRIBUTOR,,13,2026-02-01 06:31:05.336278,ELEC-day2,0.0,0.0,0.0,,,0,0,0,0
2.0,1.0,1.0,,FINES,"The fine for open positions of ELEC-dayX at the end of the day is $20,000/contract.",13,2026-02-01 06:31:05.336278,ELEC-day3,0.0,0.0,0.0,,,0,0,0,0
1.0,1.0,1.0,,Welcome to the RITC2026 GBE Energy Electricity Trading Case - practice server,,13,2026-02-01 06:31:05.336278,ELEC-day4,0.0,0.0,0.0,,,0,0,0,0
,,,,,,13,2026-02-01 06:31:05.336278,ELEC-day5,0.0,0.0,0.0,,,0,0,0,0
,,,,,,13,2026-02-01 06:31:05.336278,ELEC-day6,0.0,0.0,0.0,,,0,0,0,0
,,,,,,13,2026-02-01 06:31:05.336278,ELEC-F,0.0,0.0,0.0,,,0,0,0,0
4.0,1.0,1.0,,TEMPERATURE Forecast for DAY 2,The average temperature tomorrow is forecasted to be between 8 and 18 degrees Celsius.,14,2026-02-01 06:31:06.365566,NG,2.16,2.14,2.18,800000.0,800000.0,0,0,0,0
3.0,1.0,1.0,,You are logged in as a DISTRIBUTOR,,14,2026-02-01 06:31:06.365566,ELEC-day2,0.0,0.0,0.0,,,0,0,0,0
2.0,1.0,1.0,,FINES,"The fine for open positions of ELEC-dayX at the end of the day is $20,000/contract.",14,2026-02-01 06:31:06.365566,ELEC-day3,0.0,0.0,0.0,,,0,0,0,0
1.0,1.0,1.0,,Welcome to the RITC2026 GBE Energy Electricity Trading Case - practice server,,14,2026-02-01 06:31:06.365566,ELEC-day4,0.0,0.0,0.0,,,0,0,0,0
,,,,,,14,2026-02-01 06:31:06.365566,ELEC-day5,0.0,0.0,0.0,,,0,0,0,0
,,,,,,14,2026-02-01 06:31:06.365566,ELEC-day6,0.0,0.0,0.0,,,0,0,0,0
,,,,,,14,2026-02-01 06:31:06.365566,ELEC-F,0.0,0.0,0.0,,,0,0,0,0
4.0,1.0,1.0,,TEMPERATURE Forecast for DAY 2,The average temperature tomorrow is forecasted to be between 8 and 18 degrees Celsius.,15,2026-02-01 06:31:07.394266,NG,2.16,2.14,2.18,800000.0,800000.0,0,0,0,0
3.0,1.0,1.0,,You are logged in as a DISTRIBUTOR,,15,2026-02-01 06:31:07.394266,ELEC-day2,0.0,0.0,0.0,,,0,0,0,0
2.0,1.0,1.0,,FINES,"The fine for open positions of ELEC-dayX at the end of the day is $20,000/contract.",15,2026-02-01 06:31:07.394266,ELEC-day3,0.0,0.0,0.0,,,0,0,0,0
1.0,1.0,1.0,,Welcome to the RITC2026 GBE Energy Electricity Trading Case - practice server,,15,2026-02-01 06:31:07.394266,ELEC-day4,0.0,0.0,0.0,,,0,0,0,0
,,,,,,15,2026-02-01 06:31:07.394266,ELEC-day5,0.0,0.0,0.0,,,0,0,0,0
,,,,,,15,2026-02-01 06:31:07.394266,ELEC-day6,0.0,0.0,0.0,,,0,0,0,0
,,,,,,15,2026-02-01 06:31:07.394266,ELEC-F,0.0,0.0,0.0,,,0,0,0,0
4.0,1.0,1.0,,TEMPERATURE Forecast for DAY 2,The average temperature tomorrow is forecasted to be between 8 and 18 degrees Celsius.,16,2026-02-01 06:31:08.419704,NG,2.16,2.14,2.18,800000.0,800000.0,0,0,0,0
3.0,1.0,1.0,,You are logged in as a DISTRIBUTOR,,16,2026-02-01 06:31:08.419704,ELEC-day2,0.0,0.0,0.0,,,0,0,0,0
2.0,1.0,1.0,,FINES,"The fine for open positions of ELEC-dayX at the end of the day is $20,000/contract.",16,2026-02-01 06:31:08.419704,ELEC-day3,0.0,0.0,0.0,,,0,0,0,0
1.0,1.0,1.0,,Welcome to the RITC2026 GBE Energy Electricity Trading Case - practice server,,16,2026-02-01 06:31:08.419704,ELEC-day4,0.0,0.0,0.0,,,0,0,0,0
,,,,,,16,2026-02-01 06:31:08.419704,ELEC-day5,0.0,0.0,0.0,,,0,0,0,0
,,,,,,16,2026-02-01 06:31:08.419704,ELEC-day6,0.0,0.0,0.0,,,0,0,0,0
,,,,,,16,2026-02-01 06:31:08.419704,ELEC-F,0.0,0.0,0.0,,,0,0,0,0
4.0,1.0,1.0,,TEMPERATURE Forecast for DAY 2,The average temperature tomorrow is forecasted to be between 8 and 18 degrees Celsius.,17,2026-02-01 06:31:09.452119,NG,2.17,2.15,2.19,800000.0,800000.0,0,0,0,0
3.0,1.0,1.0,,You are logged in as a DISTRIBUTOR,,17,2026-02-01 06:31:09.452119,ELEC-day2,0.0,0.0,0.0,,,0,0,0,0
2.0,1.0,1.0,,FINES,"The fine for open positions of ELEC-dayX at the end of the day is $20,000/contract.",17,2026-02-01 06:31:09.452119,ELEC-day3,0.0,0.0,0.0,,,0,0,0,0
1.0,1.0,1.0,,Welcome to the RITC2026 GBE Energy Electricity Trading Case - practice server,,17,2026-02-01 06:31:09.452119,ELEC-day4,0.0,0.0,0.0,,,0,0,0,0
,,,,,,17,2026-02-01 06:31:09.452119,ELEC-day5,0.0,0.0,0.0,,,0,0,0,0
,,,,,,17,2026-02-01 06:31:09.452119,ELEC-day6,0.0,0.0,0.0,,,0,0,0,0
,,,,,,17,2026-02-01 06:31:09.452119,ELEC-F,0.0,0.0,0.0,,,0,0,0,0
4.0,1.0,1.0,,TEMPERATURE Forecast for DAY 2,The average temperature tomorrow is forecasted to be between 8 and 18 degrees Celsius.,18,2026-02-01 06:31:10.487362,NG,2.16,2.14,2.18,800000.0,800000.0,0,0,0,0
3.0,1.0,1.0,,You are logged in as a DISTRIBUTOR,,18,2026-02-01 06:31:10.487362,ELEC-day2,0.0,0.0,0.0,,,0,0,0,0
2.0,1.0,1.0,,FINES,"The fine for open positions of ELEC-dayX at the end of the day is $20,000/contract.",18,2026-02-01 06:31:10.487362,ELEC-day3,0.0,0.0,0.0,,,0,0,0,0
1.0,1.0,1.0,,Welcome to the RITC2026 GBE Energy Electricity Trading Case - practice server,,18,2026-02-01 06:31:10.487362,ELEC-day4,0.0,0.0,0.0,,,0,0,0,0
,,,,,,18,2026-02-01 06:31:10.487362,ELEC-day5,0.0,0.0,0.0,,,0,0,0,0
,,,,,,18,2026-02-01 06:31:10.487362,ELEC-day6,0.0,0.0,0.0,,,0,0,0,0
,,,,,,18,2026-02-01 06:31:10.487362,ELEC-F,0.0,0.0,0.0,,,0,0,0,0
4.0,1.0,1.0,,TEMPERATURE Forecast for DAY 2,The average temperature tomorrow is forecasted to be between 8 and 18 degrees Celsius.,19,2026-02-01 06:31:11.520403,NG,2.16,2.14,2.18,800000.0,800000.0,0,0,0,0
3.0,1.0,1.0,,You are logged in as a DISTRIBUTOR,,19,2026-02-01 06:31:11.520403,ELEC-day2,0.0,0.0,0.0,,,0,0,0,0
2.0,1.0,1.0,,FINES,"The fine for open positions of ELEC-dayX at the end of the day is $20,000/contract.",19,2026-02-01 06:31:11.520403,ELEC-day3,0.0,0.0,0.0,,,0,0,0,0
1.0,1.0,1.0,,Welcome to the RITC2026 GBE Energy Electricity Trading Case - practice server,,19,2026-02-01 06:31:11.520403,ELEC-day4,0.0,0.0,0.0,,,0,0,0,0
,,,,,,19,2026-02-01 06:31:11.520403,ELEC-day5,0.0,0.0,0.0,,,0,0,0,0
,,,,,,19,2026-02-01 06:31:11.520403,ELEC-day6,0.0,0.0,0.0,,,0,0,0,0
,,,,,,19,2026-02-01 06:31:11.520403,ELEC-F,0.0,0.0,0.0,,,0,0,0,0
4.0,1.0,1.0,,TEMPERATURE Forecast for DAY 2,The average temperature tomorrow is forecasted to be between 8 and 18 degrees Celsius.,20,2026-02-01 06:31:12.558222,NG,2.15,2.13,2.17,800000.0,800000.0,0,0,0,0
3.0,1.0,1.0,,You are logged in as a DISTRIBUTOR,,20,2026-02-01 06:31:12.558222,ELEC-day2,0.0,0.0,0.0,,,0,0,0,0
2.0,1.0,1.0,,FINES,"The fine for open positions of ELEC-dayX at the end of the day is $20,000/contract.",20,2026-02-01 06:31:12.558222,ELEC-day3,0.0,0.0,0.0,,,0,0,0,0
1.0,1.0,1.0,,Welcome to the RITC2026 GBE Energy Electricity Trading Case - practice server,,20,2026-02-01 06:31:12.558222,ELEC-day4,0.0,0.0,0.0,,,0,0,0,0
,,,,,,20,2026-02-01 06:31:12.558222,ELEC-day5,0.0,0.0,0.0,,,0,0,0,0
,,,,,,20,2026-02-01 06:31:12.558222,ELEC-day6,0.0,0.0,0.0,,,0,0,0,0
,,,,,,20,2026-02-01 06:31:12.558222,ELEC-F,0.0,0.0,0.0,,,0,0,0,0
4.0,1.0,1.0,,TEMPERATURE Forecast for DAY 2,The average temperature tomorrow is forecasted to be between 8 and 18 degrees Celsius.,21,2026-02-01 06:31:13.586924,NG,2.15,2.13,2.17,800000.0,800000.0,0,0,0,0
3.0,1.0,1.0,,You are logged in as a DISTRIBUTOR,,21,2026-02-01 06:31:13.586924,ELEC-day2,0.0,0.0,0.0,,,0,0,0,0
2.0,1.0,1.0,,FINES,"The fine for open positions of ELEC-dayX at the end of the day is $20,000/contract.",21,2026-02-01 06:31:13.586924,ELEC-day3,0.0,0.0,0.0,,,0,0,0,0
1.0,1.0,1.0,,Welcome to the RITC2026 GBE Energy Electricity Trading Case - practice server,,21,2026-02-01 06:31:13.586924,ELEC-day4,0.0,0.0,0.0,,,0,0,0,0
,,,,,,21,2026-02-01 06:31:13.586924,ELEC-day5,0.0,0.0,0.0,,,0,0,0,0
,,,,,,21,2026-02-01 06:31:13.586924,ELEC-day6,0.0,0.0,0.0,,,0,0,0,0
,,,,,,21,2026-02-01 06:31:13.586924,ELEC-F,0.0,0.0,0.0,,,0,0,0,0
4.0,1.0,1.0,,TEMPERATURE Forecast for DAY 2,The average temperature tomorrow is forecasted to be between 8 and 18 degrees Celsius.,22,2026-02-01 06:31:14.629266,NG,2.15,2.13,2.17,800000.0,800000.0,0,0,0,0
3.0,1.0,1.0,,You are logged in as a DISTRIBUTOR,,22,2026-02-01 06:31:14.629266,ELEC-day2,0.0,0.0,0.0,,,0,0,0,0
2.0,1.0,1.0,,FINES,"The fine for open positions of ELEC-dayX at the end of the day is $20,000/contract.",22,2026-02-01 06:31:14.629266,ELEC-day3,0.0,0.0,0.0,,,0,0,0,0
1.0,1.0,1.0,,Welcome to the RITC2026 GBE Energy Electricity Trading Case - practice server,,22,2026-02-01 06:31:14.629266,ELEC-day4,0.0,0.0,0.0,,,0,0,0,0
,,,,,,22,2026-02-01 06:31:14.629266,ELEC-day5,0.0,0.0,0.0,,,0,0,0,0
,,,,,,22,2026-02-01 06:31:14.629266,ELEC-day6,0.0,0.0,0.0,,,0,0,0,0
,,,,,,22,2026-02-01 06:31:14.629266,ELEC-F,0.0,0.0,0.0,,,0,0,0,0
4.0,1.0,1.0,,TEMPERATURE Forecast for DAY 2,The average temperature tomorrow is forecasted to be between 8 and 18 degrees Celsius.,23,2026-02-01 06:31:15.663830,NG,2.15,2.13,2.17,800000.0,800000.0,0,0,0,0
3.0,1.0,1.0,,You are logged in as a DISTRIBUTOR,,23,2026-02-01 06:31:15.663830,ELEC-day2,0.0,0.0,0.0,,,0,0,0,0
2.0,1.0,1.0,,FINES,"The fine for open positions of ELEC-dayX at the end of the day is $20,000/contract.",23,2026-02-01 06:31:15.663830,ELEC-day3,0.0,0.0,0.0,,,0,0,0,0
1.0,1.0,1.0,,Welcome to the RITC2026 GBE Energy Electricity Trading Case - practice server,,23,2026-02-01 06:31:15.663830,ELEC-day4,0.0,0.0,0.0,,,0,0,0,0
,,,,,,23,2026-02-01 06:31:15.663830,ELEC-day5,0.0,0.0,0.0,,,0,0,0,0
,,,,,,23,2026-02-01 06:31:15.663830,ELEC-day6,0.0,0.0,0.0,,,0,0,0,0
,,,,,,23,2026-02-01 06:31:15.663830,ELEC-F,0.0,0.0,0.0,,,0,0,0,0
4.0,1.0,1.0,,TEMPERATURE Forecast for DAY 2,The average temperature tomorrow is forecasted to be between 8 and 18 degrees Celsius.,24,2026-02-01 06:31:16.693774,NG,2.14,2.12,2.16,800000.0,800000.0,0,0,0,0
3.0,1.0,1.0,,You are logged in as a DISTRIBUTOR,,24,2026-02-01 06:31:16.693774,ELEC-day2,0.0,0.0,0.0,,,0,0,0,0
2.0,1.0,1.0,,FINES,"The fine for open positions of ELEC-dayX at the end of the day is $20,000/contract.",24,2026-02-01 06:31:16.693774,ELEC-day3,0.0,0.0,0.0,,,0,0,0,0
1.0,1.0,1.0,,Welcome to the RITC2026 GBE Energy Electricity Trading Case - practice server,,24,2026-02-01 06:31:16.693774,ELEC-day4,0.0,0.0,0.0,,,0,0,0,0
,,,,,,24,2026-02-01 06:31:16.693774,ELEC-day5,0.0,0.0,0.0,,,0,0,0,0
,,,,,,24,2026-02-01 06:31:16.693774,ELEC-day6,0.0,0.0,0.0,,,0,0,0,0
,,,,,,24,2026-02-01 06:31:16.693774,ELEC-F,0.0,0.0,0.0,,,0,0,0,0
4.0,1.0,1.0,,TEMPERATURE Forecast for DAY 2,The average temperature tomorrow is forecasted to be between 8 and 18 degrees Celsius.,25,2026-02-01 06:31:17.727205,NG,2.14,2.12,2.16,800000.0,800000.0,0,0,0,0
3.0,1.0,1.0,,You are logged in as a DISTRIBUTOR,,25,2026-02-01 06:31:17.727205,ELEC-day2,0.0,0.0,0.0,,,0,0,0,0
2.0,1.0,1.0,,FINES,"The fine for open positions of ELEC-dayX at the end of the day is $20,000/contract.",25,2026-02-01 06:31:17.727205,ELEC-day3,0.0,0.0,0.0,,,0,0,0,0
1.0,1.0,1.0,,Welcome to the RITC2026 GBE Energy Electricity Trading Case - practice server,,25,2026-02-01 06:31:17.727205,ELEC-day4,0.0,0.0,0.0,,,0,0,0,0
,,,,,,25,2026-02-01 06:31:17.727205,ELEC-day5,0.0,0.0,0.0,,,0,0,0,0
,,,,,,25,2026-02-01 06:31:17.727205,ELEC-day6,0.0,0.0,0.0,,,0,0,0,0
,,,,,,25,2026-02-01 06:31:17.727205,ELEC-F,0.0,0.0,0.0,,,0,0,0,0
4.0,1.0,1.0,,TEMPERATURE Forecast for DAY 2,The average temperature tomorrow is forecasted to be between 8 and 18 degrees Celsius.,26,2026-02-01 06:31:18.758437,NG,2.14,2.12,2.16,800000.0,800000.0,0,0,0,0
3.0,1.0,1.0,,You are logged in as a DISTRIBUTOR,,26,2026-02-01 06:31:18.758437,ELEC-day2,0.0,0.0,0.0,,,0,0,0,0
2.0,1.0,1.0,,FINES,"The fine for open positions of ELEC-dayX at the end of the day is $20,000/contract.",26,2026-02-01 06:31:18.758437,ELEC-day3,0.0,0.0,0.0,,,0,0,0,0
1.0,1.0,1.0,,Welcome to the RITC2026 GBE Energy Electricity Trading Case - practice server,,26,2026-02-01 06:31:18.758437,ELEC-day4,0.0,0.0,0.0,,,0,0,0,0
,,,,,,26,2026-02-01 06:31:18.758437,ELEC-day5,0.0,0.0,0.0,,,0,0,0,0
,,,,,,26,2026-02-01 06:31:18.758437,ELEC-day6,0.0,0.0,0.0,,,0,0,0,0
,,,,,,26,2026-02-01 06:31:18.758437,ELEC-F,0.0,0.0,0.0,,,0,0,0,0
4.0,1.0,1.0,,TEMPERATURE Forecast for DAY 2,The average temperature tomorrow is forecasted to be between 8 and 18 degrees Celsius.,27,2026-02-01 06:31:19.797706,NG,2.14,2.12,2.16,800000.0,800000.0,0,0,0,0
3.0,1.0,1.0,,You are logged in as a DISTRIBUTOR,,27,2026-02-01 06:31:19.797706,ELEC-day2,0.0,0.0,0.0,,,0,0,0,0
2.0,1.0,1.0,,FINES,"The fine for open positions of ELEC-dayX at the end of the day is $20,000/contract.",27,2026-02-01 06:31:19.797706,ELEC-day3,0.0,0.0,0.0,,,0,0,0,0
1.0,1.0,1.0,,Welcome to the RITC2026 GBE Energy Electricity Trading Case - practice server,,27,2026-02-01 06:31:19.797706,ELEC-day4,0.0,0.0,0.0,,,0,0,0,0
,,,,,,27,2026-02-01 06:31:19.797706,ELEC-day5,0.0,0.0,0.0,,,0,0,0,0
,,,,,,27,2026-02-01 06:31:19.797706,ELEC-day6,0.0,0.0,0.0,,,0,0,0,0
,,,,,,27,2026-02-01 06:31:19.797706,ELEC-F,0.0,0.0,0.0,,,0,0,0,0
4.0,1.0,1.0,,TEMPERATURE Forecast for DAY 2,The average temperature tomorrow is forecasted to be between 8 and 18 degrees Celsius.,28,2026-02-01 06:31:20.818942,NG,2.13,2.11,2.15,800000.0,800000.0,0,0,0,0
3.0,1.0,1.0,,You are logged in as a DISTRIBUTOR,,28,2026-02-01 06:31:20.818942,ELEC-day2,0.0,0.0,0.0,,,0,0,0,0
2.0,1.0,1.0,,FINES,"The fine for open positions of ELEC-dayX at the end of the day is $20,000/contract.",28,2026-02-01 06:31:20.818942,ELEC-day3,0.0,0.0,0.0,,,0,0,0,0
1.0,1.0,1.0,,Welcome to the RITC2026 GBE Energy Electricity Trading Case - practice server,,28,2026-02-01 06:31:20.818942,ELEC-day4,0.0,0.0,0.0,,,0,0,0,0
,,,,,,28,2026-02-01 06:31:20.818942,ELEC-day5,0.0,0.0,0.0,,,0,0,0,0
,,,,,,28,2026-02-01 06:31:20.818942,ELEC-day6,0.0,0.0,0.0,,,0,0,0,0
,,,,,,28,2026-02-01 06:31:20.818942,ELEC-F,0.0,0.0,0.0,,,0,0,0,0
4.0,1.0,1.0,,TEMPERATURE Forecast for DAY 2,The average temperature tomorrow is forecasted to be between 8 and 18 degrees Celsius.,29,2026-02-01 06:31:21.848854,NG,2.13,2.11,2.15,800000.0,800000.0,0,0,0,0
3.0,1.0,1.0,,You are logged in as a DISTRIBUTOR,,29,2026-02-01 06:31:21.848854,ELEC-day2,0.0,0.0,0.0,,,0,0,0,0
2.0,1.0,1.0,,FINES,"The fine for open positions of ELEC-dayX at the end of the day is $20,000/contract.",29,2026-02-01 06:31:21.848854,ELEC-day3,0.0,0.0,0.0,,,0,0,0,0
1.0,1.0,1.0,,Welcome to the RITC2026 GBE Energy Electricity Trading Case - practice server,,29,2026-02-01 06:31:21.848854,ELEC-day4,0.0,0.0,0.0,,,0,0,0,0
,,,,,,29,2026-02-01 06:31:21.848854,ELEC-day5,0.0,0.0,0.0,,,0,0,0,0
,,,,,,29,2026-02-01 06:31:21.848854,ELEC-day6,0.0,0.0,0.0,,,0,0,0,0
,,,,,,29,2026-02-01 06:31:21.848854,ELEC-F,0.0,0.0,0.0,,,0,0,0,0
4.0,1.0,1.0,,TEMPERATURE Forecast for DAY 2,The average temperature tomorrow is forecasted to be between 8 and 18 degrees Celsius.,30,2026-02-01 06:31:22.883770,NG,2.13,2.11,2.15,800000.0,800000.0,0,0,0,0
3.0,1.0,1.0,,You are logged in as a DISTRIBUTOR,,30,2026-02-01 06:31:22.883770,ELEC-day2,0.0,0.0,0.0,,,0,0,0,0
2.0,1.0,1.0,,FINES,"The fine for open positions of ELEC-dayX at the end of the day is $20,000/contract.",30,2026-02-01 06:31:22.883770,ELEC-day3,0.0,0.0,0.0,,,0,0,0,0
1.0,1.0,1.0,,Welcome to the RITC2026 GBE Energy Electricity Trading Case - practice server,,30,2026-02-01 06:31:22.883770,ELEC-day4,0.0,0.0,0.0,,,0,0,0,0
,,,,,,30,2026-02-01 06:31:22.883770,ELEC-day5,0.0,0.0,0.0,,,0,0,0,0
,,,,,,30,2026-02-01 06:31:22.883770,ELEC-day6,0.0,0.0,0.0,,,0,0,0,0
,,,,,,30,2026-02-01 06:31:22.883770,ELEC-F,0.0,0.0,0.0,,,0,0,0,0
4.0,1.0,1.0,,TEMPERATURE Forecast for DAY 2,The average temperature tomorrow is forecasted to be between 8 and 18 degrees Celsius.,31,2026-02-01 06:31:23.922759,NG,2.14,2.12,2.16,800000.0,800000.0,0,0,0,0
3.0,1.0,1.0,,You are logged in as a DISTRIBUTOR,,31,2026-02-01 06:31:23.922759,ELEC-day2,0.0,0.0,0.0,,,0,0,0,0
2.0,1.0,1.0,,FINES,"The fine for open positions of ELEC-dayX at the end of the day is $20,000/contract.",31,2026-02-01 06:31:23.922759,ELEC-day3,0.0,0.0,0.0,,,0,0,0,0
1.0,1.0,1.0,,Welcome to the RITC2026 GBE Energy Electricity Trading Case - practice server,,31,2026-02-01 06:31:23.922759,ELEC-day4,0.0,0.0,0.0,,,0,0,0,0
,,,,,,31,2026-02-01 06:31:23.922759,ELEC-day5,0.0,0.0,0.0,,,0,0,0,0
,,,,,,31,2026-02-01 06:31:23.922759,ELEC-day6,0.0,0.0,0.0,,,0,0,0,0
,,,,,,31,2026-02-01 06:31:23.922759,ELEC-F,0.0,0.0,0.0,,,0,0,0,0
4.0,1.0,1.0,,TEMPERATURE Forecast for DAY 2,The average temperature tomorrow is forecasted to be between 8 and 18 degrees Celsius.,32,2026-02-01 06:31:24.961251,NG,2.13,2.11,2.15,800000.0,800000.0,0,0,0,0
3.0,1.0,1.0,,You are logged in as a DISTRIBUTOR,,32,2026-02-01 06:31:24.961251,ELEC-day2,0.0,0.0,0.0,,,0,0,0,0
2.0,1.0,1.0,,FINES,"The fine for open positions of ELEC-dayX at the end of the day is $20,000/contract.",32,2026-02-01 06:31:24.961251,ELEC-day3,0.0,0.0,0.0,,,0,0,0,0
1.0,1.0,1.0,,Welcome to the RITC2026 GBE Energy Electricity Trading Case - practice server,,32,2026-02-01 06:31:24.961251,ELEC-day4,0.0,0.0,0.0,,,0,0,0,0
,,,,,,32,2026-02-01 06:31:24.961251,ELEC-day5,0.0,0.0,0.0,,,0,0,0,0
,,,,,,32,2026-02-01 06:31:24.961251,ELEC-day6,0.0,0.0,0.0,,,0,0,0,0
,,,,,,32,2026-02-01 06:31:24.961251,ELEC-F,0.0,0.0,0.0,,,0,0,0,0
4.0,1.0,1.0,,TEMPERATURE Forecast for DAY 2,The average temperature tomorrow is forecasted to be between 8 and 18 degrees Celsius.,33,2026-02-01 06:31:25.988726,NG,2.14,2.12,2.16,800000.0,800000.0,0,0,0,0
3.0,1.0,1.0,,You are logged in as a DISTRIBUTOR,,33,2026-02-01 06:31:25.988726,ELEC-day2,0.0,0.0,0.0,,,0,0,0,0
2.0,1.0,1.0,,FINES,"The fine for open positions of ELEC-dayX at the end of the day is $20,000/contract.",33,2026-02-01 06:31:25.988726,ELEC-day3,0.0,0.0,0.0,,,0,0,0,0
1.0,1.0,1.0,,Welcome to the RITC2026 GBE Energy Electricity Trading Case - practice server,,33,2026-02-01 06:31:25.988726,ELEC-day4,0.0,0.0,0.0,,,0,0,0,0
,,,,,,33,2026-02-01 06:31:25.988726,ELEC-day5,0.0,0.0,0.0,,,0,0,0,0
,,,,,,33,2026-02-01 06:31:25.988726,ELEC-day6,0.0,0.0,0.0,,,0,0,0,0
,,,,,,33,2026-02-01 06:31:25.988726,ELEC-F,0.0,0.0,0.0,,,0,0,0,0
4.0,1.0,1.0,,TEMPERATURE Forecast for DAY 2,The average temperature tomorrow is forecasted to be between 8 and 18 degrees Celsius.,35,2026-02-01 06:31:27.073474,NG,2.13,2.11,2.15,800000.0,800000.0,0,0,0,0
3.0,1.0,1.0,,You are logged in as a DISTRIBUTOR,,35,2026-02-01 06:31:27.073474,ELEC-day2,0.0,0.0,0.0,,,0,0,0,0
2.0,1.0,1.0,,FINES,"The fine for open positions of ELEC-dayX at the end of the day is $20,000/contract.",35,2026-02-01 06:31:27.073474,ELEC-day3,0.0,0.0,0.0,,,0,0,0,0
1.0,1.0,1.0,,Welcome to the RITC2026 GBE Energy Electricity Trading Case - practice server,,35,2026-02-01 06:31:27.073474,ELEC-day4,0.0,0.0,0.0,,,0,0,0,0
,,,,,,35,2026-02-01 06:31:27.073474,ELEC-day5,0.0,0.0,0.0,,,0,0,0,0
,,,,,,35,2026-02-01 06:31:27.073474,ELEC-day6,0.0,0.0,0.0,,,0,0,0,0
,,,,,,35,2026-02-01 06:31:27.073474,ELEC-F,0.0,0.0,0.0,,,0,0,0,0
4.0,1.0,1.0,,TEMPERATURE Forecast for DAY 2,The average temperature tomorrow is forecasted to be between 8 and 18 degrees Celsius.,36,2026-02-01 06:31:28.197922,NG,2.13,2.11,2.15,800000.0,800000.0,0,0,0,0
3.0,1.0,1.0,,You are logged in as a DISTRIBUTOR,,36,2026-02-01 06:31:28.197922,ELEC-day2,0.0,0.0,0.0,,,0,0,0,0
2.0,1.0,1.0,,FINES,"The fine for open positions of ELEC-dayX at the end of the day is $20,000/contract.",36,2026-02-01 06:31:28.197922,ELEC-day3,0.0,0.0,0.0,,,0,0,0,0
1.0,1.0,1.0,,Welcome to the RITC2026 GBE Energy Electricity Trading Case - practice server,,36,2026-02-01 06:31:28.197922,ELEC-day4,0.0,0.0,0.0,,,0,0,0,0
,,,,,,36,2026-02-01 06:31:28.197922,ELEC-day5,0.0,0.0,0.0,,,0,0,0,0
,,,,,,36,2026-02-01 06:31:28.197922,ELEC-day6,0.0,0.0,0.0,,,0,0,0,0
,,,,,,36,2026-02-01 06:31:28.197922,ELEC-F,0.0,0.0,0.0,,,0,0,0,0
4.0,1.0,1.0,,TEMPERATURE Forecast for DAY 2,The average temperature tomorrow is forecasted to be between 8 and 18 degrees Celsius.,37,2026-02-01 06:31:29.232026,NG,2.14,2.12,2.16,800000.0,800000.0,0,0,0,0
3.0,1.0,1.0,,You are logged in as a DISTRIBUTOR,,37,2026-02-01 06:31:29.232026,ELEC-day2,0.0,0.0,0.0,,,0,0,0,0
2.0,1.0,1.0,,FINES,"The fine for open positions of ELEC-dayX at the end of the day is $20,000/contract.",37,2026-02-01 06:31:29.232026,ELEC-day3,0.0,0.0,0.0,,,0,0,0,0
1.0,1.0,1.0,,Welcome to the RITC2026 GBE Energy Electricity Trading Case - practice server,,37,2026-02-01 06:31:29.232026,ELEC-day4,0.0,0.0,0.0,,,0,0,0,0
,,,,,,37,2026-02-01 06:31:29.232026,ELEC-day5,0.0,0.0,0.0,,,0,0,0,0
,,,,,,37,2026-02-01 06:31:29.232026,ELEC-day6,0.0,0.0,0.0,,,0,0,0,0
,,,,,,37,2026-02-01 06:31:29.232026,ELEC-F,0.0,0.0,0.0,,,0,0,0,0
4.0,1.0,1.0,,TEMPERATURE Forecast for DAY 2,The average temperature tomorrow is forecasted to be between 8 and 18 degrees Celsius.,38,2026-02-01 06:31:30.275943,NG,2.13,2.11,2.15,800000.0,800000.0,0,0,0,0
3.0,1.0,1.0,,You are logged in as a DISTRIBUTOR,,38,2026-02-01 06:31:30.275943,ELEC-day2,0.0,0.0,0.0,,,0,0,0,0
2.0,1.0,1.0,,FINES,"The fine for open positions of ELEC-dayX at the end of the day is $20,000/contract.",38,2026-02-01 06:31:30.275943,ELEC-day3,0.0,0.0,0.0,,,0,0,0,0
1.0,1.0,1.0,,Welcome to the RITC2026 GBE Energy Electricity Trading Case - practice server,,38,2026-02-01 06:31:30.275943,ELEC-day4,0.0,0.0,0.0,,,0,0,0,0
,,,,,,38,2026-02-01 06:31:30.275943,ELEC-day5,0.0,0.0,0.0,,,0,0,0,0
,,,,,,38,2026-02-01 06:31:30.275943,ELEC-day6,0.0,0.0,0.0,,,0,0,0,0
,,,,,,38,2026-02-01 06:31:30.275943,ELEC-F,0.0,0.0,0.0,,,0,0,0,0
4.0,1.0,1.0,,TEMPERATURE Forecast for DAY 2,The average temperature tomorrow is forecasted to be between 8 and 18 degrees Celsius.,39,2026-02-01 06:31:31.292812,NG,2.12,2.1,2.14,800000.0,800000.0,0,0,0,0
3.0,1.0,1.0,,You are logged in as a DISTRIBUTOR,,39,2026-02-01 06:31:31.292812,ELEC-day2,0.0,0.0,0.0,,,0,0,0,0
2.0,1.0,1.0,,FINES,"The fine for open positions of ELEC-dayX at the end of the day is $20,000/contract.",39,2026-02-01 06:31:31.292812,ELEC-day3,0.0,0.0,0.0,,,0,0,0,0
1.0,1.0,1.0,,Welcome to the RITC2026 GBE Energy Electricity Trading Case - practice server,,39,2026-02-01 06:31:31.292812,ELEC-day4,0.0,0.0,0.0,,,0,0,0,0
,,,,,,39,2026-02-01 06:31:31.292812,ELEC-day5,0.0,0.0,0.0,,,0,0,0,0
,,,,,,39,2026-02-01 06:31:31.292812,ELEC-day6,0.0,0.0,0.0,,,0,0,0,0
,,,,,,39,2026-02-01 06:31:31.292812,ELEC-F,0.0,0.0,0.0,,,0,0,0,0
4.0,1.0,1.0,,TEMPERATURE Forecast for DAY 2,The average temperature tomorrow is forecasted to be between 8 and 18 degrees Celsius.,40,2026-02-01 06:31:32.311824,NG,2.13,2.11,2.15,800000.0,800000.0,0,0,0,0
3.0,1.0,1.0,,You are logged in as a DISTRIBUTOR,,40,2026-02-01 06:31:32.311824,ELEC-day2,0.0,0.0,0.0,,,0,0,0,0
2.0,1.0,1.0,,FINES,"The fine for open positions of ELEC-dayX at the end of the day is $20,000/contract.",40,2026-02-01 06:31:32.311824,ELEC-day3,0.0,0.0,0.0,,,0,0,0,0
1.0,1.0,1.0,,Welcome to the RITC2026 GBE Energy Electricity Trading Case - practice server,,40,2026-02-01 06:31:32.311824,ELEC-day4,0.0,0.0,0.0,,,0,0,0,0
,,,,,,40,2026-02-01 06:31:32.311824,ELEC-day5,0.0,0.0,0.0,,,0,0,0,0
,,,,,,40,2026-02-01 06:31:32.311824,ELEC-day6,0.0,0.0,0.0,,,0,0,0,0
,,,,,,40,2026-02-01 06:31:32.311824,ELEC-F,0.0,0.0,0.0,,,0,0,0,0
4.0,1.0,1.0,,TEMPERATURE Forecast for DAY 2,The average temperature tomorrow is forecasted to be between 8 and 18 degrees Celsius.,41,2026-02-01 06:31:33.347149,NG,2.14,2.12,2.16,800000.0,800000.0,0,0,0,0
3.0,1.0,1.0,,You are logged in as a DISTRIBUTOR,,41,2026-02-01 06:31:33.347149,ELEC-day2,0.0,0.0,0.0,,,0,0,0,0
2.0,1.0,1.0,,FINES,"The fine for open positions of ELEC-dayX at the end of the day is $20,000/contract.",41,2026-02-01 06:31:33.347149,ELEC-day3,0.0,0.0,0.0,,,0,0,0,0
1.0,1.0,1.0,,Welcome to the RITC2026 GBE Energy Electricity Trading Case - practice server,,41,2026-02-01 06:31:33.347149,ELEC-day4,0.0,0.0,0.0,,,0,0,0,0
,,,,,,41,2026-02-01 06:31:33.347149,ELEC-day5,0.0,0.0,0.0,,,0,0,0,0
,,,,,,41,2026-02-01 06:31:33.347149,ELEC-day6,0.0,0.0,0.0,,,0,0,0,0
,,,,,,41,2026-02-01 06:31:33.347149,ELEC-F,0.0,0.0,0.0,,,0,0,0,0
4.0,1.0,1.0,,TEMPERATURE Forecast for DAY 2,The average temperature tomorrow is forecasted to be between 8 and 18 degrees Celsius.,42,2026-02-01 06:31:34.383923,NG,2.14,2.12,2.16,800000.0,800000.0,0,0,0,0
3.0,1.0,1.0,,You are logged in as a DISTRIBUTOR,,42,2026-02-01 06:31:34.383923,ELEC-day2,0.0,0.0,0.0,,,0,0,0,0
2.0,1.0,1.0,,FINES,"The fine for open positions of ELEC-dayX at the end of the day is $20,000/contract.",42,2026-02-01 06:31:34.383923,ELEC-day3,0.0,0.0,0.0,,,0,0,0,0
1.0,1.0,1.0,,Welcome to the RITC2026 GBE Energy Electricity Trading Case - practice server,,42,2026-02-01 06:31:34.383923,ELEC-day4,0.0,0.0,0.0,,,0,0,0,0
,,,,,,42,2026-02-01 06:31:34.383923,ELEC-day5,0.0,0.0,0.0,,,0,0,0,0
,,,,,,42,2026-02-01 06:31:34.383923,ELEC-day6,0.0,0.0,0.0,,,0,0,0,0
,,,,,,42,2026-02-01 06:31:34.383923,ELEC-F,0.0,0.0,0.0,,,0,0,0,0
4.0,1.0,1.0,,TEMPERATURE Forecast for DAY 2,The average temperature tomorrow is forecasted to be between 8 and 18 degrees Celsius.,43,2026-02-01 06:31:35.406033,NG,2.14,2.12,2.16,800000.0,800000.0,0,0,0,0
3.0,1.0,1.0,,You are logged in as a DISTRIBUTOR,,43,2026-02-01 06:31:35.406033,ELEC-day2,0.0,0.0,0.0,,,0,0,0,0
2.0,1.0,1.0,,FINES,"The fine for open positions of ELEC-dayX at the end of the day is $20,000/contract.",43,2026-02-01 06:31:35.406033,ELEC-day3,0.0,0.0,0.0,,,0,0,0,0
1.0,1.0,1.0,,Welcome to the RITC2026 GBE Energy Electricity Trading Case - practice server,,43,2026-02-01 06:31:35.406033,ELEC-day4,0.0,0.0,0.0,,,0,0,0,0
,,,,,,43,2026-02-01 06:31:35.406033,ELEC-day5,0.0,0.0,0.0,,,0,0,0,0
,,,,,,43,2026-02-01 06:31:35.406033,ELEC-day6,0.0,0.0,0.0,,,0,0,0,0
,,,,,,43,2026-02-01 06:31:35.406033,ELEC-F,0.0,0.0,0.0,,,0,0,0,0
4.0,1.0,1.0,,TEMPERATURE Forecast for DAY 2,The average temperature tomorrow is forecasted to be between 8 and 18 degrees Celsius.,44,2026-02-01 06:31:36.428217,NG,2.14,2.12,2.16,800000.0,800000.0,0,0,0,0
3.0,1.0,1.0,,You are logged in as a DISTRIBUTOR,,44,2026-02-01 06:31:36.428217,ELEC-day2,0.0,0.0,0.0,,,0,0,0,0
2.0,1.0,1.0,,FINES,"The fine for open positions of ELEC-dayX at the end of the day is $20,000/contract.",44,2026-02-01 06:31:36.428217,ELEC-day3,0.0,0.0,0.0,,,0,0,0,0
1.0,1.0,1.0,,Welcome to the RITC2026 GBE Energy Electricity Trading Case - practice server,,44,2026-02-01 06:31:36.428217,ELEC-day4,0.0,0.0,0.0,,,0,0,0,0
,,,,,,44,2026-02-01 06:31:36.428217,ELEC-day5,0.0,0.0,0.0,,,0,0,0,0
,,,,,,44,2026-02-01 06:31:36.428217,ELEC-day6,0.0,0.0,0.0,,,0,0,0,0
,,,,,,44,2026-02-01 06:31:36.428217,ELEC-F,0.0,0.0,0.0,,,0,0,0,0
4.0,1.0,1.0,,TEMPERATURE Forecast for DAY 2,The average temperature tomorrow is forecasted to be between 8 and 18 degrees Celsius.,45,2026-02-01 06:31:37.452829,NG,2.14,2.12,2.16,800000.0,800000.0,0,0,0,0
3.0,1.0,1.0,,You are logged in as a DISTRIBUTOR,,45,2026-02-01 06:31:37.452829,ELEC-day2,0.0,0.0,0.0,,,0,0,0,0
2.0,1.0,1.0,,FINES,"The fine for open positions of ELEC-dayX at the end of the day is $20,000/contract.",45,2026-02-01 06:31:37.452829,ELEC-day3,0.0,0.0,0.0,,,0,0,0,0
1.0,1.0,1.0,,Welcome to the RITC2026 GBE Energy Electricity Trading Case - practice server,,45,2026-02-01 06:31:37.452829,ELEC-day4,0.0,0.0,0.0,,,0,0,0,0
,,,,,,45,2026-02-01 06:31:37.452829,ELEC-day5,0.0,0.0,0.0,,,0,0,0,0
,,,,,,45,2026-02-01 06:31:37.452829,ELEC-day6,0.0,0.0,0.0,,,0,0,0,0
,,,,,,45,2026-02-01 06:31:37.452829,ELEC-F,0.0,0.0,0.0,,,0,0,0,0
4.0,1.0,1.0,,TEMPERATURE Forecast for DAY 2,The average temperature tomorrow is forecasted to be between 8 and 18 degrees Celsius.,46,2026-02-01 06:31:38.487610,NG,2.14,2.12,2.16,800000.0,800000.0,0,0,0,0
3.0,1.0,1.0,,You are logged in as a DISTRIBUTOR,,46,2026-02-01 06:31:38.487610,ELEC-day2,0.0,0.0,0.0,,,0,0,0,0
2.0,1.0,1.0,,FINES,"The fine for open positions of ELEC-dayX at the end of the day is $20,000/contract.",46,2026-02-01 06:31:38.487610,ELEC-day3,0.0,0.0,0.0,,,0,0,0,0
1.0,1.0,1.0,,Welcome to the RITC2026 GBE Energy Electricity Trading Case - practice server,,46,2026-02-01 06:31:38.487610,ELEC-day4,0.0,0.0,0.0,,,0,0,0,0
,,,,,,46,2026-02-01 06:31:38.487610,ELEC-day5,0.0,0.0,0.0,,,0,0,0,0
,,,,,,46,2026-02-01 06:31:38.487610,ELEC-day6,0.0,0.0,0.0,,,0,0,0,0
,,,,,,46,2026-02-01 06:31:38.487610,ELEC-F,0.0,0.0,0.0,,,0,0,0,0
4.0,1.0,1.0,,TEMPERATURE Forecast for DAY 2,The average temperature tomorrow is forecasted to be between 8 and 18 degrees Celsius.,47,2026-02-01 06:31:39.519968,NG,2.14,2.12,2.16,800000.0,800000.0,0,0,0,0
3.0,1.0,1.0,,You are logged in as a DISTRIBUTOR,,47,2026-02-01 06:31:39.519968,ELEC-day2,0.0,0.0,0.0,,,0,0,0,0
2.0,1.0,1.0,,FINES,"The fine for open positions of ELEC-dayX at the end of the day is $20,000/contract.",47,2026-02-01 06:31:39.519968,ELEC-day3,0.0,0.0,0.0,,,0,0,0,0
1.0,1.0,1.0,,Welcome to the RITC2026 GBE Energy Electricity Trading Case - practice server,,47,2026-02-01 06:31:39.519968,ELEC-day4,0.0,0.0,0.0,,,0,0,0,0
,,,,,,47,2026-02-01 06:31:39.519968,ELEC-day5,0.0,0.0,0.0,,,0,0,0,0
,,,,,,47,2026-02-01 06:31:39.519968,ELEC-day6,0.0,0.0,0.0,,,0,0,0,0
,,,,,,47,2026-02-01 06:31:39.519968,ELEC-F,0.0,0.0,0.0,,,0,0,0,0
4.0,1.0,1.0,,TEMPERATURE Forecast for DAY 2,The average temperature tomorrow is forecasted to be between 8 and 18 degrees Celsius.,48,2026-02-01 06:31:40.546555,NG,2.14,2.12,2.16,800000.0,800000.0,0,0,0,0
3.0,1.0,1.0,,You are logged in as a DISTRIBUTOR,,48,2026-02-01 06:31:40.546555,ELEC-day2,0.0,0.0,0.0,,,0,0,0,0
2.0,1.0,1.0,,FINES,"The fine for open positions of ELEC-dayX at the end of the day is $20,000/contract.",48,2026-02-01 06:31:40.546555,ELEC-day3,0.0,0.0,0.0,,,0,0,0,0
1.0,1.0,1.0,,Welcome to the RITC2026 GBE Energy Electricity Trading Case - practice server,,48,2026-02-01 06:31:40.546555,ELEC-day4,0.0,0.0,0.0,,,0,0,0,0
,,,,,,48,2026-02-01 06:31:40.546555,ELEC-day5,0.0,0.0,0.0,,,0,0,0,0
,,,,,,48,2026-02-01 06:31:40.546555,ELEC-day6,0.0,0.0,0.0,,,0,0,0,0
,,,,,,48,2026-02-01 06:31:40.546555,ELEC-F,0.0,0.0,0.0,,,0,0,0,0
4.0,1.0,1.0,,TEMPERATURE Forecast for DAY 2,The average temperature tomorrow is forecasted to be between 8 and 18 degrees Celsius.,49,2026-02-01 06:31:41.570841,NG,2.14,2.12,2.16,800000.0,800000.0,0,0,0,0
3.0,1.0,1.0,,You are logged in as a DISTRIBUTOR,,49,2026-02-01 06:31:41.570841,ELEC-day2,0.0,0.0,0.0,,,0,0,0,0
2.0,1.0,1.0,,FINES,"The fine for open positions of ELEC-dayX at the end of the day is $20,000/contract.",49,2026-02-01 06:31:41.570841,ELEC-day3,0.0,0.0,0.0,,,0,0,0,0
1.0,1.0,1.0,,Welcome to the RITC2026 GBE Energy Electricity Trading Case - practice server,,49,2026-02-01 06:31:41.570841,ELEC-day4,0.0,0.0,0.0,,,0,0,0,0
,,,,,,49,2026-02-01 06:31:41.570841,ELEC-day5,0.0,0.0,0.0,,,0,0,0,0
,,,,,,49,2026-02-01 06:31:41.570841,ELEC-day6,0.0,0.0,0.0,,,0,0,0,0
,,,,,,49,2026-02-01 06:31:41.570841,ELEC-F,0.0,0.0,0.0,,,0,0,0,0
4.0,1.0,1.0,,TEMPERATURE Forecast for DAY 2,The average temperature tomorrow is forecasted to be between 8 and 18 degrees Celsius.,50,2026-02-01 06:31:42.593046,NG,2.15,2.13,2.17,800000.0,800000.0,0,0,0,0
3.0,1.0,1.0,,You are logged in as a DISTRIBUTOR,,50,2026-02-01 06:31:42.593046,ELEC-day2,0.0,0.0,0.0,,,0,0,0,0
2.0,1.0,1.0,,FINES,"The fine for open positions of ELEC-dayX at the end of the day is $20,000/contract.",50,2026-02-01 06:31:42.593046,ELEC-day3,0.0,0.0,0.0,,,0,0,0,0
1.0,1.0,1.0,,Welcome to the RITC2026 GBE Energy Electricity Trading Case - practice server,,50,2026-02-01 06:31:42.593046,ELEC-day4,0.0,0.0,0.0,,,0,0,0,0
,,,,,,50,2026-02-01 06:31:42.593046,ELEC-day5,0.0,0.0,0.0,,,0,0,0,0
,,,,,,50,2026-02-01 06:31:42.593046,ELEC-day6,0.0,0.0,0.0,,,0,0,0,0
,,,,,,50,2026-02-01 06:31:42.593046,ELEC-F,0.0,0.0,0.0,,,0,0,0,0
4.0,1.0,1.0,,TEMPERATURE Forecast for DAY 2,The average temperature tomorrow is forecasted to be between 8 and 18 degrees Celsius.,51,2026-02-01 06:31:43.623380,NG,2.15,2.13,2.17,800000.0,800000.0,0,0,0,0
3.0,1.0,1.0,,You are logged in as a DISTRIBUTOR,,51,2026-02-01 06:31:43.623380,ELEC-day2,0.0,0.0,0.0,,,0,0,0,0
2.0,1.0,1.0,,FINES,"The fine for open positions of ELEC-dayX at the end of the day is $20,000/contract.",51,2026-02-01 06:31:43.623380,ELEC-day3,0.0,0.0,0.0,,,0,0,0,0
1.0,1.0,1.0,,Welcome to the RITC2026 GBE Energy Electricity Trading Case - practice server,,51,2026-02-01 06:31:43.623380,ELEC-day4,0.0,0.0,0.0,,,0,0,0,0
,,,,,,51,2026-02-01 06:31:43.623380,ELEC-day5,0.0,0.0,0.0,,,0,0,0,0
,,,,,,51,2026-02-01 06:31:43.623380,ELEC-day6,0.0,0.0,0.0,,,0,0,0,0
,,,,,,51,2026-02-01 06:31:43.623380,ELEC-F,0.0,0.0,0.0,,,0,0,0,0
4.0,1.0,1.0,,TEMPERATURE Forecast for DAY 2,The average temperature tomorrow is forecasted to be between 8 and 18 degrees Celsius.,52,2026-02-01 06:31:44.653179,NG,2.15,2.13,2.17,800000.0,800000.0,0,0,0,0
3.0,1.0,1.0,,You are logged in as a DISTRIBUTOR,,52,2026-02-01 06:31:44.653179,ELEC-day2,0.0,0.0,0.0,,,0,0,0,0
2.0,1.0,1.0,,FINES,"The fine for open positions of ELEC-dayX at the end of the day is $20,000/contract.",52,2026-02-01 06:31:44.653179,ELEC-day3,0.0,0.0,0.0,,,0,0,0,0
1.0,1.0,1.0,,Welcome to the RITC2026 GBE Energy Electricity Trading Case - practice server,,52,2026-02-01 06:31:44.653179,ELEC-day4,0.0,0.0,0.0,,,0,0,0,0
,,,,,,52,2026-02-01 06:31:44.653179,ELEC-day5,0.0,0.0,0.0,,,0,0,0,0
,,,,,,52,2026-02-01 06:31:44.653179,ELEC-day6,0.0,0.0,0.0,,,0,0,0,0
,,,,,,52,2026-02-01 06:31:44.653179,ELEC-F,0.0,0.0,0.0,,,0,0,0,0
4.0,1.0,1.0,,TEMPERATURE Forecast for DAY 2,The average temperature tomorrow is forecasted to be between 8 and 18 degrees Celsius.,53,2026-02-01 06:31:45.683284,NG,2.15,2.13,2.17,800000.0,800000.0,0,0,0,0
3.0,1.0,1.0,,You are logged in as a DISTRIBUTOR,,53,2026-02-01 06:31:45.683284,ELEC-day2,0.0,0.0,0.0,,,0,0,0,0
2.0,1.0,1.0,,FINES,"The fine for open positions of ELEC-dayX at the end of the day is $20,000/contract.",53,2026-02-01 06:31:45.683284,ELEC-day3,0.0,0.0,0.0,,,0,0,0,0
1.0,1.0,1.0,,Welcome to the RITC2026 GBE Energy Electricity Trading Case - practice server,,53,2026-02-01 06:31:45.683284,ELEC-day4,0.0,0.0,0.0,,,0,0,0,0
,,,,,,53,2026-02-01 06:31:45.683284,ELEC-day5,0.0,0.0,0.0,,,0,0,0,0
,,,,,,53,2026-02-01 06:31:45.683284,ELEC-day6,0.0,0.0,0.0,,,0,0,0,0
,,,,,,53,2026-02-01 06:31:45.683284,ELEC-F,0.0,0.0,0.0,,,0,0,0,0
4.0,1.0,1.0,,TEMPERATURE Forecast for DAY 2,The average temperature tomorrow is forecasted to be between 8 and 18 degrees Celsius.,54,2026-02-01 06:31:46.709973,NG,2.15,2.13,2.17,800000.0,800000.0,0,0,0,0
3.0,1.0,1.0,,You are logged in as a DISTRIBUTOR,,54,2026-02-01 06:31:46.709973,ELEC-day2,0.0,0.0,0.0,,,0,0,0,0
2.0,1.0,1.0,,FINES,"The fine for open positions of ELEC-dayX at the end of the day is $20,000/contract.",54,2026-02-01 06:31:46.709973,ELEC-day3,0.0,0.0,0.0,,,0,0,0,0
1.0,1.0,1.0,,Welcome to the RITC2026 GBE Energy Electricity Trading Case - practice server,,54,2026-02-01 06:31:46.709973,ELEC-day4,0.0,0.0,0.0,,,0,0,0,0
,,,,,,54,2026-02-01 06:31:46.709973,ELEC-day5,0.0,0.0,0.0,,,0,0,0,0
,,,,,,54,2026-02-01 06:31:46.709973,ELEC-day6,0.0,0.0,0.0,,,0,0,0,0
,,,,,,54,2026-02-01 06:31:46.709973,ELEC-F,0.0,0.0,0.0,,,0,0,0,0
4.0,1.0,1.0,,TEMPERATURE Forecast for DAY 2,The average temperature tomorrow is forecasted to be between 8 and 18 degrees Celsius.,55,2026-02-01 06:31:47.743989,NG,2.14,2.12,2.16,800000.0,800000.0,0,0,0,0
3.0,1.0,1.0,,You are logged in as a DISTRIBUTOR,,55,2026-02-01 06:31:47.743989,ELEC-day2,0.0,0.0,0.0,,,0,0,0,0
2.0,1.0,1.0,,FINES,"The fine for open positions of ELEC-dayX at the end of the day is $20,000/contract.",55,2026-02-01 06:31:47.743989,ELEC-day3,0.0,0.0,0.0,,,0,0,0,0
1.0,1.0,1.0,,Welcome to the RITC2026 GBE Energy Electricity Trading Case - practice server,,55,2026-02-01 06:31:47.743989,ELEC-day4,0.0,0.0,0.0,,,0,0,0,0
,,,,,,55,2026-02-01 06:31:47.743989,ELEC-day5,0.0,0.0,0.0,,,0,0,0,0
,,,,,,55,2026-02-01 06:31:47.743989,ELEC-day6,0.0,0.0,0.0,,,0,0,0,0
,,,,,,55,2026-02-01 06:31:47.743989,ELEC-F,0.0,0.0,0.0,,,0,0,0,0
4.0,1.0,1.0,,TEMPERATURE Forecast for DAY 2,The average temperature tomorrow is forecasted to be between 8 and 18 degrees Celsius.,56,2026-02-01 06:31:48.782382,NG,2.15,2.13,2.17,800000.0,800000.0,0,0,0,0
3.0,1.0,1.0,,You are logged in as a DISTRIBUTOR,,56,2026-02-01 06:31:48.782382,ELEC-day2,0.0,0.0,0.0,,,0,0,0,0
2.0,1.0,1.0,,FINES,"The fine for open positions of ELEC-dayX at the end of the day is $20,000/contract.",56,2026-02-01 06:31:48.782382,ELEC-day3,0.0,0.0,0.0,,,0,0,0,0
1.0,1.0,1.0,,Welcome to the RITC2026 GBE Energy Electricity Trading Case - practice server,,56,2026-02-01 06:31:48.782382,ELEC-day4,0.0,0.0,0.0,,,0,0,0,0
,,,,,,56,2026-02-01 06:31:48.782382,ELEC-day5,0.0,0.0,0.0,,,0,0,0,0
,,,,,,56,2026-02-01 06:31:48.782382,ELEC-day6,0.0,0.0,0.0,,,0,0,0,0
,,,,,,56,2026-02-01 06:31:48.782382,ELEC-F,0.0,0.0,0.0,,,0,0,0,0
4.0,1.0,1.0,,TEMPERATURE Forecast for DAY 2,The average temperature tomorrow is forecasted to be between 8 and 18 degrees Celsius.,57,2026-02-01 06:31:49.793026,NG,2.15,2.13,2.17,800000.0,800000.0,0,0,0,0
3.0,1.0,1.0,,You are logged in as a DISTRIBUTOR,,57,2026-02-01 06:31:49.793026,ELEC-day2,0.0,0.0,0.0,,,0,0,0,0
2.0,1.0,1.0,,FINES,"The fine for open positions of ELEC-dayX at the end of the day is $20,000/contract.",57,2026-02-01 06:31:49.793026,ELEC-day3,0.0,0.0,0.0,,,0,0,0,0
1.0,1.0,1.0,,Welcome to the RITC2026 GBE Energy Electricity Trading Case - practice server,,57,2026-02-01 06:31:49.793026,ELEC-day4,0.0,0.0,0.0,,,0,0,0,0
,,,,,,57,2026-02-01 06:31:49.793026,ELEC-day5,0.0,0.0,0.0,,,0,0,0,0
,,,,,,57,2026-02-01 06:31:49.793026,ELEC-day6,0.0,0.0,0.0,,,0,0,0,0
,,,,,,57,2026-02-01 06:31:49.793026,ELEC-F,0.0,0.0,0.0,,,0,0,0,0
4.0,1.0,1.0,,TEMPERATURE Forecast for DAY 2,The average temperature tomorrow is forecasted to be between 8 and 18 degrees Celsius.,58,2026-02-01 06:31:50.827252,NG,2.15,2.13,2.17,800000.0,800000.0,0,0,0,0
3.0,1.0,1.0,,You are logged in as a DISTRIBUTOR,,58,2026-02-01 06:31:50.827252,ELEC-day2,0.0,0.0,0.0,,,0,0,0,0
2.0,1.0,1.0,,FINES,"The fine for open positions of ELEC-dayX at the end of the day is $20,000/contract.",58,2026-02-01 06:31:50.827252,ELEC-day3,0.0,0.0,0.0,,,0,0,0,0
1.0,1.0,1.0,,Welcome to the RITC2026 GBE Energy Electricity Trading Case - practice server,,58,2026-02-01 06:31:50.827252,ELEC-day4,0.0,0.0,0.0,,,0,0,0,0
,,,,,,58,2026-02-01 06:31:50.827252,ELEC-day5,0.0,0.0,0.0,,,0,0,0,0
,,,,,,58,2026-02-01 06:31:50.827252,ELEC-day6,0.0,0.0,0.0,,,0,0,0,0
,,,,,,58,2026-02-01 06:31:50.827252,ELEC-F,0.0,0.0,0.0,,,0,0,0,0
4.0,1.0,1.0,,TEMPERATURE Forecast for DAY 2,The average temperature tomorrow is forecasted to be between 8 and 18 degrees Celsius.,59,2026-02-01 06:31:51.866910,NG,2.15,2.13,2.17,800000.0,800000.0,0,0,0,0
3.0,1.0,1.0,,You are logged in as a DISTRIBUTOR,,59,2026-02-01 06:31:51.866910,ELEC-day2,0.0,0.0,0.0,,,0,0,0,0
2.0,1.0,1.0,,FINES,"The fine for open positions of ELEC-dayX at the end of the day is $20,000/contract.",59,2026-02-01 06:31:51.866910,ELEC-day3,0.0,0.0,0.0,,,0,0,0,0
1.0,1.0,1.0,,Welcome to the RITC2026 GBE Energy Electricity Trading Case - practice server,,59,2026-02-01 06:31:51.866910,ELEC-day4,0.0,0.0,0.0,,,0,0,0,0
,,,,,,59,2026-02-01 06:31:51.866910,ELEC-day5,0.0,0.0,0.0,,,0,0,0,0
,,,,,,59,2026-02-01 06:31:51.866910,ELEC-day6,0.0,0.0,0.0,,,0,0,0,0
,,,,,,59,2026-02-01 06:31:51.866910,ELEC-F,0.0,0.0,0.0,,,0,0,0,0
4.0,1.0,1.0,,TEMPERATURE Forecast for DAY 2,The average temperature tomorrow is forecasted to be between 8 and 18 degrees Celsius.,60,2026-02-01 06:31:52.897093,NG,2.15,2.13,2.17,800000.0,800000.0,0,0,0,0
3.0,1.0,1.0,,You are logged in as a DISTRIBUTOR,,60,2026-02-01 06:31:52.897093,ELEC-day2,0.0,0.0,0.0,,,0,0,0,0
2.0,1.0,1.0,,FINES,"The fine for open positions of ELEC-dayX at the end of the day is $20,000/contract.",60,2026-02-01 06:31:52.897093,ELEC-day3,0.0,0.0,0.0,,,0,0,0,0
1.0,1.0,1.0,,Welcome to the RITC2026 GBE Energy Electricity Trading Case - practice server,,60,2026-02-01 06:31:52.897093,ELEC-day4,0.0,0.0,0.0,,,0,0,0,0
,,,,,,60,2026-02-01 06:31:52.897093,ELEC-day5,0.0,0.0,0.0,,,0,0,0,0
,,,,,,60,2026-02-01 06:31:52.897093,ELEC-day6,0.0,0.0,0.0,,,0,0,0,0
,,,,,,60,2026-02-01 06:31:52.897093,ELEC-F,0.0,0.0,0.0,,,0,0,0,0
4.0,1.0,1.0,,TEMPERATURE Forecast for DAY 2,The average temperature tomorrow is forecasted to be between 8 and 18 degrees Celsius.,61,2026-02-01 06:31:53.923053,NG,2.16,2.14,2.18,800000.0,800000.0,0,0,0,0
3.0,1.0,1.0,,You are logged in as a DISTRIBUTOR,,61,2026-02-01 06:31:53.923053,ELEC-day2,0.0,0.0,0.0,,,0,0,0,0
2.0,1.0,1.0,,FINES,"The fine for open positions of ELEC-dayX at the end of the day is $20,000/contract.",61,2026-02-01 06:31:53.923053,ELEC-day3,0.0,0.0,0.0,,,0,0,0,0
1.0,1.0,1.0,,Welcome to the RITC2026 GBE Energy Electricity Trading Case - practice server,,61,2026-02-01 06:31:53.923053,ELEC-day4,0.0,0.0,0.0,,,0,0,0,0
,,,,,,61,2026-02-01 06:31:53.923053,ELEC-day5,0.0,0.0,0.0,,,0,0,0,0
,,,,,,61,2026-02-01 06:31:53.923053,ELEC-day6,0.0,0.0,0.0,,,0,0,0,0
,,,,,,61,2026-02-01 06:31:53.923053,ELEC-F,0.0,0.0,0.0,,,0,0,0,0
4.0,1.0,1.0,,TEMPERATURE Forecast for DAY 2,The average temperature tomorrow is forecasted to be between 8 and 18 degrees Celsius.,62,2026-02-01 06:31:54.952817,NG,2.14,2.12,2.16,800000.0,800000.0,0,0,0,0
3.0,1.0,1.0,,You are logged in as a DISTRIBUTOR,,62,2026-02-01 06:31:54.952817,ELEC-day2,0.0,0.0,0.0,,,0,0,0,0
2.0,1.0,1.0,,FINES,"The fine for open positions of ELEC-dayX at the end of the day is $20,000/contract.",62,2026-02-01 06:31:54.952817,ELEC-day3,0.0,0.0,0.0,,,0,0,0,0
1.0,1.0,1.0,,Welcome to the RITC2026 GBE Energy Electricity Trading Case - practice server,,62,2026-02-01 06:31:54.952817,ELEC-day4,0.0,0.0,0.0,,,0,0,0,0
,,,,,,62,2026-02-01 06:31:54.952817,ELEC-day5,0.0,0.0,0.0,,,0,0,0,0
,,,,,,62,2026-02-01 06:31:54.952817,ELEC-day6,0.0,0.0,0.0,,,0,0,0,0
,,,,,,62,2026-02-01 06:31:54.952817,ELEC-F,0.0,0.0,0.0,,,0,0,0,0
4.0,1.0,1.0,,TEMPERATURE Forecast for DAY 2,The average temperature tomorrow is forecasted to be between 8 and 18 degrees Celsius.,63,2026-02-01 06:31:55.972880,NG,2.14,2.12,2.16,800000.0,800000.0,0,0,0,0
3.0,1.0,1.0,,You are logged in as a DISTRIBUTOR,,63,2026-02-01 06:31:55.972880,ELEC-day2,0.0,0.0,0.0,,,0,0,0,0
2.0,1.0,1.0,,FINES,"The fine for open positions of ELEC-dayX at the end of the day is $20,000/contract.",63,2026-02-01 06:31:55.972880,ELEC-day3,0.0,0.0,0.0,,,0,0,0,0
1.0,1.0,1.0,,Welcome to the RITC2026 GBE Energy Electricity Trading Case - practice server,,63,2026-02-01 06:31:55.972880,ELEC-day4,0.0,0.0,0.0,,,0,0,0,0
,,,,,,63,2026-02-01 06:31:55.972880,ELEC-day5,0.0,0.0,0.0,,,0,0,0,0
,,,,,,63,2026-02-01 06:31:55.972880,ELEC-day6,0.0,0.0,0.0,,,0,0,0,0
,,,,,,63,2026-02-01 06:31:55.972880,ELEC-F,0.0,0.0,0.0,,,0,0,0,0
4.0,1.0,1.0,,TEMPERATURE Forecast for DAY 2,The average temperature tomorrow is forecasted to be between 8 and 18 degrees Celsius.,64,2026-02-01 06:31:57.003116,NG,2.14,2.12,2.16,800000.0,800000.0,0,0,0,0
3.0,1.0,1.0,,You are logged in as a DISTRIBUTOR,,64,2026-02-01 06:31:57.003116,ELEC-day2,0.0,0.0,0.0,,,0,0,0,0
2.0,1.0,1.0,,FINES,"The fine for open positions of ELEC-dayX at the end of the day is $20,000/contract.",64,2026-02-01 06:31:57.003116,ELEC-day3,0.0,0.0,0.0,,,0,0,0,0
1.0,1.0,1.0,,Welcome to the RITC2026 GBE Energy Electricity Trading Case - practice server,,64,2026-02-01 06:31:57.003116,ELEC-day4,0.0,0.0,0.0,,,0,0,0,0
,,,,,,64,2026-02-01 06:31:57.003116,ELEC-day5,0.0,0.0,0.0,,,0,0,0,0
,,,,,,64,2026-02-01 06:31:57.003116,ELEC-day6,0.0,0.0,0.0,,,0,0,0,0
,,,,,,64,2026-02-01 06:31:57.003116,ELEC-F,0.0,0.0,0.0,,,0,0,0,0
4.0,1.0,1.0,,TEMPERATURE Forecast for DAY 2,The average temperature tomorrow is forecasted to be between 8 and 18 degrees Celsius.,65,2026-02-01 06:31:58.035433,NG,2.14,2.12,2.16,800000.0,800000.0,0,0,0,0
3.0,1.0,1.0,,You are logged in as a DISTRIBUTOR,,65,2026-02-01 06:31:58.035433,ELEC-day2,0.0,0.0,0.0,,,0,0,0,0
2.0,1.0,1.0,,FINES,"The fine for open positions of ELEC-dayX at the end of the day is $20,000/contract.",65,2026-02-01 06:31:58.035433,ELEC-day3,0.0,0.0,0.0,,,0,0,0,0
1.0,1.0,1.0,,Welcome to the RITC2026 GBE Energy Electricity Trading Case - practice server,,65,2026-02-01 06:31:58.035433,ELEC-day4,0.0,0.0,0.0,,,0,0,0,0
,,,,,,65,2026-02-01 06:31:58.035433,ELEC-day5,0.0,0.0,0.0,,,0,0,0,0
,,,,,,65,2026-02-01 06:31:58.035433,ELEC-day6,0.0,0.0,0.0,,,0,0,0,0
,,,,,,65,2026-02-01 06:31:58.035433,ELEC-F,0.0,0.0,0.0,,,0,0,0,0
4.0,1.0,1.0,,TEMPERATURE Forecast for DAY 2,The average temperature tomorrow is forecasted to be between 8 and 18 degrees Celsius.,66,2026-02-01 06:31:59.068589,NG,2.14,2.12,2.16,800000.0,800000.0,0,0,0,0
3.0,1.0,1.0,,You are logged in as a DISTRIBUTOR,,66,2026-02-01 06:31:59.068589,ELEC-day2,0.0,0.0,0.0,,,0,0,0,0
2.0,1.0,1.0,,FINES,"The fine for open positions of ELEC-dayX at the end of the day is $20,000/contract.",66,2026-02-01 06:31:59.068589,ELEC-day3,0.0,0.0,0.0,,,0,0,0,0
1.0,1.0,1.0,,Welcome to the RITC2026 GBE Energy Electricity Trading Case - practice server,,66,2026-02-01 06:31:59.068589,ELEC-day4,0.0,0.0,0.0,,,0,0,0,0
,,,,,,66,2026-02-01 06:31:59.068589,ELEC-day5,0.0,0.0,0.0,,,0,0,0,0
,,,,,,66,2026-02-01 06:31:59.068589,ELEC-day6,0.0,0.0,0.0,,,0,0,0,0
,,,,,,66,2026-02-01 06:31:59.068589,ELEC-F,0.0,0.0,0.0,,,0,0,0,0
4.0,1.0,1.0,,TEMPERATURE Forecast for DAY 2,The average temperature tomorrow is forecasted to be between 8 and 18 degrees Celsius.,67,2026-02-01 06:32:00.092958,NG,2.14,2.12,2.16,800000.0,800000.0,0,0,0,0
3.0,1.0,1.0,,You are logged in as a DISTRIBUTOR,,67,2026-02-01 06:32:00.092958,ELEC-day2,0.0,0.0,0.0,,,0,0,0,0
2.0,1.0,1.0,,FINES,"The fine for open positions of ELEC-dayX at the end of the day is $20,000/contract.",67,2026-02-01 06:32:00.092958,ELEC-day3,0.0,0.0,0.0,,,0,0,0,0
1.0,1.0,1.0,,Welcome to the RITC2026 GBE Energy Electricity Trading Case - practice server,,67,2026-02-01 06:32:00.092958,ELEC-day4,0.0,0.0,0.0,,,0,0,0,0
,,,,,,67,2026-02-01 06:32:00.092958,ELEC-day5,0.0,0.0,0.0,,,0,0,0,0
,,,,,,67,2026-02-01 06:32:00.092958,ELEC-day6,0.0,0.0,0.0,,,0,0,0,0
,,,,,,67,2026-02-01 06:32:00.092958,ELEC-F,0.0,0.0,0.0,,,0,0,0,0
4.0,1.0,1.0,,TEMPERATURE Forecast for DAY 2,The average temperature tomorrow is forecasted to be between 8 and 18 degrees Celsius.,68,2026-02-01 06:32:01.132892,NG,2.13,2.11,2.15,800000.0,800000.0,0,0,0,0
3.0,1.0,1.0,,You are logged in as a DISTRIBUTOR,,68,2026-02-01 06:32:01.132892,ELEC-day2,0.0,0.0,0.0,,,0,0,0,0
2.0,1.0,1.0,,FINES,"The fine for open positions of ELEC-dayX at the end of the day is $20,000/contract.",68,2026-02-01 06:32:01.132892,ELEC-day3,0.0,0.0,0.0,,,0,0,0,0
1.0,1.0,1.0,,Welcome to the RITC2026 GBE Energy Electricity Trading Case - practice server,,68,2026-02-01 06:32:01.132892,ELEC-day4,0.0,0.0,0.0,,,0,0,0,0
,,,,,,68,2026-02-01 06:32:01.132892,ELEC-day5,0.0,0.0,0.0,,,0,0,0,0
,,,,,,68,2026-02-01 06:32:01.132892,ELEC-day6,0.0,0.0,0.0,,,0,0,0,0
,,,,,,68,2026-02-01 06:32:01.132892,ELEC-F,0.0,0.0,0.0,,,0,0,0,0
4.0,1.0,1.0,,TEMPERATURE Forecast for DAY 2,The average temperature tomorrow is forecasted to be between 8 and 18 degrees Celsius.,69,2026-02-01 06:32:02.163735,NG,2.13,2.11,2.15,800000.0,800000.0,0,0,0,0
3.0,1.0,1.0,,You are logged in as a DISTRIBUTOR,,69,2026-02-01 06:32:02.163735,ELEC-day2,0.0,0.0,0.0,,,0,0,0,0
2.0,1.0,1.0,,FINES,"The fine for open positions of ELEC-dayX at the end of the day is $20,000/contract.",69,2026-02-01 06:32:02.163735,ELEC-day3,0.0,0.0,0.0,,,0,0,0,0
1.0,1.0,1.0,,Welcome to the RITC2026 GBE Energy Electricity Trading Case - practice server,,69,2026-02-01 06:32:02.163735,ELEC-day4,0.0,0.0,0.0,,,0,0,0,0
,,,,,,69,2026-02-01 06:32:02.163735,ELEC-day5,0.0,0.0,0.0,,,0,0,0,0
,,,,,,69,2026-02-01 06:32:02.163735,ELEC-day6,0.0,0.0,0.0,,,0,0,0,0
,,,,,,69,2026-02-01 06:32:02.163735,ELEC-F,0.0,0.0,0.0,,,0,0,0,0
4.0,1.0,1.0,,TEMPERATURE Forecast for DAY 2,The average temperature tomorrow is forecasted to be between 8 and 18 degrees Celsius.,70,2026-02-01 06:32:03.193008,NG,2.12,2.1,2.14,800000.0,800000.0,0,0,0,0
3.0,1.0,1.0,,You are logged in as a DISTRIBUTOR,,70,2026-02-01 06:32:03.193008,ELEC-day2,0.0,0.0,0.0,,,0,0,0,0
2.0,1.0,1.0,,FINES,"The fine for open positions of ELEC-dayX at the end of the day is $20,000/contract.",70,2026-02-01 06:32:03.193008,ELEC-day3,0.0,0.0,0.0,,,0,0,0,0
1.0,1.0,1.0,,Welcome to the RITC2026 GBE Energy Electricity Trading Case - practice server,,70,2026-02-01 06:32:03.193008,ELEC-day4,0.0,0.0,0.0,,,0,0,0,0
,,,,,,70,2026-02-01 06:32:03.193008,ELEC-day5,0.0,0.0,0.0,,,0,0,0,0
,,,,,,70,2026-02-01 06:32:03.193008,ELEC-day6,0.0,0.0,0.0,,,0,0,0,0
,,,,,,70,2026-02-01 06:32:03.193008,ELEC-F,0.0,0.0,0.0,,,0,0,0,0
4.0,1.0,1.0,,TEMPERATURE Forecast for DAY 2,The average temperature tomorrow is forecasted to be between 8 and 18 degrees Celsius.,72,2026-02-01 06:32:04.272907,NG,2.13,2.11,2.15,800000.0,800000.0,0,0,0,0
3.0,1.0,1.0,,You are logged in as a DISTRIBUTOR,,72,2026-02-01 06:32:04.272907,ELEC-day2,0.0,0.0,0.0,,,0,0,0,0
2.0,1.0,1.0,,FINES,"The fine for open positions of ELEC-dayX at the end of the day is $20,000/contract.",72,2026-02-01 06:32:04.272907,ELEC-day3,0.0,0.0,0.0,,,0,0,0,0
1.0,1.0,1.0,,Welcome to the RITC2026 GBE Energy Electricity Trading Case - practice server,,72,2026-02-01 06:32:04.272907,ELEC-day4,0.0,0.0,0.0,,,0,0,0,0
,,,,,,72,2026-02-01 06:32:04.272907,ELEC-day5,0.0,0.0,0.0,,,0,0,0,0
,,,,,,72,2026-02-01 06:32:04.272907,ELEC-day6,0.0,0.0,0.0,,,0,0,0,0
,,,,,,72,2026-02-01 06:32:04.272907,ELEC-F,0.0,0.0,0.0,,,0,0,0,0
4.0,1.0,1.0,,TEMPERATURE Forecast for DAY 2,The average temperature tomorrow is forecasted to be between 8 and 18 degrees Celsius.,73,2026-02-01 06:32:05.378097,NG,2.13,2.11,2.15,800000.0,800000.0,0,0,0,0
3.0,1.0,1.0,,You are logged in as a DISTRIBUTOR,,73,2026-02-01 06:32:05.378097,ELEC-day2,0.0,0.0,0.0,,,0,0,0,0
2.0,1.0,1.0,,FINES,"The fine for open positions of ELEC-dayX at the end of the day is $20,000/contract.",73,2026-02-01 06:32:05.378097,ELEC-day3,0.0,0.0,0.0,,,0,0,0,0
1.0,1.0,1.0,,Welcome to the RITC2026 GBE Energy Electricity Trading Case - practice server,,73,2026-02-01 06:32:05.378097,ELEC-day4,0.0,0.0,0.0,,,0,0,0,0
,,,,,,73,2026-02-01 06:32:05.378097,ELEC-day5,0.0,0.0,0.0,,,0,0,0,0
,,,,,,73,2026-02-01 06:32:05.378097,ELEC-day6,0.0,0.0,0.0,,,0,0,0,0
,,,,,,73,2026-02-01 06:32:05.378097,ELEC-F,0.0,0.0,0.0,,,0,0,0,0
4.0,1.0,1.0,,TEMPERATURE Forecast for DAY 2,The average temperature tomorrow is forecasted to be between 8 and 18 degrees Celsius.,74,2026-02-01 06:32:06.411430,NG,2.14,2.12,2.16,800000.0,800000.0,0,0,0,0
3.0,1.0,1.0,,You are logged in as a DISTRIBUTOR,,74,2026-02-01 06:32:06.411430,ELEC-day2,0.0,0.0,0.0,,,0,0,0,0
2.0,1.0,1.0,,FINES,"The fine for open positions of ELEC-dayX at the end of the day is $20,000/contract.",74,2026-02-01 06:32:06.411430,ELEC-day3,0.0,0.0,0.0,,,0,0,0,0
1.0,1.0,1.0,,Welcome to the RITC2026 GBE Energy Electricity Trading Case - practice server,,74,2026-02-01 06:32:06.411430,ELEC-day4,0.0,0.0,0.0,,,0,0,0,0
,,,,,,74,2026-02-01 06:32:06.411430,ELEC-day5,0.0,0.0,0.0,,,0,0,0,0
,,,,,,74,2026-02-01 06:32:06.411430,ELEC-day6,0.0,0.0,0.0,,,0,0,0,0
,,,,,,74,2026-02-01 06:32:06.411430,ELEC-F,0.0,0.0,0.0,,,0,0,0,0
4.0,1.0,1.0,,TEMPERATURE Forecast for DAY 2,The average temperature tomorrow is forecasted to be between 8 and 18 degrees Celsius.,75,2026-02-01 06:32:07.457720,NG,2.14,2.12,2.16,800000.0,800000.0,0,0,0,0
3.0,1.0,1.0,,You are logged in as a DISTRIBUTOR,,75,2026-02-01 06:32:07.457720,ELEC-day2,0.0,0.0,0.0,,,0,0,0,0
2.0,1.0,1.0,,FINES,"The fine for open positions of ELEC-dayX at the end of the day is $20,000/contract.",75,2026-02-01 06:32:07.457720,ELEC-day3,0.0,0.0,0.0,,,0,0,0,0
1.0,1.0,1.0,,Welcome to the RITC2026 GBE Energy Electricity Trading Case - practice server,,75,2026-02-01 06:32:07.457720,ELEC-day4,0.0,0.0,0.0,,,0,0,0,0
,,,,,,75,2026-02-01 06:32:07.457720,ELEC-day5,0.0,0.0,0.0,,,0,0,0,0
,,,,,,75,2026-02-01 06:32:07.457720,ELEC-day6,0.0,0.0,0.0,,,0,0,0,0
,,,,,,75,2026-02-01 06:32:07.457720,ELEC-F,0.0,0.0,0.0,,,0,0,0,0
4.0,1.0,1.0,,TEMPERATURE Forecast for DAY 2,The average temperature tomorrow is forecasted to be between 8 and 18 degrees Celsius.,76,2026-02-01 06:32:08.498711,NG,2.14,2.12,2.16,800000.0,800000.0,0,0,0,0
3.0,1.0,1.0,,You are logged in as a DISTRIBUTOR,,76,2026-02-01 06:32:08.498711,ELEC-day2,0.0,0.0,0.0,,,0,0,0,0
2.0,1.0,1.0,,FINES,"The fine for open positions of ELEC-dayX at the end of the day is $20,000/contract.",76,2026-02-01 06:32:08.498711,ELEC-day3,0.0,0.0,0.0,,,0,0,0,0
1.0,1.0,1.0,,Welcome to the RITC2026 GBE Energy Electricity Trading Case - practice server,,76,2026-02-01 06:32:08.498711,ELEC-day4,0.0,0.0,0.0,,,0,0,0,0
,,,,,,76,2026-02-01 06:32:08.498711,ELEC-day5,0.0,0.0,0.0,,,0,0,0,0
,,,,,,76,2026-02-01 06:32:08.498711,ELEC-day6,0.0,0.0,0.0,,,0,0,0,0
,,,,,,76,2026-02-01 06:32:08.498711,ELEC-F,0.0,0.0,0.0,,,0,0,0,0
4.0,1.0,1.0,,TEMPERATURE Forecast for DAY 2,The average temperature tomorrow is forecasted to be between 8 and 18 degrees Celsius.,77,2026-02-01 06:32:09.538490,NG,2.15,2.13,2.17,800000.0,800000.0,0,0,0,0
3.0,1.0,1.0,,You are logged in as a DISTRIBUTOR,,77,2026-02-01 06:32:09.538490,ELEC-day2,0.0,0.0,0.0,,,0,0,0,0
2.0,1.0,1.0,,FINES,"The fine for open positions of ELEC-dayX at the end of the day is $20,000/contract.",77,2026-02-01 06:32:09.538490,ELEC-day3,0.0,0.0,0.0,,,0,0,0,0
1.0,1.0,1.0,,Welcome to the RITC2026 GBE Energy Electricity Trading Case - practice server,,77,2026-02-01 06:32:09.538490,ELEC-day4,0.0,0.0,0.0,,,0,0,0,0
,,,,,,77,2026-02-01 06:32:09.538490,ELEC-day5,0.0,0.0,0.0,,,0,0,0,0
,,,,,,77,2026-02-01 06:32:09.538490,ELEC-day6,0.0,0.0,0.0,,,0,0,0,0
,,,,,,77,2026-02-01 06:32:09.538490,ELEC-F,0.0,0.0,0.0,,,0,0,0,0
4.0,1.0,1.0,,TEMPERATURE Forecast for DAY 2,The average temperature tomorrow is forecasted to be between 8 and 18 degrees Celsius.,78,2026-02-01 06:32:10.572035,NG,2.15,2.13,2.17,800000.0,800000.0,0,0,0,0
3.0,1.0,1.0,,You are logged in as a DISTRIBUTOR,,78,2026-02-01 06:32:10.572035,ELEC-day2,0.0,0.0,0.0,,,0,0,0,0
2.0,1.0,1.0,,FINES,"The fine for open positions of ELEC-dayX at the end of the day is $20,000/contract.",78,2026-02-01 06:32:10.572035,ELEC-day3,0.0,0.0,0.0,,,0,0,0,0
1.0,1.0,1.0,,Welcome to the RITC2026 GBE Energy Electricity Trading Case - practice server,,78,2026-02-01 06:32:10.572035,ELEC-day4,0.0,0.0,0.0,,,0,0,0,0
,,,,,,78,2026-02-01 06:32:10.572035,ELEC-day5,0.0,0.0,0.0,,,0,0,0,0
,,,,,,78,2026-02-01 06:32:10.572035,ELEC-day6,0.0,0.0,0.0,,,0,0,0,0
,,,,,,78,2026-02-01 06:32:10.572035,ELEC-F,0.0,0.0,0.0,,,0,0,0,0
4.0,1.0,1.0,,TEMPERATURE Forecast for DAY 2,The average temperature tomorrow is forecasted to be between 8 and 18 degrees Celsius.,79,2026-02-01 06:32:11.595744,NG,2.14,2.12,2.16,800000.0,800000.0,0,0,0,0
3.0,1.0,1.0,,You are logged in as a DISTRIBUTOR,,79,2026-02-01 06:32:11.595744,ELEC-day2,0.0,0.0,0.0,,,0,0,0,0
2.0,1.0,1.0,,FINES,"The fine for open positions of ELEC-dayX at the end of the day is $20,000/contract.",79,2026-02-01 06:32:11.595744,ELEC-day3,0.0,0.0,0.0,,,0,0,0,0
1.0,1.0,1.0,,Welcome to the RITC2026 GBE Energy Electricity Trading Case - practice server,,79,2026-02-01 06:32:11.595744,ELEC-day4,0.0,0.0,0.0,,,0,0,0,0
,,,,,,79,2026-02-01 06:32:11.595744,ELEC-day5,0.0,0.0,0.0,,,0,0,0,0
,,,,,,79,2026-02-01 06:32:11.595744,ELEC-day6,0.0,0.0,0.0,,,0,0,0,0
,,,,,,79,2026-02-01 06:32:11.595744,ELEC-F,0.0,0.0,0.0,,,0,0,0,0
4.0,1.0,1.0,,TEMPERATURE Forecast for DAY 2,The average temperature tomorrow is forecasted to be between 8 and 18 degrees Celsius.,80,2026-02-01 06:32:12.623238,NG,2.14,2.12,2.16,800000.0,800000.0,0,0,0,0
3.0,1.0,1.0,,You are logged in as a DISTRIBUTOR,,80,2026-02-01 06:32:12.623238,ELEC-day2,0.0,0.0,0.0,,,0,0,0,0
2.0,1.0,1.0,,FINES,"The fine for open positions of ELEC-dayX at the end of the day is $20,000/contract.",80,2026-02-01 06:32:12.623238,ELEC-day3,0.0,0.0,0.0,,,0,0,0,0
1.0,1.0,1.0,,Welcome to the RITC2026 GBE Energy Electricity Trading Case - practice server,,80,2026-02-01 06:32:12.623238,ELEC-day4,0.0,0.0,0.0,,,0,0,0,0
,,,,,,80,2026-02-01 06:32:12.623238,ELEC-day5,0.0,0.0,0.0,,,0,0,0,0
,,,,,,80,2026-02-01 06:32:12.623238,ELEC-day6,0.0,0.0,0.0,,,0,0,0,0
,,,,,,80,2026-02-01 06:32:12.623238,ELEC-F,0.0,0.0,0.0,,,0,0,0,0
4.0,1.0,1.0,,TEMPERATURE Forecast for DAY 2,The average temperature tomorrow is forecasted to be between 8 and 18 degrees Celsius.,81,2026-02-01 06:32:13.644254,NG,2.15,2.13,2.17,800000.0,800000.0,0,0,0,0
3.0,1.0,1.0,,You are logged in as a DISTRIBUTOR,,81,2026-02-01 06:32:13.644254,ELEC-day2,0.0,0.0,0.0,,,0,0,0,0
2.0,1.0,1.0,,FINES,"The fine for open positions of ELEC-dayX at the end of the day is $20,000/contract.",81,2026-02-01 06:32:13.644254,ELEC-day3,0.0,0.0,0.0,,,0,0,0,0
1.0,1.0,1.0,,Welcome to the RITC2026 GBE Energy Electricity Trading Case - practice server,,81,2026-02-01 06:32:13.644254,ELEC-day4,0.0,0.0,0.0,,,0,0,0,0
,,,,,,81,2026-02-01 06:32:13.644254,ELEC-day5,0.0,0.0,0.0,,,0,0,0,0
,,,,,,81,2026-02-01 06:32:13.644254,ELEC-day6,0.0,0.0,0.0,,,0,0,0,0
,,,,,,81,2026-02-01 06:32:13.644254,ELEC-F,0.0,0.0,0.0,,,0,0,0,0
4.0,1.0,1.0,,TEMPERATURE Forecast for DAY 2,The average temperature tomorrow is forecasted to be between 8 and 18 degrees Celsius.,82,2026-02-01 06:32:14.676089,NG,2.15,2.13,2.17,800000.0,800000.0,0,0,0,0
3.0,1.0,1.0,,You are logged in as a DISTRIBUTOR,,82,2026-02-01 06:32:14.676089,ELEC-day2,0.0,0.0,0.0,,,0,0,0,0
2.0,1.0,1.0,,FINES,"The fine for open positions of ELEC-dayX at the end of the day is $20,000/contract.",82,2026-02-01 06:32:14.676089,ELEC-day3,0.0,0.0,0.0,,,0,0,0,0
1.0,1.0,1.0,,Welcome to the RITC2026 GBE Energy Electricity Trading Case - practice server,,82,2026-02-01 06:32:14.676089,ELEC-day4,0.0,0.0,0.0,,,0,0,0,0
,,,,,,82,2026-02-01 06:32:14.676089,ELEC-day5,0.0,0.0,0.0,,,0,0,0,0
,,,,,,82,2026-02-01 06:32:14.676089,ELEC-day6,0.0,0.0,0.0,,,0,0,0,0
,,,,,,82,2026-02-01 06:32:14.676089,ELEC-F,0.0,0.0,0.0,,,0,0,0,0
4.0,1.0,1.0,,TEMPERATURE Forecast for DAY 2,The average temperature tomorrow is forecasted to be between 8 and 18 degrees Celsius.,83,2026-02-01 06:32:15.714954,NG,2.15,2.13,2.17,800000.0,800000.0,0,0,0,0
3.0,1.0,1.0,,You are logged in as a DISTRIBUTOR,,83,2026-02-01 06:32:15.714954,ELEC-day2,0.0,0.0,0.0,,,0,0,0,0
2.0,1.0,1.0,,FINES,"The fine for open positions of ELEC-dayX at the end of the day is $20,000/contract.",83,2026-02-01 06:32:15.714954,ELEC-day3,0.0,0.0,0.0,,,0,0,0,0
1.0,1.0,1.0,,Welcome to the RITC2026 GBE Energy Electricity Trading Case - practice server,,83,2026-02-01 06:32:15.714954,ELEC-day4,0.0,0.0,0.0,,,0,0,0,0
,,,,,,83,2026-02-01 06:32:15.714954,ELEC-day5,0.0,0.0,0.0,,,0,0,0,0
,,,,,,83,2026-02-01 06:32:15.714954,ELEC-day6,0.0,0.0,0.0,,,0,0,0,0
,,,,,,83,2026-02-01 06:32:15.714954,ELEC-F,0.0,0.0,0.0,,,0,0,0,0
4.0,1.0,1.0,,TEMPERATURE Forecast for DAY 2,The average temperature tomorrow is forecasted to be between 8 and 18 degrees Celsius.,84,2026-02-01 06:32:16.743158,NG,2.15,2.13,2.17,800000.0,800000.0,0,0,0,0
3.0,1.0,1.0,,You are logged in as a DISTRIBUTOR,,84,2026-02-01 06:32:16.743158,ELEC-day2,0.0,0.0,0.0,,,0,0,0,0
2.0,1.0,1.0,,FINES,"The fine for open positions of ELEC-dayX at the end of the day is $20,000/contract.",84,2026-02-01 06:32:16.743158,ELEC-day3,0.0,0.0,0.0,,,0,0,0,0
1.0,1.0,1.0,,Welcome to the RITC2026 GBE Energy Electricity Trading Case - practice server,,84,2026-02-01 06:32:16.743158,ELEC-day4,0.0,0.0,0.0,,,0,0,0,0
,,,,,,84,2026-02-01 06:32:16.743158,ELEC-day5,0.0,0.0,0.0,,,0,0,0,0
,,,,,,84,2026-02-01 06:32:16.743158,ELEC-day6,0.0,0.0,0.0,,,0,0,0,0
,,,,,,84,2026-02-01 06:32:16.743158,ELEC-F,0.0,0.0,0.0,,,0,0,0,0
4.0,1.0,1.0,,TEMPERATURE Forecast for DAY 2,The average temperature tomorrow is forecasted to be between 8 and 18 degrees Celsius.,85,2026-02-01 06:32:17.779248,NG,2.15,2.13,2.17,800000.0,800000.0,0,0,0,0
3.0,1.0,1.0,,You are logged in as a DISTRIBUTOR,,85,2026-02-01 06:32:17.779248,ELEC-day2,0.0,0.0,0.0,,,0,0,0,0
2.0,1.0,1.0,,FINES,"The fine for open positions of ELEC-dayX at the end of the day is $20,000/contract.",85,2026-02-01 06:32:17.779248,ELEC-day3,0.0,0.0,0.0,,,0,0,0,0
1.0,1.0,1.0,,Welcome to the RITC2026 GBE Energy Electricity Trading Case - practice server,,85,2026-02-01 06:32:17.779248,ELEC-day4,0.0,0.0,0.0,,,0,0,0,0
,,,,,,85,2026-02-01 06:32:17.779248,ELEC-day5,0.0,0.0,0.0,,,0,0,0,0
,,,,,,85,2026-02-01 06:32:17.779248,ELEC-day6,0.0,0.0,0.0,,,0,0,0,0
,,,,,,85,2026-02-01 06:32:17.779248,ELEC-F,0.0,0.0,0.0,,,0,0,0,0
4.0,1.0,1.0,,TEMPERATURE Forecast for DAY 2,The average temperature tomorrow is forecasted to be between 8 and 18 degrees Celsius.,86,2026-02-01 06:32:18.812103,NG,2.16,2.14,2.18,800000.0,800000.0,0,0,0,0
3.0,1.0,1.0,,You are logged in as a DISTRIBUTOR,,86,2026-02-01 06:32:18.812103,ELEC-day2,0.0,0.0,0.0,,,0,0,0,0
2.0,1.0,1.0,,FINES,"The fine for open positions of ELEC-dayX at the end of the day is $20,000/contract.",86,2026-02-01 06:32:18.812103,ELEC-day3,0.0,0.0,0.0,,,0,0,0,0
1.0,1.0,1.0,,Welcome to the RITC2026 GBE Energy Electricity Trading Case - practice server,,86,2026-02-01 06:32:18.812103,ELEC-day4,0.0,0.0,0.0,,,0,0,0,0
,,,,,,86,2026-02-01 06:32:18.812103,ELEC-day5,0.0,0.0,0.0,,,0,0,0,0
,,,,,,86,2026-02-01 06:32:18.812103,ELEC-day6,0.0,0.0,0.0,,,0,0,0,0
,,,,,,86,2026-02-01 06:32:18.812103,ELEC-F,0.0,0.0,0.0,,,0,0,0,0
4.0,1.0,1.0,,TEMPERATURE Forecast for DAY 2,The average temperature tomorrow is forecasted to be between 8 and 18 degrees Celsius.,87,2026-02-01 06:32:19.849434,NG,2.16,2.14,2.18,800000.0,800000.0,0,0,0,0
3.0,1.0,1.0,,You are logged in as a DISTRIBUTOR,,87,2026-02-01 06:32:19.849434,ELEC-day2,0.0,0.0,0.0,,,0,0,0,0
2.0,1.0,1.0,,FINES,"The fine for open positions of ELEC-dayX at the end of the day is $20,000/contract.",87,2026-02-01 06:32:19.849434,ELEC-day3,0.0,0.0,0.0,,,0,0,0,0
1.0,1.0,1.0,,Welcome to the RITC2026 GBE Energy Electricity Trading Case - practice server,,87,2026-02-01 06:32:19.849434,ELEC-day4,0.0,0.0,0.0,,,0,0,0,0
,,,,,,87,2026-02-01 06:32:19.849434,ELEC-day5,0.0,0.0,0.0,,,0,0,0,0
,,,,,,87,2026-02-01 06:32:19.849434,ELEC-day6,0.0,0.0,0.0,,,0,0,0,0
,,,,,,87,2026-02-01 06:32:19.849434,ELEC-F,0.0,0.0,0.0,,,0,0,0,0
4.0,1.0,1.0,,TEMPERATURE Forecast for DAY 2,The average temperature tomorrow is forecasted to be between 8 and 18 degrees Celsius.,88,2026-02-01 06:32:20.880767,NG,2.16,2.14,2.18,800000.0,800000.0,0,0,0,0
3.0,1.0,1.0,,You are logged in as a DISTRIBUTOR,,88,2026-02-01 06:32:20.880767,ELEC-day2,0.0,0.0,0.0,,,0,0,0,0
2.0,1.0,1.0,,FINES,"The fine for open positions of ELEC-dayX at the end of the day is $20,000/contract.",88,2026-02-01 06:32:20.880767,ELEC-day3,0.0,0.0,0.0,,,0,0,0,0
1.0,1.0,1.0,,Welcome to the RITC2026 GBE Energy Electricity Trading Case - practice server,,88,2026-02-01 06:32:20.880767,ELEC-day4,0.0,0.0,0.0,,,0,0,0,0
,,,,,,88,2026-02-01 06:32:20.880767,ELEC-day5,0.0,0.0,0.0,,,0,0,0,0
,,,,,,88,2026-02-01 06:32:20.880767,ELEC-day6,0.0,0.0,0.0,,,0,0,0,0
,,,,,,88,2026-02-01 06:32:20.880767,ELEC-F,0.0,0.0,0.0,,,0,0,0,0
4.0,1.0,1.0,,TEMPERATURE Forecast for DAY 2,The average temperature tomorrow is forecasted to be between 8 and 18 degrees Celsius.,89,2026-02-01 06:32:21.915192,NG,2.17,2.15,2.19,800000.0,800000.0,0,0,0,0
3.0,1.0,1.0,,You are logged in as a DISTRIBUTOR,,89,2026-02-01 06:32:21.915192,ELEC-day2,0.0,0.0,0.0,,,0,0,0,0
2.0,1.0,1.0,,FINES,"The fine for open positions of ELEC-dayX at the end of the day is $20,000/contract.",89,2026-02-01 06:32:21.915192,ELEC-day3,0.0,0.0,0.0,,,0,0,0,0
1.0,1.0,1.0,,Welcome to the RITC2026 GBE Energy Electricity Trading Case - practice server,,89,2026-02-01 06:32:21.915192,ELEC-day4,0.0,0.0,0.0,,,0,0,0,0
,,,,,,89,2026-02-01 06:32:21.915192,ELEC-day5,0.0,0.0,0.0,,,0,0,0,0
,,,,,,89,2026-02-01 06:32:21.915192,ELEC-day6,0.0,0.0,0.0,,,0,0,0,0
,,,,,,89,2026-02-01 06:32:21.915192,ELEC-F,0.0,0.0,0.0,,,0,0,0,0
5.0,1.0,89.0,,TEMPERATURE Forecast for DAY 2,The average temperature tomorrow is forecasted to be between 7 and 13 degrees Celsius.,90,2026-02-01 06:32:22.944566,NG,2.16,2.14,2.18,800000.0,800000.0,0,0,0,0
4.0,1.0,1.0,,TEMPERATURE Forecast for DAY 2,The average temperature tomorrow is forecasted to be between 8 and 18 degrees Celsius.,90,2026-02-01 06:32:22.944566,ELEC-day2,0.0,0.0,0.0,,,0,0,0,0
3.0,1.0,1.0,,You are logged in as a DISTRIBUTOR,,90,2026-02-01 06:32:22.944566,ELEC-day3,0.0,0.0,0.0,,,0,0,0,0
2.0,1.0,1.0,,FINES,"The fine for open positions of ELEC-dayX at the end of the day is $20,000/contract.",90,2026-02-01 06:32:22.944566,ELEC-day4,0.0,0.0,0.0,,,0,0,0,0
1.0,1.0,1.0,,Welcome to the RITC2026 GBE Energy Electricity Trading Case - practice server,,90,2026-02-01 06:32:22.944566,ELEC-day5,0.0,0.0,0.0,,,0,0,0,0
,,,,,,90,2026-02-01 06:32:22.944566,ELEC-day6,0.0,0.0,0.0,,,0,0,0,0
,,,,,,90,2026-02-01 06:32:22.944566,ELEC-F,0.0,0.0,0.0,,,0,0,0,0
5.0,1.0,89.0,,TEMPERATURE Forecast for DAY 2,The average temperature tomorrow is forecasted to be between 7 and 13 degrees Celsius.,91,2026-02-01 06:32:23.967067,NG,2.16,2.14,2.18,800000.0,800000.0,0,0,0,0
4.0,1.0,1.0,,TEMPERATURE Forecast for DAY 2,The average temperature tomorrow is forecasted to be between 8 and 18 degrees Celsius.,91,2026-02-01 06:32:23.967067,ELEC-day2,0.0,0.0,0.0,,,0,0,0,0
3.0,1.0,1.0,,You are logged in as a DISTRIBUTOR,,91,2026-02-01 06:32:23.967067,ELEC-day3,0.0,0.0,0.0,,,0,0,0,0
2.0,1.0,1.0,,FINES,"The fine for open positions of ELEC-dayX at the end of the day is $20,000/contract.",91,2026-02-01 06:32:23.967067,ELEC-day4,0.0,0.0,0.0,,,0,0,0,0
1.0,1.0,1.0,,Welcome to the RITC2026 GBE Energy Electricity Trading Case - practice server,,91,2026-02-01 06:32:23.967067,ELEC-day5,0.0,0.0,0.0,,,0,0,0,0
,,,,,,91,2026-02-01 06:32:23.967067,ELEC-day6,0.0,0.0,0.0,,,0,0,0,0
,,,,,,91,2026-02-01 06:32:23.967067,ELEC-F,0.0,0.0,0.0,,,0,0,0,0
5.0,1.0,89.0,,TEMPERATURE Forecast for DAY 2,The average temperature tomorrow is forecasted to be between 7 and 13 degrees Celsius.,92,2026-02-01 06:32:24.988045,NG,2.15,2.13,2.17,800000.0,800000.0,0,0,0,0
4.0,1.0,1.0,,TEMPERATURE Forecast for DAY 2,The average temperature tomorrow is forecasted to be between 8 and 18 degrees Celsius.,92,2026-02-01 06:32:24.988045,ELEC-day2,0.0,0.0,0.0,,,0,0,0,0
3.0,1.0,1.0,,You are logged in as a DISTRIBUTOR,,92,2026-02-01 06:32:24.988045,ELEC-day3,0.0,0.0,0.0,,,0,0,0,0
2.0,1.0,1.0,,FINES,"The fine for open positions of ELEC-dayX at the end of the day is $20,000/contract.",92,2026-02-01 06:32:24.988045,ELEC-day4,0.0,0.0,0.0,,,0,0,0,0
1.0,1.0,1.0,,Welcome to the RITC2026 GBE Energy Electricity Trading Case - practice server,,92,2026-02-01 06:32:24.988045,ELEC-day5,0.0,0.0,0.0,,,0,0,0,0
,,,,,,92,2026-02-01 06:32:24.988045,ELEC-day6,0.0,0.0,0.0,,,0,0,0,0
,,,,,,92,2026-02-01 06:32:24.988045,ELEC-F,0.0,0.0,0.0,,,0,0,0,0
5.0,1.0,89.0,,TEMPERATURE Forecast for DAY 2,The average temperature tomorrow is forecasted to be between 7 and 13 degrees Celsius.,93,2026-02-01 06:32:26.022706,NG,2.14,2.12,2.16,800000.0,800000.0,0,0,0,0
4.0,1.0,1.0,,TEMPERATURE Forecast for DAY 2,The average temperature tomorrow is forecasted to be between 8 and 18 degrees Celsius.,93,2026-02-01 06:32:26.022706,ELEC-day2,0.0,0.0,0.0,,,0,0,0,0
3.0,1.0,1.0,,You are logged in as a DISTRIBUTOR,,93,2026-02-01 06:32:26.022706,ELEC-day3,0.0,0.0,0.0,,,0,0,0,0
2.0,1.0,1.0,,FINES,"The fine for open positions of ELEC-dayX at the end of the day is $20,000/contract.",93,2026-02-01 06:32:26.022706,ELEC-day4,0.0,0.0,0.0,,,0,0,0,0
1.0,1.0,1.0,,Welcome to the RITC2026 GBE Energy Electricity Trading Case - practice server,,93,2026-02-01 06:32:26.022706,ELEC-day5,0.0,0.0,0.0,,,0,0,0,0
,,,,,,93,2026-02-01 06:32:26.022706,ELEC-day6,0.0,0.0,0.0,,,0,0,0,0
,,,,,,93,2026-02-01 06:32:26.022706,ELEC-F,0.0,0.0,0.0,,,0,0,0,0
5.0,1.0,89.0,,TEMPERATURE Forecast for DAY 2,The average temperature tomorrow is forecasted to be between 7 and 13 degrees Celsius.,94,2026-02-01 06:32:27.051498,NG,2.14,2.12,2.16,800000.0,800000.0,0,0,0,0
4.0,1.0,1.0,,TEMPERATURE Forecast for DAY 2,The average temperature tomorrow is forecasted to be between 8 and 18 degrees Celsius.,94,2026-02-01 06:32:27.051498,ELEC-day2,0.0,0.0,0.0,,,0,0,0,0
3.0,1.0,1.0,,You are logged in as a DISTRIBUTOR,,94,2026-02-01 06:32:27.051498,ELEC-day3,0.0,0.0,0.0,,,0,0,0,0
2.0,1.0,1.0,,FINES,"The fine for open positions of ELEC-dayX at the end of the day is $20,000/contract.",94,2026-02-01 06:32:27.051498,ELEC-day4,0.0,0.0,0.0,,,0,0,0,0
1.0,1.0,1.0,,Welcome to the RITC2026 GBE Energy Electricity Trading Case - practice server,,94,2026-02-01 06:32:27.051498,ELEC-day5,0.0,0.0,0.0,,,0,0,0,0
,,,,,,94,2026-02-01 06:32:27.051498,ELEC-day6,0.0,0.0,0.0,,,0,0,0,0
,,,,,,94,2026-02-01 06:32:27.051498,ELEC-F,0.0,0.0,0.0,,,0,0,0,0
5.0,1.0,89.0,,TEMPERATURE Forecast for DAY 2,The average temperature tomorrow is forecasted to be between 7 and 13 degrees Celsius.,95,2026-02-01 06:32:28.091259,NG,2.15,2.13,2.17,800000.0,800000.0,0,0,0,0
4.0,1.0,1.0,,TEMPERATURE Forecast for DAY 2,The average temperature tomorrow is forecasted to be between 8 and 18 degrees Celsius.,95,2026-02-01 06:32:28.091259,ELEC-day2,0.0,0.0,0.0,,,0,0,0,0
3.0,1.0,1.0,,You are logged in as a DISTRIBUTOR,,95,2026-02-01 06:32:28.091259,ELEC-day3,0.0,0.0,0.0,,,0,0,0,0
2.0,1.0,1.0,,FINES,"The fine for open positions of ELEC-dayX at the end of the day is $20,000/contract.",95,2026-02-01 06:32:28.091259,ELEC-day4,0.0,0.0,0.0,,,0,0,0,0
1.0,1.0,1.0,,Welcome to the RITC2026 GBE Energy Electricity Trading Case - practice server,,95,2026-02-01 06:32:28.091259,ELEC-day5,0.0,0.0,0.0,,,0,0,0,0
,,,,,,95,2026-02-01 06:32:28.091259,ELEC-day6,0.0,0.0,0.0,,,0,0,0,0
,,,,,,95,2026-02-01 06:32:28.091259,ELEC-F,0.0,0.0,0.0,,,0,0,0,0
5.0,1.0,89.0,,TEMPERATURE Forecast for DAY 2,The average temperature tomorrow is forecasted to be between 7 and 13 degrees Celsius.,96,2026-02-01 06:32:29.123423,NG,2.16,2.14,2.18,800000.0,800000.0,0,0,0,0
4.0,1.0,1.0,,TEMPERATURE Forecast for DAY 2,The average temperature tomorrow is forecasted to be between 8 and 18 degrees Celsius.,96,2026-02-01 06:32:29.123423,ELEC-day2,0.0,0.0,0.0,,,0,0,0,0
3.0,1.0,1.0,,You are logged in as a DISTRIBUTOR,,96,2026-02-01 06:32:29.123423,ELEC-day3,0.0,0.0,0.0,,,0,0,0,0
2.0,1.0,1.0,,FINES,"The fine for open positions of ELEC-dayX at the end of the day is $20,000/contract.",96,2026-02-01 06:32:29.123423,ELEC-day4,0.0,0.0,0.0,,,0,0,0,0
1.0,1.0,1.0,,Welcome to the RITC2026 GBE Energy Electricity Trading Case - practice server,,96,2026-02-01 06:32:29.123423,ELEC-day5,0.0,0.0,0.0,,,0,0,0,0
,,,,,,96,2026-02-01 06:32:29.123423,ELEC-day6,0.0,0.0,0.0,,,0,0,0,0
,,,,,,96,2026-02-01 06:32:29.123423,ELEC-F,0.0,0.0,0.0,,,0,0,0,0
5.0,1.0,89.0,,TEMPERATURE Forecast for DAY 2,The average temperature tomorrow is forecasted to be between 7 and 13 degrees Celsius.,97,2026-02-01 06:32:30.140697,NG,2.16,2.14,2.18,800000.0,800000.0,0,0,0,0
4.0,1.0,1.0,,TEMPERATURE Forecast for DAY 2,The average temperature tomorrow is forecasted to be between 8 and 18 degrees Celsius.,97,2026-02-01 06:32:30.140697,ELEC-day2,0.0,0.0,0.0,,,0,0,0,0
3.0,1.0,1.0,,You are logged in as a DISTRIBUTOR,,97,2026-02-01 06:32:30.140697,ELEC-day3,0.0,0.0,0.0,,,0,0,0,0
2.0,1.0,1.0,,FINES,"The fine for open positions of ELEC-dayX at the end of the day is $20,000/contract.",97,2026-02-01 06:32:30.140697,ELEC-day4,0.0,0.0,0.0,,,0,0,0,0
1.0,1.0,1.0,,Welcome to the RITC2026 GBE Energy Electricity Trading Case - practice server,,97,2026-02-01 06:32:30.140697,ELEC-day5,0.0,0.0,0.0,,,0,0,0,0
,,,,,,97,2026-02-01 06:32:30.140697,ELEC-day6,0.0,0.0,0.0,,,0,0,0,0
,,,,,,97,2026-02-01 06:32:30.140697,ELEC-F,0.0,0.0,0.0,,,0,0,0,0
5.0,1.0,89.0,,TEMPERATURE Forecast for DAY 2,The average temperature tomorrow is forecasted to be between 7 and 13 degrees Celsius.,98,2026-02-01 06:32:31.179292,NG,2.15,2.13,2.17,800000.0,800000.0,0,0,0,0
4.0,1.0,1.0,,TEMPERATURE Forecast for DAY 2,The average temperature tomorrow is forecasted to be between 8 and 18 degrees Celsius.,98,2026-02-01 06:32:31.179292,ELEC-day2,0.0,0.0,0.0,,,0,0,0,0
3.0,1.0,1.0,,You are logged in as a DISTRIBUTOR,,98,2026-02-01 06:32:31.179292,ELEC-day3,0.0,0.0,0.0,,,0,0,0,0
2.0,1.0,1.0,,FINES,"The fine for open positions of ELEC-dayX at the end of the day is $20,000/contract.",98,2026-02-01 06:32:31.179292,ELEC-day4,0.0,0.0,0.0,,,0,0,0,0
1.0,1.0,1.0,,Welcome to the RITC2026 GBE Energy Electricity Trading Case - practice server,,98,2026-02-01 06:32:31.179292,ELEC-day5,0.0,0.0,0.0,,,0,0,0,0
,,,,,,98,2026-02-01 06:32:31.179292,ELEC-day6,0.0,0.0,0.0,,,0,0,0,0
,,,,,,98,2026-02-01 06:32:31.179292,ELEC-F,0.0,0.0,0.0,,,0,0,0,0
5.0,1.0,89.0,,TEMPERATURE Forecast for DAY 2,The average temperature tomorrow is forecasted to be between 7 and 13 degrees Celsius.,99,2026-02-01 06:32:32.212546,NG,2.15,2.13,2.17,800000.0,800000.0,0,0,0,0
4.0,1.0,1.0,,TEMPERATURE Forecast for DAY 2,The average temperature tomorrow is forecasted to be between 8 and 18 degrees Celsius.,99,2026-02-01 06:32:32.212546,ELEC-day2,0.0,0.0,0.0,,,0,0,0,0
3.0,1.0,1.0,,You are logged in as a DISTRIBUTOR,,99,2026-02-01 06:32:32.212546,ELEC-day3,0.0,0.0,0.0,,,0,0,0,0
2.0,1.0,1.0,,FINES,"The fine for open positions of ELEC-dayX at the end of the day is $20,000/contract.",99,2026-02-01 06:32:32.212546,ELEC-day4,0.0,0.0,0.0,,,0,0,0,0
1.0,1.0,1.0,,Welcome to the RITC2026 GBE Energy Electricity Trading Case - practice server,,99,2026-02-01 06:32:32.212546,ELEC-day5,0.0,0.0,0.0,,,0,0,0,0
,,,,,,99,2026-02-01 06:32:32.212546,ELEC-day6,0.0,0.0,0.0,,,0,0,0,0
,,,,,,99,2026-02-01 06:32:32.212546,ELEC-F,0.0,0.0,0.0,,,0,0,0,0
5.0,1.0,89.0,,TEMPERATURE Forecast for DAY 2,The average temperature tomorrow is forecasted to be between 7 and 13 degrees Celsius.,100,2026-02-01 06:32:33.244279,NG,2.15,2.13,2.17,800000.0,800000.0,0,0,0,0
4.0,1.0,1.0,,TEMPERATURE Forecast for DAY 2,The average temperature tomorrow is forecasted to be between 8 and 18 degrees Celsius.,100,2026-02-01 06:32:33.244279,ELEC-day2,0.0,0.0,0.0,,,0,0,0,0
3.0,1.0,1.0,,You are logged in as a DISTRIBUTOR,,100,2026-02-01 06:32:33.244279,ELEC-day3,0.0,0.0,0.0,,,0,0,0,0
2.0,1.0,1.0,,FINES,"The fine for open positions of ELEC-dayX at the end of the day is $20,000/contract.",100,2026-02-01 06:32:33.244279,ELEC-day4,0.0,0.0,0.0,,,0,0,0,0
1.0,1.0,1.0,,Welcome to the RITC2026 GBE Energy Electricity Trading Case - practice server,,100,2026-02-01 06:32:33.244279,ELEC-day5,0.0,0.0,0.0,,,0,0,0,0
,,,,,,100,2026-02-01 06:32:33.244279,ELEC-day6,0.0,0.0,0.0,,,0,0,0,0
,,,,,,100,2026-02-01 06:32:33.244279,ELEC-F,0.0,0.0,0.0,,,0,0,0,0
5.0,1.0,89.0,,TEMPERATURE Forecast for DAY 2,The average temperature tomorrow is forecasted to be between 7 and 13 degrees Celsius.,101,2026-02-01 06:32:34.283137,NG,2.15,2.13,2.17,800000.0,800000.0,0,0,0,0
4.0,1.0,1.0,,TEMPERATURE Forecast for DAY 2,The average temperature tomorrow is forecasted to be between 8 and 18 degrees Celsius.,101,2026-02-01 06:32:34.283137,ELEC-day2,0.0,0.0,0.0,,,0,0,0,0
3.0,1.0,1.0,,You are logged in as a DISTRIBUTOR,,101,2026-02-01 06:32:34.283137,ELEC-day3,0.0,0.0,0.0,,,0,0,0,0
2.0,1.0,1.0,,FINES,"The fine for open positions of ELEC-dayX at the end of the day is $20,000/contract.",101,2026-02-01 06:32:34.283137,ELEC-day4,0.0,0.0,0.0,,,0,0,0,0
1.0,1.0,1.0,,Welcome to the RITC2026 GBE Energy Electricity Trading Case - practice server,,101,2026-02-01 06:32:34.283137,ELEC-day5,0.0,0.0,0.0,,,0,0,0,0
,,,,,,101,2026-02-01 06:32:34.283137,ELEC-day6,0.0,0.0,0.0,,,0,0,0,0
,,,,,,101,2026-02-01 06:32:34.283137,ELEC-F,0.0,0.0,0.0,,,0,0,0,0
5.0,1.0,89.0,,TEMPERATURE Forecast for DAY 2,The average temperature tomorrow is forecasted to be between 7 and 13 degrees Celsius.,102,2026-02-01 06:32:35.310426,NG,2.15,2.13,2.17,800000.0,800000.0,0,0,0,0
4.0,1.0,1.0,,TEMPERATURE Forecast for DAY 2,The average temperature tomorrow is forecasted to be between 8 and 18 degrees Celsius.,102,2026-02-01 06:32:35.310426,ELEC-day2,0.0,0.0,0.0,,,0,0,0,0
3.0,1.0,1.0,,You are logged in as a DISTRIBUTOR,,102,2026-02-01 06:32:35.310426,ELEC-day3,0.0,0.0,0.0,,,0,0,0,0
2.0,1.0,1.0,,FINES,"The fine for open positions of ELEC-dayX at the end of the day is $20,000/contract.",102,2026-02-01 06:32:35.310426,ELEC-day4,0.0,0.0,0.0,,,0,0,0,0
1.0,1.0,1.0,,Welcome to the RITC2026 GBE Energy Electricity Trading Case - practice server,,102,2026-02-01 06:32:35.310426,ELEC-day5,0.0,0.0,0.0,,,0,0,0,0
,,,,,,102,2026-02-01 06:32:35.310426,ELEC-day6,0.0,0.0,0.0,,,0,0,0,0
,,,,,,102,2026-02-01 06:32:35.310426,ELEC-F,0.0,0.0,0.0,,,0,0,0,0
5.0,1.0,89.0,,TEMPERATURE Forecast for DAY 2,The average temperature tomorrow is forecasted to be between 7 and 13 degrees Celsius.,103,2026-02-01 06:32:36.352815,NG,2.15,2.13,2.17,800000.0,800000.0,0,0,0,0
4.0,1.0,1.0,,TEMPERATURE Forecast for DAY 2,The average temperature tomorrow is forecasted to be between 8 and 18 degrees Celsius.,103,2026-02-01 06:32:36.352815,ELEC-day2,0.0,0.0,0.0,,,0,0,0,0
3.0,1.0,1.0,,You are logged in as a DISTRIBUTOR,,103,2026-02-01 06:32:36.352815,ELEC-day3,0.0,0.0,0.0,,,0,0,0,0
2.0,1.0,1.0,,FINES,"The fine for open positions of ELEC-dayX at the end of the day is $20,000/contract.",103,2026-02-01 06:32:36.352815,ELEC-day4,0.0,0.0,0.0,,,0,0,0,0
1.0,1.0,1.0,,Welcome to the RITC2026 GBE Energy Electricity Trading Case - practice server,,103,2026-02-01 06:32:36.352815,ELEC-day5,0.0,0.0,0.0,,,0,0,0,0
,,,,,,103,2026-02-01 06:32:36.352815,ELEC-day6,0.0,0.0,0.0,,,0,0,0,0
,,,,,,103,2026-02-01 06:32:36.352815,ELEC-F,0.0,0.0,0.0,,,0,0,0,0
5.0,1.0,89.0,,TEMPERATURE Forecast for DAY 2,The average temperature tomorrow is forecasted to be between 7 and 13 degrees Celsius.,105,2026-02-01 06:32:37.433095,NG,2.16,2.14,2.18,800000.0,800000.0,0,0,0,0
4.0,1.0,1.0,,TEMPERATURE Forecast for DAY 2,The average temperature tomorrow is forecasted to be between 8 and 18 degrees Celsius.,105,2026-02-01 06:32:37.433095,ELEC-day2,0.0,0.0,0.0,,,0,0,0,0
3.0,1.0,1.0,,You are logged in as a DISTRIBUTOR,,105,2026-02-01 06:32:37.433095,ELEC-day3,0.0,0.0,0.0,,,0,0,0,0
2.0,1.0,1.0,,FINES,"The fine for open positions of ELEC-dayX at the end of the day is $20,000/contract.",105,2026-02-01 06:32:37.433095,ELEC-day4,0.0,0.0,0.0,,,0,0,0,0
1.0,1.0,1.0,,Welcome to the RITC2026 GBE Energy Electricity Trading Case - practice server,,105,2026-02-01 06:32:37.433095,ELEC-day5,0.0,0.0,0.0,,,0,0,0,0
,,,,,,105,2026-02-01 06:32:37.433095,ELEC-day6,0.0,0.0,0.0,,,0,0,0,0
,,,,,,105,2026-02-01 06:32:37.433095,ELEC-F,0.0,0.0,0.0,,,0,0,0,0
5.0,1.0,89.0,,TEMPERATURE Forecast for DAY 2,The average temperature tomorrow is forecasted to be between 7 and 13 degrees Celsius.,106,2026-02-01 06:32:38.521354,NG,2.16,2.14,2.18,800000.0,800000.0,0,0,0,0
4.0,1.0,1.0,,TEMPERATURE Forecast for DAY 2,The average temperature tomorrow is forecasted to be between 8 and 18 degrees Celsius.,106,2026-02-01 06:32:38.521354,ELEC-day2,0.0,0.0,0.0,,,0,0,0,0
3.0,1.0,1.0,,You are logged in as a DISTRIBUTOR,,106,2026-02-01 06:32:38.521354,ELEC-day3,0.0,0.0,0.0,,,0,0,0,0
2.0,1.0,1.0,,FINES,"The fine for open positions of ELEC-dayX at the end of the day is $20,000/contract.",106,2026-02-01 06:32:38.521354,ELEC-day4,0.0,0.0,0.0,,,0,0,0,0
1.0,1.0,1.0,,Welcome to the RITC2026 GBE Energy Electricity Trading Case - practice server,,106,2026-02-01 06:32:38.521354,ELEC-day5,0.0,0.0,0.0,,,0,0,0,0
,,,,,,106,2026-02-01 06:32:38.521354,ELEC-day6,0.0,0.0,0.0,,,0,0,0,0
,,,,,,106,2026-02-01 06:32:38.521354,ELEC-F,0.0,0.0,0.0,,,0,0,0,0
5.0,1.0,89.0,,TEMPERATURE Forecast for DAY 2,The average temperature tomorrow is forecasted to be between 7 and 13 degrees Celsius.,107,2026-02-01 06:32:39.547746,NG,2.15,2.13,2.17,800000.0,800000.0,0,0,0,0
4.0,1.0,1.0,,TEMPERATURE Forecast for DAY 2,The average temperature tomorrow is forecasted to be between 8 and 18 degrees Celsius.,107,2026-02-01 06:32:39.547746,ELEC-day2,0.0,0.0,0.0,,,0,0,0,0
3.0,1.0,1.0,,You are logged in as a DISTRIBUTOR,,107,2026-02-01 06:32:39.547746,ELEC-day3,0.0,0.0,0.0,,,0,0,0,0
2.0,1.0,1.0,,FINES,"The fine for open positions of ELEC-dayX at the end of the day is $20,000/contract.",107,2026-02-01 06:32:39.547746,ELEC-day4,0.0,0.0,0.0,,,0,0,0,0
1.0,1.0,1.0,,Welcome to the RITC2026 GBE Energy Electricity Trading Case - practice server,,107,2026-02-01 06:32:39.547746,ELEC-day5,0.0,0.0,0.0,,,0,0,0,0
,,,,,,107,2026-02-01 06:32:39.547746,ELEC-day6,0.0,0.0,0.0,,,0,0,0,0
,,,,,,107,2026-02-01 06:32:39.547746,ELEC-F,0.0,0.0,0.0,,,0,0,0,0
5.0,1.0,89.0,,TEMPERATURE Forecast for DAY 2,The average temperature tomorrow is forecasted to be between 7 and 13 degrees Celsius.,108,2026-02-01 06:32:40.579100,NG,2.16,2.14,2.18,800000.0,800000.0,0,0,0,0
4.0,1.0,1.0,,TEMPERATURE Forecast for DAY 2,The average temperature tomorrow is forecasted to be between 8 and 18 degrees Celsius.,108,2026-02-01 06:32:40.579100,ELEC-day2,0.0,0.0,0.0,,,0,0,0,0
3.0,1.0,1.0,,You are logged in as a DISTRIBUTOR,,108,2026-02-01 06:32:40.579100,ELEC-day3,0.0,0.0,0.0,,,0,0,0,0
2.0,1.0,1.0,,FINES,"The fine for open positions of ELEC-dayX at the end of the day is $20,000/contract.",108,2026-02-01 06:32:40.579100,ELEC-day4,0.0,0.0,0.0,,,0,0,0,0
1.0,1.0,1.0,,Welcome to the RITC2026 GBE Energy Electricity Trading Case - practice server,,108,2026-02-01 06:32:40.579100,ELEC-day5,0.0,0.0,0.0,,,0,0,0,0
,,,,,,108,2026-02-01 06:32:40.579100,ELEC-day6,0.0,0.0,0.0,,,0,0,0,0
,,,,,,108,2026-02-01 06:32:40.579100,ELEC-F,0.0,0.0,0.0,,,0,0,0,0
5.0,1.0,89.0,,TEMPERATURE Forecast for DAY 2,The average temperature tomorrow is forecasted to be between 7 and 13 degrees Celsius.,109,2026-02-01 06:32:41.609639,NG,2.16,2.14,2.18,800000.0,800000.0,0,0,0,0
4.0,1.0,1.0,,TEMPERATURE Forecast for DAY 2,The average temperature tomorrow is forecasted to be between 8 and 18 degrees Celsius.,109,2026-02-01 06:32:41.609639,ELEC-day2,0.0,0.0,0.0,,,0,0,0,0
3.0,1.0,1.0,,You are logged in as a DISTRIBUTOR,,109,2026-02-01 06:32:41.609639,ELEC-day3,0.0,0.0,0.0,,,0,0,0,0
2.0,1.0,1.0,,FINES,"The fine for open positions of ELEC-dayX at the end of the day is $20,000/contract.",109,2026-02-01 06:32:41.609639,ELEC-day4,0.0,0.0,0.0,,,0,0,0,0
1.0,1.0,1.0,,Welcome to the RITC2026 GBE Energy Electricity Trading Case - practice server,,109,2026-02-01 06:32:41.609639,ELEC-day5,0.0,0.0,0.0,,,0,0,0,0
,,,,,,109,2026-02-01 06:32:41.609639,ELEC-day6,0.0,0.0,0.0,,,0,0,0,0
,,,,,,109,2026-02-01 06:32:41.609639,ELEC-F,0.0,0.0,0.0,,,0,0,0,0
5.0,1.0,89.0,,TEMPERATURE Forecast for DAY 2,The average temperature tomorrow is forecasted to be between 7 and 13 degrees Celsius.,110,2026-02-01 06:32:42.633468,NG,2.17,2.15,2.19,800000.0,800000.0,0,0,0,0
4.0,1.0,1.0,,TEMPERATURE Forecast for DAY 2,The average temperature tomorrow is forecasted to be between 8 and 18 degrees Celsius.,110,2026-02-01 06:32:42.633468,ELEC-day2,0.0,0.0,0.0,,,0,0,0,0
3.0,1.0,1.0,,You are logged in as a DISTRIBUTOR,,110,2026-02-01 06:32:42.633468,ELEC-day3,0.0,0.0,0.0,,,0,0,0,0
2.0,1.0,1.0,,FINES,"The fine for open positions of ELEC-dayX at the end of the day is $20,000/contract.",110,2026-02-01 06:32:42.633468,ELEC-day4,0.0,0.0,0.0,,,0,0,0,0
1.0,1.0,1.0,,Welcome to the RITC2026 GBE Energy Electricity Trading Case - practice server,,110,2026-02-01 06:32:42.633468,ELEC-day5,0.0,0.0,0.0,,,0,0,0,0
,,,,,,110,2026-02-01 06:32:42.633468,ELEC-day6,0.0,0.0,0.0,,,0,0,0,0
,,,,,,110,2026-02-01 06:32:42.633468,ELEC-F,0.0,0.0,0.0,,,0,0,0,0
5.0,1.0,89.0,,TEMPERATURE Forecast for DAY 2,The average temperature tomorrow is forecasted to be between 7 and 13 degrees Celsius.,111,2026-02-01 06:32:43.663034,NG,2.16,2.14,2.18,800000.0,800000.0,0,0,0,0
4.0,1.0,1.0,,TEMPERATURE Forecast for DAY 2,The average temperature tomorrow is forecasted to be between 8 and 18 degrees Celsius.,111,2026-02-01 06:32:43.663034,ELEC-day2,0.0,0.0,0.0,,,0,0,0,0
3.0,1.0,1.0,,You are logged in as a DISTRIBUTOR,,111,2026-02-01 06:32:43.663034,ELEC-day3,0.0,0.0,0.0,,,0,0,0,0
2.0,1.0,1.0,,FINES,"The fine for open positions of ELEC-dayX at the end of the day is $20,000/contract.",111,2026-02-01 06:32:43.663034,ELEC-day4,0.0,0.0,0.0,,,0,0,0,0
1.0,1.0,1.0,,Welcome to the RITC2026 GBE Energy Electricity Trading Case - practice server,,111,2026-02-01 06:32:43.663034,ELEC-day5,0.0,0.0,0.0,,,0,0,0,0
,,,,,,111,2026-02-01 06:32:43.663034,ELEC-day6,0.0,0.0,0.0,,,0,0,0,0
,,,,,,111,2026-02-01 06:32:43.663034,ELEC-F,0.0,0.0,0.0,,,0,0,0,0
5.0,1.0,89.0,,TEMPERATURE Forecast for DAY 2,The average temperature tomorrow is forecasted to be between 7 and 13 degrees Celsius.,112,2026-02-01 06:32:44.692043,NG,2.16,2.14,2.18,800000.0,800000.0,0,0,0,0
4.0,1.0,1.0,,TEMPERATURE Forecast for DAY 2,The average temperature tomorrow is forecasted to be between 8 and 18 degrees Celsius.,112,2026-02-01 06:32:44.692043,ELEC-day2,0.0,0.0,0.0,,,0,0,0,0
3.0,1.0,1.0,,You are logged in as a DISTRIBUTOR,,112,2026-02-01 06:32:44.692043,ELEC-day3,0.0,0.0,0.0,,,0,0,0,0
2.0,1.0,1.0,,FINES,"The fine for open positions of ELEC-dayX at the end of the day is $20,000/contract.",112,2026-02-01 06:32:44.692043,ELEC-day4,0.0,0.0,0.0,,,0,0,0,0
1.0,1.0,1.0,,Welcome to the RITC2026 GBE Energy Electricity Trading Case - practice server,,112,2026-02-01 06:32:44.692043,ELEC-day5,0.0,0.0,0.0,,,0,0,0,0
,,,,,,112,2026-02-01 06:32:44.692043,ELEC-day6,0.0,0.0,0.0,,,0,0,0,0
,,,,,,112,2026-02-01 06:32:44.692043,ELEC-F,0.0,0.0,0.0,,,0,0,0,0
5.0,1.0,89.0,,TEMPERATURE Forecast for DAY 2,The average temperature tomorrow is forecasted to be between 7 and 13 degrees Celsius.,113,2026-02-01 06:32:45.718685,NG,2.17,2.15,2.19,800000.0,800000.0,0,0,0,0
4.0,1.0,1.0,,TEMPERATURE Forecast for DAY 2,The average temperature tomorrow is forecasted to be between 8 and 18 degrees Celsius.,113,2026-02-01 06:32:45.718685,ELEC-day2,0.0,0.0,0.0,,,0,0,0,0
3.0,1.0,1.0,,You are logged in as a DISTRIBUTOR,,113,2026-02-01 06:32:45.718685,ELEC-day3,0.0,0.0,0.0,,,0,0,0,0
2.0,1.0,1.0,,FINES,"The fine for open positions of ELEC-dayX at the end of the day is $20,000/contract.",113,2026-02-01 06:32:45.718685,ELEC-day4,0.0,0.0,0.0,,,0,0,0,0
1.0,1.0,1.0,,Welcome to the RITC2026 GBE Energy Electricity Trading Case - practice server,,113,2026-02-01 06:32:45.718685,ELEC-day5,0.0,0.0,0.0,,,0,0,0,0
,,,,,,113,2026-02-01 06:32:45.718685,ELEC-day6,0.0,0.0,0.0,,,0,0,0,0
,,,,,,113,2026-02-01 06:32:45.718685,ELEC-F,0.0,0.0,0.0,,,0,0,0,0
5.0,1.0,89.0,,TEMPERATURE Forecast for DAY 2,The average temperature tomorrow is forecasted to be between 7 and 13 degrees Celsius.,114,2026-02-01 06:32:46.744944,NG,2.17,2.15,2.19,800000.0,800000.0,0,0,0,0
4.0,1.0,1.0,,TEMPERATURE Forecast for DAY 2,The average temperature tomorrow is forecasted to be between 8 and 18 degrees Celsius.,114,2026-02-01 06:32:46.744944,ELEC-day2,0.0,0.0,0.0,,,0,0,0,0
3.0,1.0,1.0,,You are logged in as a DISTRIBUTOR,,114,2026-02-01 06:32:46.744944,ELEC-day3,0.0,0.0,0.0,,,0,0,0,0
2.0,1.0,1.0,,FINES,"The fine for open positions of ELEC-dayX at the end of the day is $20,000/contract.",114,2026-02-01 06:32:46.744944,ELEC-day4,0.0,0.0,0.0,,,0,0,0,0
1.0,1.0,1.0,,Welcome to the RITC2026 GBE Energy Electricity Trading Case - practice server,,114,2026-02-01 06:32:46.744944,ELEC-day5,0.0,0.0,0.0,,,0,0,0,0
,,,,,,114,2026-02-01 06:32:46.744944,ELEC-day6,0.0,0.0,0.0,,,0,0,0,0
,,,,,,114,2026-02-01 06:32:46.744944,ELEC-F,0.0,0.0,0.0,,,0,0,0,0
5.0,1.0,89.0,,TEMPERATURE Forecast for DAY 2,The average temperature tomorrow is forecasted to be between 7 and 13 degrees Celsius.,115,2026-02-01 06:32:47.777612,NG,2.16,2.14,2.18,800000.0,800000.0,0,0,0,0
4.0,1.0,1.0,,TEMPERATURE Forecast for DAY 2,The average temperature tomorrow is forecasted to be between 8 and 18 degrees Celsius.,115,2026-02-01 06:32:47.777612,ELEC-day2,0.0,0.0,0.0,,,0,0,0,0
3.0,1.0,1.0,,You are logged in as a DISTRIBUTOR,,115,2026-02-01 06:32:47.777612,ELEC-day3,0.0,0.0,0.0,,,0,0,0,0
2.0,1.0,1.0,,FINES,"The fine for open positions of ELEC-dayX at the end of the day is $20,000/contract.",115,2026-02-01 06:32:47.777612,ELEC-day4,0.0,0.0,0.0,,,0,0,0,0
1.0,1.0,1.0,,Welcome to the RITC2026 GBE Energy Electricity Trading Case - practice server,,115,2026-02-01 06:32:47.777612,ELEC-day5,0.0,0.0,0.0,,,0,0,0,0
,,,,,,115,2026-02-01 06:32:47.777612,ELEC-day6,0.0,0.0,0.0,,,0,0,0,0
,,,,,,115,2026-02-01 06:32:47.777612,ELEC-F,0.0,0.0,0.0,,,0,0,0,0
5.0,1.0,89.0,,TEMPERATURE Forecast for DAY 2,The average temperature tomorrow is forecasted to be between 7 and 13 degrees Celsius.,116,2026-02-01 06:32:48.812759,NG,2.16,2.14,2.18,800000.0,800000.0,0,0,0,0
4.0,1.0,1.0,,TEMPERATURE Forecast for DAY 2,The average temperature tomorrow is forecasted to be between 8 and 18 degrees Celsius.,116,2026-02-01 06:32:48.812759,ELEC-day2,0.0,0.0,0.0,,,0,0,0,0
3.0,1.0,1.0,,You are logged in as a DISTRIBUTOR,,116,2026-02-01 06:32:48.812759,ELEC-day3,0.0,0.0,0.0,,,0,0,0,0
2.0,1.0,1.0,,FINES,"The fine for open positions of ELEC-dayX at the end of the day is $20,000/contract.",116,2026-02-01 06:32:48.812759,ELEC-day4,0.0,0.0,0.0,,,0,0,0,0
1.0,1.0,1.0,,Welcome to the RITC2026 GBE Energy Electricity Trading Case - practice server,,116,2026-02-01 06:32:48.812759,ELEC-day5,0.0,0.0,0.0,,,0,0,0,0
,,,,,,116,2026-02-01 06:32:48.812759,ELEC-day6,0.0,0.0,0.0,,,0,0,0,0
,,,,,,116,2026-02-01 06:32:48.812759,ELEC-F,0.0,0.0,0.0,,,0,0,0,0
5.0,1.0,89.0,,TEMPERATURE Forecast for DAY 2,The average temperature tomorrow is forecasted to be between 7 and 13 degrees Celsius.,117,2026-02-01 06:32:49.852781,NG,2.17,2.15,2.19,800000.0,800000.0,0,0,0,0
4.0,1.0,1.0,,TEMPERATURE Forecast for DAY 2,The average temperature tomorrow is forecasted to be between 8 and 18 degrees Celsius.,117,2026-02-01 06:32:49.852781,ELEC-day2,0.0,0.0,0.0,,,0,0,0,0
3.0,1.0,1.0,,You are logged in as a DISTRIBUTOR,,117,2026-02-01 06:32:49.852781,ELEC-day3,0.0,0.0,0.0,,,0,0,0,0
2.0,1.0,1.0,,FINES,"The fine for open positions of ELEC-dayX at the end of the day is $20,000/contract.",117,2026-02-01 06:32:49.852781,ELEC-day4,0.0,0.0,0.0,,,0,0,0,0
1.0,1.0,1.0,,Welcome to the RITC2026 GBE Energy Electricity Trading Case - practice server,,117,2026-02-01 06:32:49.852781,ELEC-day5,0.0,0.0,0.0,,,0,0,0,0
,,,,,,117,2026-02-01 06:32:49.852781,ELEC-day6,0.0,0.0,0.0,,,0,0,0,0
,,,,,,117,2026-02-01 06:32:49.852781,ELEC-F,0.0,0.0,0.0,,,0,0,0,0
5.0,1.0,89.0,,TEMPERATURE Forecast for DAY 2,The average temperature tomorrow is forecasted to be between 7 and 13 degrees Celsius.,118,2026-02-01 06:32:50.881011,NG,2.16,2.14,2.18,800000.0,800000.0,0,0,0,0
4.0,1.0,1.0,,TEMPERATURE Forecast for DAY 2,The average temperature tomorrow is forecasted to be between 8 and 18 degrees Celsius.,118,2026-02-01 06:32:50.881011,ELEC-day2,0.0,0.0,0.0,,,0,0,0,0
3.0,1.0,1.0,,You are logged in as a DISTRIBUTOR,,118,2026-02-01 06:32:50.881011,ELEC-day3,0.0,0.0,0.0,,,0,0,0,0
2.0,1.0,1.0,,FINES,"The fine for open positions of ELEC-dayX at the end of the day is $20,000/contract.",118,2026-02-01 06:32:50.881011,ELEC-day4,0.0,0.0,0.0,,,0,0,0,0
1.0,1.0,1.0,,Welcome to the RITC2026 GBE Energy Electricity Trading Case - practice server,,118,2026-02-01 06:32:50.881011,ELEC-day5,0.0,0.0,0.0,,,0,0,0,0
,,,,,,118,2026-02-01 06:32:50.881011,ELEC-day6,0.0,0.0,0.0,,,0,0,0,0
,,,,,,118,2026-02-01 06:32:50.881011,ELEC-F,0.0,0.0,0.0,,,0,0,0,0
5.0,1.0,89.0,,TEMPERATURE Forecast for DAY 2,The average temperature tomorrow is forecasted to be between 7 and 13 degrees Celsius.,119,2026-02-01 06:32:51.911664,NG,2.15,2.13,2.17,800000.0,800000.0,0,0,0,0
4.0,1.0,1.0,,TEMPERATURE Forecast for DAY 2,The average temperature tomorrow is forecasted to be between 8 and 18 degrees Celsius.,119,2026-02-01 06:32:51.911664,ELEC-day2,0.0,0.0,0.0,,,0,0,0,0
3.0,1.0,1.0,,You are logged in as a DISTRIBUTOR,,119,2026-02-01 06:32:51.911664,ELEC-day3,0.0,0.0,0.0,,,0,0,0,0
2.0,1.0,1.0,,FINES,"The fine for open positions of ELEC-dayX at the end of the day is $20,000/contract.",119,2026-02-01 06:32:51.911664,ELEC-day4,0.0,0.0,0.0,,,0,0,0,0
