news_id,period,tick,ticker,headline,body,tick,timestamp,ticker,last_price,bid_price,ask_price,BUY_ANON,SELL_ANON
4.0,1.0,1.0,,TEMPERATURE Forecast for DAY 2,The average temperature tomorrow is forecasted to be between 17 and 27 degrees Celsius.,3,2026-02-01 02:59:01.103422,NG,2.2,2.18,2.22,800000.0,800000.0
3.0,1.0,1.0,,You are logged in as a DISTRIBUTOR,,3,2026-02-01 02:59:01.103422,ELEC-day2,0.0,0.0,0.0,,
2.0,1.0,1.0,,FINES,"The fine for open positions of ELEC-dayX at the end of the day is $20,000/contract.",3,2026-02-01 02:59:01.103422,ELEC-day3,0.0,0.0,0.0,,
1.0,1.0,1.0,,Welcome to the RITC2026 GBE Energy Electricity Trading Case - practice server,,3,2026-02-01 02:59:01.103422,ELEC-day4,0.0,0.0,0.0,,
,,,,,,3,2026-02-01 02:59:01.103422,ELEC-day5,0.0,0.0,0.0,,
,,,,,,3,2026-02-01 02:59:01.103422,ELEC-day6,0.0,0.0,0.0,,
,,,,,,3,2026-02-01 02:59:01.103422,ELEC-F,0.0,0.0,0.0,,
4.0,1.0,1.0,,TEMPERATURE Forecast for DAY 2,The average temperature tomorrow is forecasted to be between 17 and 27 degrees Celsius.,4,2026-02-01 02:59:02.143317,NG,2.2,2.18,2.22,800000.0,800000.0
3.0,1.0,1.0,,You are logged in as a DISTRIBUTOR,,4,2026-02-01 02:59:02.143317,ELEC-day2,0.0,0.0,0.0,,
2.0,1.0,1.0,,FINES,"The fine for open positions of ELEC-dayX at the end of the day is $20,000/contract.",4,2026-02-01 02:59:02.143317,ELEC-day3,0.0,0.0,0.0,,
1.0,1.0,1.0,,Welcome to the RITC2026 GBE Energy Electricity Trading Case - practice server,,4,2026-02-01 02:59:02.143317,ELEC-day4,0.0,0.0,0.0,,
,,,,,,4,2026-02-01 02:59:02.143317,ELEC-day5,0.0,0.0,0.0,,
,,,,,,4,2026-02-01 02:59:02.143317,ELEC-day6,0.0,0.0,0.0,,
,,,,,,4,2026-02-01 02:59:02.143317,ELEC-F,0.0,0.0,0.0,,
4.0,1.0,1.0,,TEMPERATURE Forecast for DAY 2,The average temperature tomorrow is forecasted to be between 17 and 27 degrees Celsius.,5,2026-02-01 02:59:03.187163,NG,2.19,2.17,2.21,800000.0,800000.0
3.0,1.0,1.0,,You are logged in as a DISTRIBUTOR,,5,2026-02-01 02:59:03.187163,ELEC-day2,0.0,0.0,0.0,,
2.0,1.0,1.0,,FINES,"The fine for open positions of ELEC-dayX at the end of the day is $20,000/contract.",5,2026-02-01 02:59:03.187163,ELEC-day3,0.0,0.0,0.0,,
1.0,1.0,1.0,,Welcome to the RITC2026 GBE Energy Electricity Trading Case - practice server,,5,2026-02-01 02:59:03.187163,ELEC-day4,0.0,0.0,0.0,,
,,,,,,5,2026-02-01 02:59:03.187163,ELEC-day5,0.0,0.0,0.0,,
,,,,,,5,2026-02-01 02:59:03.187163,ELEC-day6,0.0,0.0,0.0,,
,,,,,,5,2026-02-01 02:59:03.187163,ELEC-F,0.0,0.0,0.0,,
4.0,1.0,1.0,,TEMPERATURE Forecast for DAY 2,The average temperature tomorrow is forecasted to be between 17 and 27 degrees Celsius.,6,2026-02-01 02:59:04.213633,NG,2.2,2.18,2.22,800000.0,800000.0
3.0,1.0,1.0,,You are logged in as a DISTRIBUTOR,,6,2026-02-01 02:59:04.213633,ELEC-day2,0.0,0.0,0.0,,
2.0,1.0,1.0,,FINES,"The fine for open positions of ELEC-dayX at the end of the day is $20,000/contract.",6,2026-02-01 02:59:04.213633,ELEC-day3,0.0,0.0,0.0,,
1.0,1.0,1.0,,Welcome to the RITC2026 GBE Energy Electricity Trading Case - practice server,,6,2026-02-01 02:59:04.213633,ELEC-day4,0.0,0.0,0.0,,
,,,,,,6,2026-02-01 02:59:04.213633,ELEC-day5,0.0,0.0,0.0,,
,,,,,,6,2026-02-01 02:59:04.213633,ELEC-day6,0.0,0.0,0.0,,
,,,,,,6,2026-02-01 02:59:04.213633,ELEC-F,0.0,0.0,0.0,,
4.0,1.0,1.0,,TEMPERATURE Forecast for DAY 2,The average temperature tomorrow is forecasted to be between 17 and 27 degrees Celsius.,7,2026-02-01 02:59:05.256309,NG,2.19,2.17,2.21,800000.0,800000.0
3.0,1.0,1.0,,You are logged in as a DISTRIBUTOR,,7,2026-02-01 02:59:05.256309,ELEC-day2,0.0,0.0,0.0,,
2.0,1.0,1.0,,FINES,"The fine for open positions of ELEC-dayX at the end of the day is $20,000/contract.",7,2026-02-01 02:59:05.256309,ELEC-day3,0.0,0.0,0.0,,
1.0,1.0,1.0,,Welcome to the RITC2026 GBE Energy Electricity Trading Case - practice server,,7,2026-02-01 02:59:05.256309,ELEC-day4,0.0,0.0,0.0,,
,,,,,,7,2026-02-01 02:59:05.256309,ELEC-day5,0.0,0.0,0.0,,
,,,,,,7,2026-02-01 02:59:05.256309,ELEC-day6,0.0,0.0,0.0,,
,,,,,,7,2026-02-01 02:59:05.256309,ELEC-F,0.0,0.0,0.0,,
4.0,1.0,1.0,,TEMPERATURE Forecast for DAY 2,The average temperature tomorrow is forecasted to be between 17 and 27 degrees Celsius.,8,2026-02-01 02:59:06.293507,NG,2.19,2.17,2.21,800000.0,800000.0
3.0,1.0,1.0,,You are logged in as a DISTRIBUTOR,,8,2026-02-01 02:59:06.293507,ELEC-day2,0.0,0.0,0.0,,
2.0,1.0,1.0,,FINES,"The fine for open positions of ELEC-dayX at the end of the day is $20,000/contract.",8,2026-02-01 02:59:06.293507,ELEC-day3,0.0,0.0,0.0,,
1.0,1.0,1.0,,Welcome to the RITC2026 GBE Energy Electricity Trading Case - practice server,,8,2026-02-01 02:59:06.293507,ELEC-day4,0.0,0.0,0.0,,
,,,,,,8,2026-02-01 02:59:06.293507,ELEC-day5,0.0,0.0,0.0,,
,,,,,,8,2026-02-01 02:59:06.293507,ELEC-day6,0.0,0.0,0.0,,
,,,,,,8,2026-02-01 02:59:06.293507,ELEC-F,0.0,0.0,0.0,,
4.0,1.0,1.0,,TEMPERATURE Forecast for DAY 2,The average temperature tomorrow is forecasted to be between 17 and 27 degrees Celsius.,9,2026-02-01 02:59:07.323771,NG,2.19,2.17,2.21,800000.0,800000.0
3.0,1.0,1.0,,You are logged in as a DISTRIBUTOR,,9,2026-02-01 02:59:07.323771,ELEC-day2,0.0,0.0,0.0,,
2.0,1.0,1.0,,FINES,"The fine for open positions of ELEC-dayX at the end of the day is $20,000/contract.",9,2026-02-01 02:59:07.323771,ELEC-day3,0.0,0.0,0.0,,
1.0,1.0,1.0,,Welcome to the RITC2026 GBE Energy Electricity Trading Case - practice server,,9,2026-02-01 02:59:07.323771,ELEC-day4,0.0,0.0,0.0,,
,,,,,,9,2026-02-01 02:59:07.323771,ELEC-day5,0.0,0.0,0.0,,
,,,,,,9,2026-02-01 02:59:07.323771,ELEC-day6,0.0,0.0,0.0,,
,,,,,,9,2026-02-01 02:59:07.323771,ELEC-F,0.0,0.0,0.0,,
4.0,1.0,1.0,,TEMPERATURE Forecast for DAY 2,The average temperature tomorrow is forecasted to be between 17 and 27 degrees Celsius.,10,2026-02-01 02:59:08.355203,NG,2.18,2.16,2.2,800000.0,800000.0
3.0,1.0,1.0,,You are logged in as a DISTRIBUTOR,,10,2026-02-01 02:59:08.355203,ELEC-day2,0.0,0.0,0.0,,
2.0,1.0,1.0,,FINES,"The fine for open positions of ELEC-dayX at the end of the day is $20,000/contract.",10,2026-02-01 02:59:08.355203,ELEC-day3,0.0,0.0,0.0,,
1.0,1.0,1.0,,Welcome to the RITC2026 GBE Energy Electricity Trading Case - practice server,,10,2026-02-01 02:59:08.355203,ELEC-day4,0.0,0.0,0.0,,
,,,,,,10,2026-02-01 02:59:08.355203,ELEC-day5,0.0,0.0,0.0,,
,,,,,,10,2026-02-01 02:59:08.355203,ELEC-day6,0.0,0.0,0.0,,
,,,,,,10,2026-02-01 02:59:08.355203,ELEC-F,0.0,0.0,0.0,,
4.0,1.0,1.0,,TEMPERATURE Forecast for DAY 2,The average temperature tomorrow is forecasted to be between 17 and 27 degrees Celsius.,11,2026-02-01 02:59:09.383909,NG,2.18,2.16,2.2,800000.0,800000.0
3.0,1.0,1.0,,You are logged in as a DISTRIBUTOR,,11,2026-02-01 02:59:09.383909,ELEC-day2,0.0,0.0,0.0,,
2.0,1.0,1.0,,FINES,"The fine for open positions of ELEC-dayX at the end of the day is $20,000/contract.",11,2026-02-01 02:59:09.383909,ELEC-day3,0.0,0.0,0.0,,
1.0,1.0,1.0,,Welcome to the RITC2026 GBE Energy Electricity Trading Case - practice server,,11,2026-02-01 02:59:09.383909,ELEC-day4,0.0,0.0,0.0,,
,,,,,,11,2026-02-01 02:59:09.383909,ELEC-day5,0.0,0.0,0.0,,
,,,,,,11,2026-02-01 02:59:09.383909,ELEC-day6,0.0,0.0,0.0,,
,,,,,,11,2026-02-01 02:59:09.383909,ELEC-F,0.0,0.0,0.0,,
4.0,1.0,1.0,,TEMPERATURE Forecast for DAY 2,The average temperature tomorrow is forecasted to be between 17 and 27 degrees Celsius.,12,2026-02-01 02:59:10.418610,NG,2.17,2.15,2.19,800000.0,800000.0
3.0,1.0,1.0,,You are logged in as a DISTRIBUTOR,,12,2026-02-01 02:59:10.418610,ELEC-day2,0.0,0.0,0.0,,
2.0,1.0,1.0,,FINES,"The fine for open positions of ELEC-dayX at the end of the day is $20,000/contract.",12,2026-02-01 02:59:10.418610,ELEC-day3,0.0,0.0,0.0,,
1.0,1.0,1.0,,Welcome to the RITC2026 GBE Energy Electricity Trading Case - practice server,,12,2026-02-01 02:59:10.418610,ELEC-day4,0.0,0.0,0.0,,
,,,,,,12,2026-02-01 02:59:10.418610,ELEC-day5,0.0,0.0,0.0,,
,,,,,,12,2026-02-01 02:59:10.418610,ELEC-day6,0.0,0.0,0.0,,
,,,,,,12,2026-02-01 02:59:10.418610,ELEC-F,0.0,0.0,0.0,,
4.0,1.0,1.0,,TEMPERATURE Forecast for DAY 2,The average temperature tomorrow is forecasted to be between 17 and 27 degrees Celsius.,13,2026-02-01 02:59:11.443311,NG,2.17,2.15,2.19,800000.0,800000.0
3.0,1.0,1.0,,You are logged in as a DISTRIBUTOR,,13,2026-02-01 02:59:11.443311,ELEC-day2,0.0,0.0,0.0,,
2.0,1.0,1.0,,FINES,"The fine for open positions of ELEC-dayX at the end of the day is $20,000/contract.",13,2026-02-01 02:59:11.443311,ELEC-day3,0.0,0.0,0.0,,
1.0,1.0,1.0,,Welcome to the RITC2026 GBE Energy Electricity Trading Case - practice server,,13,2026-02-01 02:59:11.443311,ELEC-day4,0.0,0.0,0.0,,
,,,,,,13,2026-02-01 02:59:11.443311,ELEC-day5,0.0,0.0,0.0,,
,,,,,,13,2026-02-01 02:59:11.443311,ELEC-day6,0.0,0.0,0.0,,
,,,,,,13,2026-02-01 02:59:11.443311,ELEC-F,0.0,0.0,0.0,,
4.0,1.0,1.0,,TEMPERATURE Forecast for DAY 2,The average temperature tomorrow is forecasted to be between 17 and 27 degrees Celsius.,14,2026-02-01 02:59:12.488339,NG,2.17,2.15,2.19,800000.0,800000.0
3.0,1.0,1.0,,You are logged in as a DISTRIBUTOR,,14,2026-02-01 02:59:12.488339,ELEC-day2,0.0,0.0,0.0,,
2.0,1.0,1.0,,FINES,"The fine for open positions of ELEC-dayX at the end of the day is $20,000/contract.",14,2026-02-01 02:59:12.488339,ELEC-day3,0.0,0.0,0.0,,
1.0,1.0,1.0,,Welcome to the RITC2026 GBE Energy Electricity Trading Case - practice server,,14,2026-02-01 02:59:12.488339,ELEC-day4,0.0,0.0,0.0,,
,,,,,,14,2026-02-01 02:59:12.488339,ELEC-day5,0.0,0.0,0.0,,
,,,,,,14,2026-02-01 02:59:12.488339,ELEC-day6,0.0,0.0,0.0,,
,,,,,,14,2026-02-01 02:59:12.488339,ELEC-F,0.0,0.0,0.0,,
4.0,1.0,1.0,,TEMPERATURE Forecast for DAY 2,The average temperature tomorrow is forecasted to be between 17 and 27 degrees Celsius.,15,2026-02-01 02:59:13.514887,NG,2.17,2.15,2.19,800000.0,800000.0
3.0,1.0,1.0,,You are logged in as a DISTRIBUTOR,,15,2026-02-01 02:59:13.514887,ELEC-day2,0.0,0.0,0.0,,
2.0,1.0,1.0,,FINES,"The fine for open positions of ELEC-dayX at the end of the day is $20,000/contract.",15,2026-02-01 02:59:13.514887,ELEC-day3,0.0,0.0,0.0,,
1.0,1.0,1.0,,Welcome to the RITC2026 GBE Energy Electricity Trading Case - practice server,,15,2026-02-01 02:59:13.514887,ELEC-day4,0.0,0.0,0.0,,
,,,,,,15,2026-02-01 02:59:13.514887,ELEC-day5,0.0,0.0,0.0,,
,,,,,,15,2026-02-01 02:59:13.514887,ELEC-day6,0.0,0.0,0.0,,
,,,,,,15,2026-02-01 02:59:13.514887,ELEC-F,0.0,0.0,0.0,,
4.0,1.0,1.0,,TEMPERATURE Forecast for DAY 2,The average temperature tomorrow is forecasted to be between 17 and 27 degrees Celsius.,16,2026-02-01 02:59:14.543220,NG,2.18,2.16,2.2,800000.0,800000.0
3.0,1.0,1.0,,You are logged in as a DISTRIBUTOR,,16,2026-02-01 02:59:14.543220,ELEC-day2,0.0,0.0,0.0,,
2.0,1.0,1.0,,FINES,"The fine for open positions of ELEC-dayX at the end of the day is $20,000/contract.",16,2026-02-01 02:59:14.543220,ELEC-day3,0.0,0.0,0.0,,
1.0,1.0,1.0,,Welcome to the RITC2026 GBE Energy Electricity Trading Case - practice server,,16,2026-02-01 02:59:14.543220,ELEC-day4,0.0,0.0,0.0,,
,,,,,,16,2026-02-01 02:59:14.543220,ELEC-day5,0.0,0.0,0.0,,
,,,,,,16,2026-02-01 02:59:14.543220,ELEC-day6,0.0,0.0,0.0,,
,,,,,,16,2026-02-01 02:59:14.543220,ELEC-F,0.0,0.0,0.0,,
4.0,1.0,1.0,,TEMPERATURE Forecast for DAY 2,The average temperature tomorrow is forecasted to be between 17 and 27 degrees Celsius.,17,2026-02-01 02:59:15.567777,NG,2.17,2.15,2.19,800000.0,800000.0
3.0,1.0,1.0,,You are logged in as a DISTRIBUTOR,,17,2026-02-01 02:59:15.567777,ELEC-day2,0.0,0.0,0.0,,
2.0,1.0,1.0,,FINES,"The fine for open positions of ELEC-dayX at the end of the day is $20,000/contract.",17,2026-02-01 02:59:15.567777,ELEC-day3,0.0,0.0,0.0,,
1.0,1.0,1.0,,Welcome to the RITC2026 GBE Energy Electricity Trading Case - practice server,,17,2026-02-01 02:59:15.567777,ELEC-day4,0.0,0.0,0.0,,
,,,,,,17,2026-02-01 02:59:15.567777,ELEC-day5,0.0,0.0,0.0,,
,,,,,,17,2026-02-01 02:59:15.567777,ELEC-day6,0.0,0.0,0.0,,
,,,,,,17,2026-02-01 02:59:15.567777,ELEC-F,0.0,0.0,0.0,,
4.0,1.0,1.0,,TEMPERATURE Forecast for DAY 2,The average temperature tomorrow is forecasted to be between 17 and 27 degrees Celsius.,18,2026-02-01 02:59:16.603083,NG,2.18,2.16,2.2,800000.0,800000.0
3.0,1.0,1.0,,You are logged in as a DISTRIBUTOR,,18,2026-02-01 02:59:16.603083,ELEC-day2,0.0,0.0,0.0,,
2.0,1.0,1.0,,FINES,"The fine for open positions of ELEC-dayX at the end of the day is $20,000/contract.",18,2026-02-01 02:59:16.603083,ELEC-day3,0.0,0.0,0.0,,
1.0,1.0,1.0,,Welcome to the RITC2026 GBE Energy Electricity Trading Case - practice server,,18,2026-02-01 02:59:16.603083,ELEC-day4,0.0,0.0,0.0,,
,,,,,,18,2026-02-01 02:59:16.603083,ELEC-day5,0.0,0.0,0.0,,
,,,,,,18,2026-02-01 02:59:16.603083,ELEC-day6,0.0,0.0,0.0,,
,,,,,,18,2026-02-01 02:59:16.603083,ELEC-F,0.0,0.0,0.0,,
4.0,1.0,1.0,,TEMPERATURE Forecast for DAY 2,The average temperature tomorrow is forecasted to be between 17 and 27 degrees Celsius.,19,2026-02-01 02:59:17.633254,NG,2.18,2.16,2.2,800000.0,800000.0
3.0,1.0,1.0,,You are logged in as a DISTRIBUTOR,,19,2026-02-01 02:59:17.633254,ELEC-day2,0.0,0.0,0.0,,
2.0,1.0,1.0,,FINES,"The fine for open positions of ELEC-dayX at the end of the day is $20,000/contract.",19,2026-02-01 02:59:17.633254,ELEC-day3,0.0,0.0,0.0,,
1.0,1.0,1.0,,Welcome to the RITC2026 GBE Energy Electricity Trading Case - practice server,,19,2026-02-01 02:59:17.633254,ELEC-day4,0.0,0.0,0.0,,
,,,,,,19,2026-02-01 02:59:17.633254,ELEC-day5,0.0,0.0,0.0,,
,,,,,,19,2026-02-01 02:59:17.633254,ELEC-day6,0.0,0.0,0.0,,
,,,,,,19,2026-02-01 02:59:17.633254,ELEC-F,0.0,0.0,0.0,,
4.0,1.0,1.0,,TEMPERATURE Forecast for DAY 2,The average temperature tomorrow is forecasted to be between 17 and 27 degrees Celsius.,20,2026-02-01 02:59:18.666508,NG,2.18,2.16,2.2,800000.0,800000.0
3.0,1.0,1.0,,You are logged in as a DISTRIBUTOR,,20,2026-02-01 02:59:18.666508,ELEC-day2,0.0,0.0,0.0,,
2.0,1.0,1.0,,FINES,"The fine for open positions of ELEC-dayX at the end of the day is $20,000/contract.",20,2026-02-01 02:59:18.666508,ELEC-day3,0.0,0.0,0.0,,
1.0,1.0,1.0,,Welcome to the RITC2026 GBE Energy Electricity Trading Case - practice server,,20,2026-02-01 02:59:18.666508,ELEC-day4,0.0,0.0,0.0,,
,,,,,,20,2026-02-01 02:59:18.666508,ELEC-day5,0.0,0.0,0.0,,
,,,,,,20,2026-02-01 02:59:18.666508,ELEC-day6,0.0,0.0,0.0,,
,,,,,,20,2026-02-01 02:59:18.666508,ELEC-F,0.0,0.0,0.0,,
4.0,1.0,1.0,,TEMPERATURE Forecast for DAY 2,The average temperature tomorrow is forecasted to be between 17 and 27 degrees Celsius.,21,2026-02-01 02:59:19.705175,NG,2.18,2.16,2.2,800000.0,800000.0
3.0,1.0,1.0,,You are logged in as a DISTRIBUTOR,,21,2026-02-01 02:59:19.705175,ELEC-day2,0.0,0.0,0.0,,
2.0,1.0,1.0,,FINES,"The fine for open positions of ELEC-dayX at the end of the day is $20,000/contract.",21,2026-02-01 02:59:19.705175,ELEC-day3,0.0,0.0,0.0,,
1.0,1.0,1.0,,Welcome to the RITC2026 GBE Energy Electricity Trading Case - practice server,,21,2026-02-01 02:59:19.705175,ELEC-day4,0.0,0.0,0.0,,
,,,,,,21,2026-02-01 02:59:19.705175,ELEC-day5,0.0,0.0,0.0,,
,,,,,,21,2026-02-01 02:59:19.705175,ELEC-day6,0.0,0.0,0.0,,
,,,,,,21,2026-02-01 02:59:19.705175,ELEC-F,0.0,0.0,0.0,,
4.0,1.0,1.0,,TEMPERATURE Forecast for DAY 2,The average temperature tomorrow is forecasted to be between 17 and 27 degrees Celsius.,22,2026-02-01 02:59:20.745907,NG,2.19,2.17,2.21,800000.0,800000.0
3.0,1.0,1.0,,You are logged in as a DISTRIBUTOR,,22,2026-02-01 02:59:20.745907,ELEC-day2,0.0,0.0,0.0,,
2.0,1.0,1.0,,FINES,"The fine for open positions of ELEC-dayX at the end of the day is $20,000/contract.",22,2026-02-01 02:59:20.745907,ELEC-day3,0.0,0.0,0.0,,
1.0,1.0,1.0,,Welcome to the RITC2026 GBE Energy Electricity Trading Case - practice server,,22,2026-02-01 02:59:20.745907,ELEC-day4,0.0,0.0,0.0,,
,,,,,,22,2026-02-01 02:59:20.745907,ELEC-day5,0.0,0.0,0.0,,
,,,,,,22,2026-02-01 02:59:20.745907,ELEC-day6,0.0,0.0,0.0,,
,,,,,,22,2026-02-01 02:59:20.745907,ELEC-F,0.0,0.0,0.0,,
4.0,1.0,1.0,,TEMPERATURE Forecast for DAY 2,The average temperature tomorrow is forecasted to be between 17 and 27 degrees Celsius.,24,2026-02-01 02:59:21.982829,NG,2.18,2.16,2.2,800000.0,800000.0
3.0,1.0,1.0,,You are logged in as a DISTRIBUTOR,,24,2026-02-01 02:59:21.982829,ELEC-day2,0.0,0.0,0.0,,
2.0,1.0,1.0,,FINES,"The fine for open positions of ELEC-dayX at the end of the day is $20,000/contract.",24,2026-02-01 02:59:21.982829,ELEC-day3,0.0,0.0,0.0,,
1.0,1.0,1.0,,Welcome to the RITC2026 GBE Energy Electricity Trading Case - practice server,,24,2026-02-01 02:59:21.982829,ELEC-day4,0.0,0.0,0.0,,
,,,,,,24,2026-02-01 02:59:21.982829,ELEC-day5,0.0,0.0,0.0,,
,,,,,,24,2026-02-01 02:59:21.982829,ELEC-day6,0.0,0.0,0.0,,
,,,,,,24,2026-02-01 02:59:21.982829,ELEC-F,0.0,0.0,0.0,,
4.0,1.0,1.0,,TEMPERATURE Forecast for DAY 2,The average temperature tomorrow is forecasted to be between 17 and 27 degrees Celsius.,25,2026-02-01 02:59:23.017362,NG,2.19,2.17,2.21,800000.0,800000.0
3.0,1.0,1.0,,You are logged in as a DISTRIBUTOR,,25,2026-02-01 02:59:23.017362,ELEC-day2,0.0,0.0,0.0,,
2.0,1.0,1.0,,FINES,"The fine for open positions of ELEC-dayX at the end of the day is $20,000/contract.",25,2026-02-01 02:59:23.017362,ELEC-day3,0.0,0.0,0.0,,
1.0,1.0,1.0,,Welcome to the RITC2026 GBE Energy Electricity Trading Case - practice server,,25,2026-02-01 02:59:23.017362,ELEC-day4,0.0,0.0,0.0,,
,,,,,,25,2026-02-01 02:59:23.017362,ELEC-day5,0.0,0.0,0.0,,
,,,,,,25,2026-02-01 02:59:23.017362,ELEC-day6,0.0,0.0,0.0,,
,,,,,,25,2026-02-01 02:59:23.017362,ELEC-F,0.0,0.0,0.0,,
4.0,1.0,1.0,,TEMPERATURE Forecast for DAY 2,The average temperature tomorrow is forecasted to be between 17 and 27 degrees Celsius.,26,2026-02-01 02:59:24.048173,NG,2.19,2.17,2.21,800000.0,800000.0
3.0,1.0,1.0,,You are logged in as a DISTRIBUTOR,,26,2026-02-01 02:59:24.048173,ELEC-day2,0.0,0.0,0.0,,
2.0,1.0,1.0,,FINES,"The fine for open positions of ELEC-dayX at the end of the day is $20,000/contract.",26,2026-02-01 02:59:24.048173,ELEC-day3,0.0,0.0,0.0,,
1.0,1.0,1.0,,Welcome to the RITC2026 GBE Energy Electricity Trading Case - practice server,,26,2026-02-01 02:59:24.048173,ELEC-day4,0.0,0.0,0.0,,
,,,,,,26,2026-02-01 02:59:24.048173,ELEC-day5,0.0,0.0,0.0,,
,,,,,,26,2026-02-01 02:59:24.048173,ELEC-day6,0.0,0.0,0.0,,
,,,,,,26,2026-02-01 02:59:24.048173,ELEC-F,0.0,0.0,0.0,,
4.0,1.0,1.0,,TEMPERATURE Forecast for DAY 2,The average temperature tomorrow is forecasted to be between 17 and 27 degrees Celsius.,27,2026-02-01 02:59:25.074397,NG,2.18,2.16,2.2,800000.0,800000.0
3.0,1.0,1.0,,You are logged in as a DISTRIBUTOR,,27,2026-02-01 02:59:25.074397,ELEC-day2,0.0,0.0,0.0,,
2.0,1.0,1.0,,FINES,"The fine for open positions of ELEC-dayX at the end of the day is $20,000/contract.",27,2026-02-01 02:59:25.074397,ELEC-day3,0.0,0.0,0.0,,
1.0,1.0,1.0,,Welcome to the RITC2026 GBE Energy Electricity Trading Case - practice server,,27,2026-02-01 02:59:25.074397,ELEC-day4,0.0,0.0,0.0,,
,,,,,,27,2026-02-01 02:59:25.074397,ELEC-day5,0.0,0.0,0.0,,
,,,,,,27,2026-02-01 02:59:25.074397,ELEC-day6,0.0,0.0,0.0,,
,,,,,,27,2026-02-01 02:59:25.074397,ELEC-F,0.0,0.0,0.0,,
4.0,1.0,1.0,,TEMPERATURE Forecast for DAY 2,The average temperature tomorrow is forecasted to be between 17 and 27 degrees Celsius.,28,2026-02-01 02:59:26.103804,NG,2.18,2.16,2.2,800000.0,800000.0
3.0,1.0,1.0,,You are logged in as a DISTRIBUTOR,,28,2026-02-01 02:59:26.103804,ELEC-day2,0.0,0.0,0.0,,
2.0,1.0,1.0,,FINES,"The fine for open positions of ELEC-dayX at the end of the day is $20,000/contract.",28,2026-02-01 02:59:26.103804,ELEC-day3,0.0,0.0,0.0,,
1.0,1.0,1.0,,Welcome to the RITC2026 GBE Energy Electricity Trading Case - practice server,,28,2026-02-01 02:59:26.103804,ELEC-day4,0.0,0.0,0.0,,
,,,,,,28,2026-02-01 02:59:26.103804,ELEC-day5,0.0,0.0,0.0,,
,,,,,,28,2026-02-01 02:59:26.103804,ELEC-day6,0.0,0.0,0.0,,
,,,,,,28,2026-02-01 02:59:26.103804,ELEC-F,0.0,0.0,0.0,,
4.0,1.0,1.0,,TEMPERATURE Forecast for DAY 2,The average temperature tomorrow is forecasted to be between 17 and 27 degrees Celsius.,29,2026-02-01 02:59:27.140551,NG,2.18,2.16,2.2,800000.0,800000.0
3.0,1.0,1.0,,You are logged in as a DISTRIBUTOR,,29,2026-02-01 02:59:27.140551,ELEC-day2,0.0,0.0,0.0,,
2.0,1.0,1.0,,FINES,"The fine for open positions of ELEC-dayX at the end of the day is $20,000/contract.",29,2026-02-01 02:59:27.140551,ELEC-day3,0.0,0.0,0.0,,
1.0,1.0,1.0,,Welcome to the RITC2026 GBE Energy Electricity Trading Case - practice server,,29,2026-02-01 02:59:27.140551,ELEC-day4,0.0,0.0,0.0,,
,,,,,,29,2026-02-01 02:59:27.140551,ELEC-day5,0.0,0.0,0.0,,
,,,,,,29,2026-02-01 02:59:27.140551,ELEC-day6,0.0,0.0,0.0,,
,,,,,,29,2026-02-01 02:59:27.140551,ELEC-F,0.0,0.0,0.0,,
4.0,1.0,1.0,,TEMPERATURE Forecast for DAY 2,The average temperature tomorrow is forecasted to be between 17 and 27 degrees Celsius.,30,2026-02-01 02:59:28.179595,NG,2.18,2.16,2.2,800000.0,800000.0
3.0,1.0,1.0,,You are logged in as a DISTRIBUTOR,,30,2026-02-01 02:59:28.179595,ELEC-day2,0.0,0.0,0.0,,
2.0,1.0,1.0,,FINES,"The fine for open positions of ELEC-dayX at the end of the day is $20,000/contract.",30,2026-02-01 02:59:28.179595,ELEC-day3,0.0,0.0,0.0,,
1.0,1.0,1.0,,Welcome to the RITC2026 GBE Energy Electricity Trading Case - practice server,,30,2026-02-01 02:59:28.179595,ELEC-day4,0.0,0.0,0.0,,
,,,,,,30,2026-02-01 02:59:28.179595,ELEC-day5,0.0,0.0,0.0,,
,,,,,,30,2026-02-01 02:59:28.179595,ELEC-day6,0.0,0.0,0.0,,
,,,,,,30,2026-02-01 02:59:28.179595,ELEC-F,0.0,0.0,0.0,,
4.0,1.0,1.0,,TEMPERATURE Forecast for DAY 2,The average temperature tomorrow is forecasted to be between 17 and 27 degrees Celsius.,31,2026-02-01 02:59:29.215449,NG,2.19,2.17,2.21,800000.0,800000.0
3.0,1.0,1.0,,You are logged in as a DISTRIBUTOR,,31,2026-02-01 02:59:29.215449,ELEC-day2,0.0,0.0,0.0,,
2.0,1.0,1.0,,FINES,"The fine for open positions of ELEC-dayX at the end of the day is $20,000/contract.",31,2026-02-01 02:59:29.215449,ELEC-day3,0.0,0.0,0.0,,
1.0,1.0,1.0,,Welcome to the RITC2026 GBE Energy Electricity Trading Case - practice server,,31,2026-02-01 02:59:29.215449,ELEC-day4,0.0,0.0,0.0,,
,,,,,,31,2026-02-01 02:59:29.215449,ELEC-day5,0.0,0.0,0.0,,
,,,,,,31,2026-02-01 02:59:29.215449,ELEC-day6,0.0,0.0,0.0,,
,,,,,,31,2026-02-01 02:59:29.215449,ELEC-F,0.0,0.0,0.0,,
4.0,1.0,1.0,,TEMPERATURE Forecast for DAY 2,The average temperature tomorrow is forecasted to be between 17 and 27 degrees Celsius.,32,2026-02-01 02:59:30.242307,NG,2.19,2.17,2.21,800000.0,800000.0
3.0,1.0,1.0,,You are logged in as a DISTRIBUTOR,,32,2026-02-01 02:59:30.242307,ELEC-day2,0.0,0.0,0.0,,
2.0,1.0,1.0,,FINES,"The fine for open positions of ELEC-dayX at the end of the day is $20,000/contract.",32,2026-02-01 02:59:30.242307,ELEC-day3,0.0,0.0,0.0,,
1.0,1.0,1.0,,Welcome to the RITC2026 GBE Energy Electricity Trading Case - practice server,,32,2026-02-01 02:59:30.242307,ELEC-day4,0.0,0.0,0.0,,
,,,,,,32,2026-02-01 02:59:30.242307,ELEC-day5,0.0,0.0,0.0,,
,,,,,,32,2026-02-01 02:59:30.242307,ELEC-day6,0.0,0.0,0.0,,
,,,,,,32,2026-02-01 02:59:30.242307,ELEC-F,0.0,0.0,0.0,,
4.0,1.0,1.0,,TEMPERATURE Forecast for DAY 2,The average temperature tomorrow is forecasted to be between 17 and 27 degrees Celsius.,33,2026-02-01 02:59:31.267155,NG,2.19,2.17,2.21,800000.0,800000.0
3.0,1.0,1.0,,You are logged in as a DISTRIBUTOR,,33,2026-02-01 02:59:31.267155,ELEC-day2,0.0,0.0,0.0,,
2.0,1.0,1.0,,FINES,"The fine for open positions of ELEC-dayX at the end of the day is $20,000/contract.",33,2026-02-01 02:59:31.267155,ELEC-day3,0.0,0.0,0.0,,
1.0,1.0,1.0,,Welcome to the RITC2026 GBE Energy Electricity Trading Case - practice server,,33,2026-02-01 02:59:31.267155,ELEC-day4,0.0,0.0,0.0,,
,,,,,,33,2026-02-01 02:59:31.267155,ELEC-day5,0.0,0.0,0.0,,
,,,,,,33,2026-02-01 02:59:31.267155,ELEC-day6,0.0,0.0,0.0,,
,,,,,,33,2026-02-01 02:59:31.267155,ELEC-F,0.0,0.0,0.0,,
4.0,1.0,1.0,,TEMPERATURE Forecast for DAY 2,The average temperature tomorrow is forecasted to be between 17 and 27 degrees Celsius.,34,2026-02-01 02:59:32.299213,NG,2.18,2.16,2.2,800000.0,800000.0
3.0,1.0,1.0,,You are logged in as a DISTRIBUTOR,,34,2026-02-01 02:59:32.299213,ELEC-day2,0.0,0.0,0.0,,
2.0,1.0,1.0,,FINES,"The fine for open positions of ELEC-dayX at the end of the day is $20,000/contract.",34,2026-02-01 02:59:32.299213,ELEC-day3,0.0,0.0,0.0,,
1.0,1.0,1.0,,Welcome to the RITC2026 GBE Energy Electricity Trading Case - practice server,,34,2026-02-01 02:59:32.299213,ELEC-day4,0.0,0.0,0.0,,
,,,,,,34,2026-02-01 02:59:32.299213,ELEC-day5,0.0,0.0,0.0,,
,,,,,,34,2026-02-01 02:59:32.299213,ELEC-day6,0.0,0.0,0.0,,
,,,,,,34,2026-02-01 02:59:32.299213,ELEC-F,0.0,0.0,0.0,,
4.0,1.0,1.0,,TEMPERATURE Forecast for DAY 2,The average temperature tomorrow is forecasted to be between 17 and 27 degrees Celsius.,35,2026-02-01 02:59:33.338828,NG,2.17,2.15,2.19,800000.0,800000.0
3.0,1.0,1.0,,You are logged in as a DISTRIBUTOR,,35,2026-02-01 02:59:33.338828,ELEC-day2,0.0,0.0,0.0,,
2.0,1.0,1.0,,FINES,"The fine for open positions of ELEC-dayX at the end of the day is $20,000/contract.",35,2026-02-01 02:59:33.338828,ELEC-day3,0.0,0.0,0.0,,
1.0,1.0,1.0,,Welcome to the RITC2026 GBE Energy Electricity Trading Case - practice server,,35,2026-02-01 02:59:33.338828,ELEC-day4,0.0,0.0,0.0,,
,,,,,,35,2026-02-01 02:59:33.338828,ELEC-day5,0.0,0.0,0.0,,
,,,,,,35,2026-02-01 02:59:33.338828,ELEC-day6,0.0,0.0,0.0,,
,,,,,,35,2026-02-01 02:59:33.338828,ELEC-F,0.0,0.0,0.0,,
4.0,1.0,1.0,,TEMPERATURE Forecast for DAY 2,The average temperature tomorrow is forecasted to be between 17 and 27 degrees Celsius.,36,2026-02-01 02:59:34.365281,NG,2.16,2.14,2.18,800000.0,800000.0
3.0,1.0,1.0,,You are logged in as a DISTRIBUTOR,,36,2026-02-01 02:59:34.365281,ELEC-day2,0.0,0.0,0.0,,
2.0,1.0,1.0,,FINES,"The fine for open positions of ELEC-dayX at the end of the day is $20,000/contract.",36,2026-02-01 02:59:34.365281,ELEC-day3,0.0,0.0,0.0,,
1.0,1.0,1.0,,Welcome to the RITC2026 GBE Energy Electricity Trading Case - practice server,,36,2026-02-01 02:59:34.365281,ELEC-day4,0.0,0.0,0.0,,
,,,,,,36,2026-02-01 02:59:34.365281,ELEC-day5,0.0,0.0,0.0,,
,,,,,,36,2026-02-01 02:59:34.365281,ELEC-day6,0.0,0.0,0.0,,
,,,,,,36,2026-02-01 02:59:34.365281,ELEC-F,0.0,0.0,0.0,,
4.0,1.0,1.0,,TEMPERATURE Forecast for DAY 2,The average temperature tomorrow is forecasted to be between 17 and 27 degrees Celsius.,37,2026-02-01 02:59:35.406890,NG,2.16,2.14,2.18,800000.0,800000.0
3.0,1.0,1.0,,You are logged in as a DISTRIBUTOR,,37,2026-02-01 02:59:35.406890,ELEC-day2,0.0,0.0,0.0,,
2.0,1.0,1.0,,FINES,"The fine for open positions of ELEC-dayX at the end of the day is $20,000/contract.",37,2026-02-01 02:59:35.406890,ELEC-day3,0.0,0.0,0.0,,
1.0,1.0,1.0,,Welcome to the RITC2026 GBE Energy Electricity Trading Case - practice server,,37,2026-02-01 02:59:35.406890,ELEC-day4,0.0,0.0,0.0,,
,,,,,,37,2026-02-01 02:59:35.406890,ELEC-day5,0.0,0.0,0.0,,
,,,,,,37,2026-02-01 02:59:35.406890,ELEC-day6,0.0,0.0,0.0,,
,,,,,,37,2026-02-01 02:59:35.406890,ELEC-F,0.0,0.0,0.0,,
4.0,1.0,1.0,,TEMPERATURE Forecast for DAY 2,The average temperature tomorrow is forecasted to be between 17 and 27 degrees Celsius.,38,2026-02-01 02:59:36.436023,NG,2.15,2.13,2.17,800000.0,800000.0
3.0,1.0,1.0,,You are logged in as a DISTRIBUTOR,,38,2026-02-01 02:59:36.436023,ELEC-day2,0.0,0.0,0.0,,
2.0,1.0,1.0,,FINES,"The fine for open positions of ELEC-dayX at the end of the day is $20,000/contract.",38,2026-02-01 02:59:36.436023,ELEC-day3,0.0,0.0,0.0,,
1.0,1.0,1.0,,Welcome to the RITC2026 GBE Energy Electricity Trading Case - practice server,,38,2026-02-01 02:59:36.436023,ELEC-day4,0.0,0.0,0.0,,
,,,,,,38,2026-02-01 02:59:36.436023,ELEC-day5,0.0,0.0,0.0,,
,,,,,,38,2026-02-01 02:59:36.436023,ELEC-day6,0.0,0.0,0.0,,
,,,,,,38,2026-02-01 02:59:36.436023,ELEC-F,0.0,0.0,0.0,,
4.0,1.0,1.0,,TEMPERATURE Forecast for DAY 2,The average temperature tomorrow is forecasted to be between 17 and 27 degrees Celsius.,39,2026-02-01 02:59:37.476008,NG,2.16,2.14,2.18,800000.0,800000.0
3.0,1.0,1.0,,You are logged in as a DISTRIBUTOR,,39,2026-02-01 02:59:37.476008,ELEC-day2,0.0,0.0,0.0,,
2.0,1.0,1.0,,FINES,"The fine for open positions of ELEC-dayX at the end of the day is $20,000/contract.",39,2026-02-01 02:59:37.476008,ELEC-day3,0.0,0.0,0.0,,
1.0,1.0,1.0,,Welcome to the RITC2026 GBE Energy Electricity Trading Case - practice server,,39,2026-02-01 02:59:37.476008,ELEC-day4,0.0,0.0,0.0,,
,,,,,,39,2026-02-01 02:59:37.476008,ELEC-day5,0.0,0.0,0.0,,
,,,,,,39,2026-02-01 02:59:37.476008,ELEC-day6,0.0,0.0,0.0,,
,,,,,,39,2026-02-01 02:59:37.476008,ELEC-F,0.0,0.0,0.0,,
4.0,1.0,1.0,,TEMPERATURE Forecast for DAY 2,The average temperature tomorrow is forecasted to be between 17 and 27 degrees Celsius.,40,2026-02-01 02:59:38.499780,NG,2.17,2.15,2.19,800000.0,800000.0
3.0,1.0,1.0,,You are logged in as a DISTRIBUTOR,,40,2026-02-01 02:59:38.499780,ELEC-day2,0.0,0.0,0.0,,
2.0,1.0,1.0,,FINES,"The fine for open positions of ELEC-dayX at the end of the day is $20,000/contract.",40,2026-02-01 02:59:38.499780,ELEC-day3,0.0,0.0,0.0,,
1.0,1.0,1.0,,Welcome to the RITC2026 GBE Energy Electricity Trading Case - practice server,,40,2026-02-01 02:59:38.499780,ELEC-day4,0.0,0.0,0.0,,
,,,,,,40,2026-02-01 02:59:38.499780,ELEC-day5,0.0,0.0,0.0,,
,,,,,,40,2026-02-01 02:59:38.499780,ELEC-day6,0.0,0.0,0.0,,
,,,,,,40,2026-02-01 02:59:38.499780,ELEC-F,0.0,0.0,0.0,,
4.0,1.0,1.0,,TEMPERATURE Forecast for DAY 2,The average temperature tomorrow is forecasted to be between 17 and 27 degrees Celsius.,41,2026-02-01 02:59:39.528763,NG,2.16,2.14,2.18,800000.0,800000.0
3.0,1.0,1.0,,You are logged in as a DISTRIBUTOR,,41,2026-02-01 02:59:39.528763,ELEC-day2,0.0,0.0,0.0,,
2.0,1.0,1.0,,FINES,"The fine for open positions of ELEC-dayX at the end of the day is $20,000/contract.",41,2026-02-01 02:59:39.528763,ELEC-day3,0.0,0.0,0.0,,
1.0,1.0,1.0,,Welcome to the RITC2026 GBE Energy Electricity Trading Case - practice server,,41,2026-02-01 02:59:39.528763,ELEC-day4,0.0,0.0,0.0,,
,,,,,,41,2026-02-01 02:59:39.528763,ELEC-day5,0.0,0.0,0.0,,
,,,,,,41,2026-02-01 02:59:39.528763,ELEC-day6,0.0,0.0,0.0,,
,,,,,,41,2026-02-01 02:59:39.528763,ELEC-F,0.0,0.0,0.0,,
4.0,1.0,1.0,,TEMPERATURE Forecast for DAY 2,The average temperature tomorrow is forecasted to be between 17 and 27 degrees Celsius.,42,2026-02-01 02:59:40.563668,NG,2.17,2.15,2.19,800000.0,800000.0
3.0,1.0,1.0,,You are logged in as a DISTRIBUTOR,,42,2026-02-01 02:59:40.563668,ELEC-day2,0.0,0.0,0.0,,
2.0,1.0,1.0,,FINES,"The fine for open positions of ELEC-dayX at the end of the day is $20,000/contract.",42,2026-02-01 02:59:40.563668,ELEC-day3,0.0,0.0,0.0,,
1.0,1.0,1.0,,Welcome to the RITC2026 GBE Energy Electricity Trading Case - practice server,,42,2026-02-01 02:59:40.563668,ELEC-day4,0.0,0.0,0.0,,
,,,,,,42,2026-02-01 02:59:40.563668,ELEC-day5,0.0,0.0,0.0,,
,,,,,,42,2026-02-01 02:59:40.563668,ELEC-day6,0.0,0.0,0.0,,
,,,,,,42,2026-02-01 02:59:40.563668,ELEC-F,0.0,0.0,0.0,,
4.0,1.0,1.0,,TEMPERATURE Forecast for DAY 2,The average temperature tomorrow is forecasted to be between 17 and 27 degrees Celsius.,43,2026-02-01 02:59:41.604072,NG,2.16,2.14,2.18,800000.0,800000.0
3.0,1.0,1.0,,You are logged in as a DISTRIBUTOR,,43,2026-02-01 02:59:41.604072,ELEC-day2,0.0,0.0,0.0,,
2.0,1.0,1.0,,FINES,"The fine for open positions of ELEC-dayX at the end of the day is $20,000/contract.",43,2026-02-01 02:59:41.604072,ELEC-day3,0.0,0.0,0.0,,
1.0,1.0,1.0,,Welcome to the RITC2026 GBE Energy Electricity Trading Case - practice server,,43,2026-02-01 02:59:41.604072,ELEC-day4,0.0,0.0,0.0,,
,,,,,,43,2026-02-01 02:59:41.604072,ELEC-day5,0.0,0.0,0.0,,
,,,,,,43,2026-02-01 02:59:41.604072,ELEC-day6,0.0,0.0,0.0,,
,,,,,,43,2026-02-01 02:59:41.604072,ELEC-F,0.0,0.0,0.0,,
4.0,1.0,1.0,,TEMPERATURE Forecast for DAY 2,The average temperature tomorrow is forecasted to be between 17 and 27 degrees Celsius.,44,2026-02-01 02:59:42.627595,NG,2.17,2.15,2.19,800000.0,800000.0
3.0,1.0,1.0,,You are logged in as a DISTRIBUTOR,,44,2026-02-01 02:59:42.627595,ELEC-day2,0.0,0.0,0.0,,
2.0,1.0,1.0,,FINES,"The fine for open positions of ELEC-dayX at the end of the day is $20,000/contract.",44,2026-02-01 02:59:42.627595,ELEC-day3,0.0,0.0,0.0,,
1.0,1.0,1.0,,Welcome to the RITC2026 GBE Energy Electricity Trading Case - practice server,,44,2026-02-01 02:59:42.627595,ELEC-day4,0.0,0.0,0.0,,
,,,,,,44,2026-02-01 02:59:42.627595,ELEC-day5,0.0,0.0,0.0,,
,,,,,,44,2026-02-01 02:59:42.627595,ELEC-day6,0.0,0.0,0.0,,
,,,,,,44,2026-02-01 02:59:42.627595,ELEC-F,0.0,0.0,0.0,,
4.0,1.0,1.0,,TEMPERATURE Forecast for DAY 2,The average temperature tomorrow is forecasted to be between 17 and 27 degrees Celsius.,45,2026-02-01 02:59:43.653655,NG,2.19,2.17,2.21,800000.0,800000.0
3.0,1.0,1.0,,You are logged in as a DISTRIBUTOR,,45,2026-02-01 02:59:43.653655,ELEC-day2,0.0,0.0,0.0,,
2.0,1.0,1.0,,FINES,"The fine for open positions of ELEC-dayX at the end of the day is $20,000/contract.",45,2026-02-01 02:59:43.653655,ELEC-day3,0.0,0.0,0.0,,
1.0,1.0,1.0,,Welcome to the RITC2026 GBE Energy Electricity Trading Case - practice server,,45,2026-02-01 02:59:43.653655,ELEC-day4,0.0,0.0,0.0,,
,,,,,,45,2026-02-01 02:59:43.653655,ELEC-day5,0.0,0.0,0.0,,
,,,,,,45,2026-02-01 02:59:43.653655,ELEC-day6,0.0,0.0,0.0,,
,,,,,,45,2026-02-01 02:59:43.653655,ELEC-F,0.0,0.0,0.0,,
4.0,1.0,1.0,,TEMPERATURE Forecast for DAY 2,The average temperature tomorrow is forecasted to be between 17 and 27 degrees Celsius.,46,2026-02-01 02:59:44.678797,NG,2.18,2.16,2.2,800000.0,800000.0
3.0,1.0,1.0,,You are logged in as a DISTRIBUTOR,,46,2026-02-01 02:59:44.678797,ELEC-day2,0.0,0.0,0.0,,
2.0,1.0,1.0,,FINES,"The fine for open positions of ELEC-dayX at the end of the day is $20,000/contract.",46,2026-02-01 02:59:44.678797,ELEC-day3,0.0,0.0,0.0,,
1.0,1.0,1.0,,Welcome to the RITC2026 GBE Energy Electricity Trading Case - practice server,,46,2026-02-01 02:59:44.678797,ELEC-day4,0.0,0.0,0.0,,
,,,,,,46,2026-02-01 02:59:44.678797,ELEC-day5,0.0,0.0,0.0,,
,,,,,,46,2026-02-01 02:59:44.678797,ELEC-day6,0.0,0.0,0.0,,
,,,,,,46,2026-02-01 02:59:44.678797,ELEC-F,0.0,0.0,0.0,,
4.0,1.0,1.0,,TEMPERATURE Forecast for DAY 2,The average temperature tomorrow is forecasted to be between 17 and 27 degrees Celsius.,47,2026-02-01 02:59:45.710162,NG,2.19,2.17,2.21,800000.0,800000.0
3.0,1.0,1.0,,You are logged in as a DISTRIBUTOR,,47,2026-02-01 02:59:45.710162,ELEC-day2,0.0,0.0,0.0,,
2.0,1.0,1.0,,FINES,"The fine for open positions of ELEC-dayX at the end of the day is $20,000/contract.",47,2026-02-01 02:59:45.710162,ELEC-day3,0.0,0.0,0.0,,
1.0,1.0,1.0,,Welcome to the RITC2026 GBE Energy Electricity Trading Case - practice server,,47,2026-02-01 02:59:45.710162,ELEC-day4,0.0,0.0,0.0,,
,,,,,,47,2026-02-01 02:59:45.710162,ELEC-day5,0.0,0.0,0.0,,
,,,,,,47,2026-02-01 02:59:45.710162,ELEC-day6,0.0,0.0,0.0,,
,,,,,,47,2026-02-01 02:59:45.710162,ELEC-F,0.0,0.0,0.0,,
4.0,1.0,1.0,,TEMPERATURE Forecast for DAY 2,The average temperature tomorrow is forecasted to be between 17 and 27 degrees Celsius.,48,2026-02-01 02:59:46.737643,NG,2.19,2.17,2.21,800000.0,800000.0
3.0,1.0,1.0,,You are logged in as a DISTRIBUTOR,,48,2026-02-01 02:59:46.737643,ELEC-day2,0.0,0.0,0.0,,
2.0,1.0,1.0,,FINES,"The fine for open positions of ELEC-dayX at the end of the day is $20,000/contract.",48,2026-02-01 02:59:46.737643,ELEC-day3,0.0,0.0,0.0,,
1.0,1.0,1.0,,Welcome to the RITC2026 GBE Energy Electricity Trading Case - practice server,,48,2026-02-01 02:59:46.737643,ELEC-day4,0.0,0.0,0.0,,
,,,,,,48,2026-02-01 02:59:46.737643,ELEC-day5,0.0,0.0,0.0,,
,,,,,,48,2026-02-01 02:59:46.737643,ELEC-day6,0.0,0.0,0.0,,
,,,,,,48,2026-02-01 02:59:46.737643,ELEC-F,0.0,0.0,0.0,,
4.0,1.0,1.0,,TEMPERATURE Forecast for DAY 2,The average temperature tomorrow is forecasted to be between 17 and 27 degrees Celsius.,49,2026-02-01 02:59:47.763409,NG,2.19,2.17,2.21,800000.0,800000.0
3.0,1.0,1.0,,You are logged in as a DISTRIBUTOR,,49,2026-02-01 02:59:47.763409,ELEC-day2,0.0,0.0,0.0,,
2.0,1.0,1.0,,FINES,"The fine for open positions of ELEC-dayX at the end of the day is $20,000/contract.",49,2026-02-01 02:59:47.763409,ELEC-day3,0.0,0.0,0.0,,
1.0,1.0,1.0,,Welcome to the RITC2026 GBE Energy Electricity Trading Case - practice server,,49,2026-02-01 02:59:47.763409,ELEC-day4,0.0,0.0,0.0,,
,,,,,,49,2026-02-01 02:59:47.763409,ELEC-day5,0.0,0.0,0.0,,
,,,,,,49,2026-02-01 02:59:47.763409,ELEC-day6,0.0,0.0,0.0,,
,,,,,,49,2026-02-01 02:59:47.763409,ELEC-F,0.0,0.0,0.0,,
4.0,1.0,1.0,,TEMPERATURE Forecast for DAY 2,The average temperature tomorrow is forecasted to be between 17 and 27 degrees Celsius.,50,2026-02-01 02:59:48.809970,NG,2.2,2.18,2.22,800000.0,800000.0
3.0,1.0,1.0,,You are logged in as a DISTRIBUTOR,,50,2026-02-01 02:59:48.809970,ELEC-day2,0.0,0.0,0.0,,
2.0,1.0,1.0,,FINES,"The fine for open positions of ELEC-dayX at the end of the day is $20,000/contract.",50,2026-02-01 02:59:48.809970,ELEC-day3,0.0,0.0,0.0,,
1.0,1.0,1.0,,Welcome to the RITC2026 GBE Energy Electricity Trading Case - practice server,,50,2026-02-01 02:59:48.809970,ELEC-day4,0.0,0.0,0.0,,
,,,,,,50,2026-02-01 02:59:48.809970,ELEC-day5,0.0,0.0,0.0,,
,,,,,,50,2026-02-01 02:59:48.809970,ELEC-day6,0.0,0.0,0.0,,
,,,,,,50,2026-02-01 02:59:48.809970,ELEC-F,0.0,0.0,0.0,,
4.0,1.0,1.0,,TEMPERATURE Forecast for DAY 2,The average temperature tomorrow is forecasted to be between 17 and 27 degrees Celsius.,51,2026-02-01 02:59:49.840071,NG,2.21,2.19,2.23,800000.0,800000.0
3.0,1.0,1.0,,You are logged in as a DISTRIBUTOR,,51,2026-02-01 02:59:49.840071,ELEC-day2,0.0,0.0,0.0,,
2.0,1.0,1.0,,FINES,"The fine for open positions of ELEC-dayX at the end of the day is $20,000/contract.",51,2026-02-01 02:59:49.840071,ELEC-day3,0.0,0.0,0.0,,
1.0,1.0,1.0,,Welcome to the RITC2026 GBE Energy Electricity Trading Case - practice server,,51,2026-02-01 02:59:49.840071,ELEC-day4,0.0,0.0,0.0,,
,,,,,,51,2026-02-01 02:59:49.840071,ELEC-day5,0.0,0.0,0.0,,
,,,,,,51,2026-02-01 02:59:49.840071,ELEC-day6,0.0,0.0,0.0,,
,,,,,,51,2026-02-01 02:59:49.840071,ELEC-F,0.0,0.0,0.0,,
4.0,1.0,1.0,,TEMPERATURE Forecast for DAY 2,The average temperature tomorrow is forecasted to be between 17 and 27 degrees Celsius.,52,2026-02-01 02:59:50.869017,NG,2.21,2.19,2.23,800000.0,800000.0
3.0,1.0,1.0,,You are logged in as a DISTRIBUTOR,,52,2026-02-01 02:59:50.869017,ELEC-day2,0.0,0.0,0.0,,
2.0,1.0,1.0,,FINES,"The fine for open positions of ELEC-dayX at the end of the day is $20,000/contract.",52,2026-02-01 02:59:50.869017,ELEC-day3,0.0,0.0,0.0,,
1.0,1.0,1.0,,Welcome to the RITC2026 GBE Energy Electricity Trading Case - practice server,,52,2026-02-01 02:59:50.869017,ELEC-day4,0.0,0.0,0.0,,
,,,,,,52,2026-02-01 02:59:50.869017,ELEC-day5,0.0,0.0,0.0,,
,,,,,,52,2026-02-01 02:59:50.869017,ELEC-day6,0.0,0.0,0.0,,
,,,,,,52,2026-02-01 02:59:50.869017,ELEC-F,0.0,0.0,0.0,,
4.0,1.0,1.0,,TEMPERATURE Forecast for DAY 2,The average temperature tomorrow is forecasted to be between 17 and 27 degrees Celsius.,54,2026-02-01 02:59:51.969081,NG,2.21,2.19,2.23,800000.0,800000.0
3.0,1.0,1.0,,You are logged in as a DISTRIBUTOR,,54,2026-02-01 02:59:51.969081,ELEC-day2,0.0,0.0,0.0,,
2.0,1.0,1.0,,FINES,"The fine for open positions of ELEC-dayX at the end of the day is $20,000/contract.",54,2026-02-01 02:59:51.969081,ELEC-day3,0.0,0.0,0.0,,
1.0,1.0,1.0,,Welcome to the RITC2026 GBE Energy Electricity Trading Case - practice server,,54,2026-02-01 02:59:51.969081,ELEC-day4,0.0,0.0,0.0,,
,,,,,,54,2026-02-01 02:59:51.969081,ELEC-day5,0.0,0.0,0.0,,
,,,,,,54,2026-02-01 02:59:51.969081,ELEC-day6,0.0,0.0,0.0,,
,,,,,,54,2026-02-01 02:59:51.969081,ELEC-F,0.0,0.0,0.0,,
4.0,1.0,1.0,,TEMPERATURE Forecast for DAY 2,The average temperature tomorrow is forecasted to be between 17 and 27 degrees Celsius.,55,2026-02-01 02:59:53.155443,NG,2.21,2.19,2.23,800000.0,800000.0
3.0,1.0,1.0,,You are logged in as a DISTRIBUTOR,,55,2026-02-01 02:59:53.155443,ELEC-day2,0.0,0.0,0.0,,
2.0,1.0,1.0,,FINES,"The fine for open positions of ELEC-dayX at the end of the day is $20,000/contract.",55,2026-02-01 02:59:53.155443,ELEC-day3,0.0,0.0,0.0,,
1.0,1.0,1.0,,Welcome to the RITC2026 GBE Energy Electricity Trading Case - practice server,,55,2026-02-01 02:59:53.155443,ELEC-day4,0.0,0.0,0.0,,
,,,,,,55,2026-02-01 02:59:53.155443,ELEC-day5,0.0,0.0,0.0,,
,,,,,,55,2026-02-01 02:59:53.155443,ELEC-day6,0.0,0.0,0.0,,
,,,,,,55,2026-02-01 02:59:53.155443,ELEC-F,0.0,0.0,0.0,,
4.0,1.0,1.0,,TEMPERATURE Forecast for DAY 2,The average temperature tomorrow is forecasted to be between 17 and 27 degrees Celsius.,56,2026-02-01 02:59:54.197136,NG,2.2,2.18,2.22,800000.0,800000.0
3.0,1.0,1.0,,You are logged in as a DISTRIBUTOR,,56,2026-02-01 02:59:54.197136,ELEC-day2,0.0,0.0,0.0,,
2.0,1.0,1.0,,FINES,"The fine for open positions of ELEC-dayX at the end of the day is $20,000/contract.",56,2026-02-01 02:59:54.197136,ELEC-day3,0.0,0.0,0.0,,
1.0,1.0,1.0,,Welcome to the RITC2026 GBE Energy Electricity Trading Case - practice server,,56,2026-02-01 02:59:54.197136,ELEC-day4,0.0,0.0,0.0,,
,,,,,,56,2026-02-01 02:59:54.197136,ELEC-day5,0.0,0.0,0.0,,
,,,,,,56,2026-02-01 02:59:54.197136,ELEC-day6,0.0,0.0,0.0,,
,,,,,,56,2026-02-01 02:59:54.197136,ELEC-F,0.0,0.0,0.0,,
4.0,1.0,1.0,,TEMPERATURE Forecast for DAY 2,The average temperature tomorrow is forecasted to be between 17 and 27 degrees Celsius.,57,2026-02-01 02:59:55.239140,NG,2.2,2.18,2.22,800000.0,800000.0
3.0,1.0,1.0,,You are logged in as a DISTRIBUTOR,,57,2026-02-01 02:59:55.239140,ELEC-day2,0.0,0.0,0.0,,
2.0,1.0,1.0,,FINES,"The fine for open positions of ELEC-dayX at the end of the day is $20,000/contract.",57,2026-02-01 02:59:55.239140,ELEC-day3,0.0,0.0,0.0,,
1.0,1.0,1.0,,Welcome to the RITC2026 GBE Energy Electricity Trading Case - practice server,,57,2026-02-01 02:59:55.239140,ELEC-day4,0.0,0.0,0.0,,
,,,,,,57,2026-02-01 02:59:55.239140,ELEC-day5,0.0,0.0,0.0,,
,,,,,,57,2026-02-01 02:59:55.239140,ELEC-day6,0.0,0.0,0.0,,
,,,,,,57,2026-02-01 02:59:55.239140,ELEC-F,0.0,0.0,0.0,,
4.0,1.0,1.0,,TEMPERATURE Forecast for DAY 2,The average temperature tomorrow is forecasted to be between 17 and 27 degrees Celsius.,58,2026-02-01 02:59:56.277149,NG,2.2,2.18,2.22,800000.0,800000.0
3.0,1.0,1.0,,You are logged in as a DISTRIBUTOR,,58,2026-02-01 02:59:56.277149,ELEC-day2,0.0,0.0,0.0,,
2.0,1.0,1.0,,FINES,"The fine for open positions of ELEC-dayX at the end of the day is $20,000/contract.",58,2026-02-01 02:59:56.277149,ELEC-day3,0.0,0.0,0.0,,
1.0,1.0,1.0,,Welcome to the RITC2026 GBE Energy Electricity Trading Case - practice server,,58,2026-02-01 02:59:56.277149,ELEC-day4,0.0,0.0,0.0,,
,,,,,,58,2026-02-01 02:59:56.277149,ELEC-day5,0.0,0.0,0.0,,
,,,,,,58,2026-02-01 02:59:56.277149,ELEC-day6,0.0,0.0,0.0,,
,,,,,,58,2026-02-01 02:59:56.277149,ELEC-F,0.0,0.0,0.0,,
4.0,1.0,1.0,,TEMPERATURE Forecast for DAY 2,The average temperature tomorrow is forecasted to be between 17 and 27 degrees Celsius.,59,2026-02-01 02:59:57.309282,NG,2.2,2.18,2.22,800000.0,800000.0
3.0,1.0,1.0,,You are logged in as a DISTRIBUTOR,,59,2026-02-01 02:59:57.309282,ELEC-day2,0.0,0.0,0.0,,
2.0,1.0,1.0,,FINES,"The fine for open positions of ELEC-dayX at the end of the day is $20,000/contract.",59,2026-02-01 02:59:57.309282,ELEC-day3,0.0,0.0,0.0,,
1.0,1.0,1.0,,Welcome to the RITC2026 GBE Energy Electricity Trading Case - practice server,,59,2026-02-01 02:59:57.309282,ELEC-day4,0.0,0.0,0.0,,
,,,,,,59,2026-02-01 02:59:57.309282,ELEC-day5,0.0,0.0,0.0,,
,,,,,,59,2026-02-01 02:59:57.309282,ELEC-day6,0.0,0.0,0.0,,
,,,,,,59,2026-02-01 02:59:57.309282,ELEC-F,0.0,0.0,0.0,,
4.0,1.0,1.0,,TEMPERATURE Forecast for DAY 2,The average temperature tomorrow is forecasted to be between 17 and 27 degrees Celsius.,60,2026-02-01 02:59:58.344484,NG,2.2,2.18,2.22,800000.0,800000.0
3.0,1.0,1.0,,You are logged in as a DISTRIBUTOR,,60,2026-02-01 02:59:58.344484,ELEC-day2,0.0,0.0,0.0,,
2.0,1.0,1.0,,FINES,"The fine for open positions of ELEC-dayX at the end of the day is $20,000/contract.",60,2026-02-01 02:59:58.344484,ELEC-day3,0.0,0.0,0.0,,
1.0,1.0,1.0,,Welcome to the RITC2026 GBE Energy Electricity Trading Case - practice server,,60,2026-02-01 02:59:58.344484,ELEC-day4,0.0,0.0,0.0,,
,,,,,,60,2026-02-01 02:59:58.344484,ELEC-day5,0.0,0.0,0.0,,
,,,,,,60,2026-02-01 02:59:58.344484,ELEC-day6,0.0,0.0,0.0,,
,,,,,,60,2026-02-01 02:59:58.344484,ELEC-F,0.0,0.0,0.0,,
4.0,1.0,1.0,,TEMPERATURE Forecast for DAY 2,The average temperature tomorrow is forecasted to be between 17 and 27 degrees Celsius.,61,2026-02-01 02:59:59.379515,NG,2.2,2.18,2.22,800000.0,800000.0
3.0,1.0,1.0,,You are logged in as a DISTRIBUTOR,,61,2026-02-01 02:59:59.379515,ELEC-day2,0.0,0.0,0.0,,
2.0,1.0,1.0,,FINES,"The fine for open positions of ELEC-dayX at the end of the day is $20,000/contract.",61,2026-02-01 02:59:59.379515,ELEC-day3,0.0,0.0,0.0,,
1.0,1.0,1.0,,Welcome to the RITC2026 GBE Energy Electricity Trading Case - practice server,,61,2026-02-01 02:59:59.379515,ELEC-day4,0.0,0.0,0.0,,
,,,,,,61,2026-02-01 02:59:59.379515,ELEC-day5,0.0,0.0,0.0,,
,,,,,,61,2026-02-01 02:59:59.379515,ELEC-day6,0.0,0.0,0.0,,
,,,,,,61,2026-02-01 02:59:59.379515,ELEC-F,0.0,0.0,0.0,,
4.0,1.0,1.0,,TEMPERATURE Forecast for DAY 2,The average temperature tomorrow is forecasted to be between 17 and 27 degrees Celsius.,62,2026-02-01 03:00:00.413901,NG,2.21,2.19,2.23,800000.0,800000.0
3.0,1.0,1.0,,You are logged in as a DISTRIBUTOR,,62,2026-02-01 03:00:00.413901,ELEC-day2,0.0,0.0,0.0,,
2.0,1.0,1.0,,FINES,"The fine for open positions of ELEC-dayX at the end of the day is $20,000/contract.",62,2026-02-01 03:00:00.413901,ELEC-day3,0.0,0.0,0.0,,
1.0,1.0,1.0,,Welcome to the RITC2026 GBE Energy Electricity Trading Case - practice server,,62,2026-02-01 03:00:00.413901,ELEC-day4,0.0,0.0,0.0,,
,,,,,,62,2026-02-01 03:00:00.413901,ELEC-day5,0.0,0.0,0.0,,
,,,,,,62,2026-02-01 03:00:00.413901,ELEC-day6,0.0,0.0,0.0,,
,,,,,,62,2026-02-01 03:00:00.413901,ELEC-F,0.0,0.0,0.0,,
4.0,1.0,1.0,,TEMPERATURE Forecast for DAY 2,The average temperature tomorrow is forecasted to be between 17 and 27 degrees Celsius.,63,2026-02-01 03:00:01.443515,NG,2.21,2.19,2.23,800000.0,800000.0
3.0,1.0,1.0,,You are logged in as a DISTRIBUTOR,,63,2026-02-01 03:00:01.443515,ELEC-day2,0.0,0.0,0.0,,
2.0,1.0,1.0,,FINES,"The fine for open positions of ELEC-dayX at the end of the day is $20,000/contract.",63,2026-02-01 03:00:01.443515,ELEC-day3,0.0,0.0,0.0,,
1.0,1.0,1.0,,Welcome to the RITC2026 GBE Energy Electricity Trading Case - practice server,,63,2026-02-01 03:00:01.443515,ELEC-day4,0.0,0.0,0.0,,
,,,,,,63,2026-02-01 03:00:01.443515,ELEC-day5,0.0,0.0,0.0,,
,,,,,,63,2026-02-01 03:00:01.443515,ELEC-day6,0.0,0.0,0.0,,
,,,,,,63,2026-02-01 03:00:01.443515,ELEC-F,0.0,0.0,0.0,,
4.0,1.0,1.0,,TEMPERATURE Forecast for DAY 2,The average temperature tomorrow is forecasted to be between 17 and 27 degrees Celsius.,64,2026-02-01 03:00:02.484216,NG,2.21,2.19,2.23,800000.0,800000.0
3.0,1.0,1.0,,You are logged in as a DISTRIBUTOR,,64,2026-02-01 03:00:02.484216,ELEC-day2,0.0,0.0,0.0,,
2.0,1.0,1.0,,FINES,"The fine for open positions of ELEC-dayX at the end of the day is $20,000/contract.",64,2026-02-01 03:00:02.484216,ELEC-day3,0.0,0.0,0.0,,
1.0,1.0,1.0,,Welcome to the RITC2026 GBE Energy Electricity Trading Case - practice server,,64,2026-02-01 03:00:02.484216,ELEC-day4,0.0,0.0,0.0,,
,,,,,,64,2026-02-01 03:00:02.484216,ELEC-day5,0.0,0.0,0.0,,
,,,,,,64,2026-02-01 03:00:02.484216,ELEC-day6,0.0,0.0,0.0,,
,,,,,,64,2026-02-01 03:00:02.484216,ELEC-F,0.0,0.0,0.0,,
4.0,1.0,1.0,,TEMPERATURE Forecast for DAY 2,The average temperature tomorrow is forecasted to be between 17 and 27 degrees Celsius.,65,2026-02-01 03:00:03.516337,NG,2.22,2.2,2.24,800000.0,800000.0
3.0,1.0,1.0,,You are logged in as a DISTRIBUTOR,,65,2026-02-01 03:00:03.516337,ELEC-day2,0.0,0.0,0.0,,
2.0,1.0,1.0,,FINES,"The fine for open positions of ELEC-dayX at the end of the day is $20,000/contract.",65,2026-02-01 03:00:03.516337,ELEC-day3,0.0,0.0,0.0,,
1.0,1.0,1.0,,Welcome to the RITC2026 GBE Energy Electricity Trading Case - practice server,,65,2026-02-01 03:00:03.516337,ELEC-day4,0.0,0.0,0.0,,
,,,,,,65,2026-02-01 03:00:03.516337,ELEC-day5,0.0,0.0,0.0,,
,,,,,,65,2026-02-01 03:00:03.516337,ELEC-day6,0.0,0.0,0.0,,
,,,,,,65,2026-02-01 03:00:03.516337,ELEC-F,0.0,0.0,0.0,,
4.0,1.0,1.0,,TEMPERATURE Forecast for DAY 2,The average temperature tomorrow is forecasted to be between 17 and 27 degrees Celsius.,66,2026-02-01 03:00:04.553493,NG,2.22,2.2,2.24,800000.0,800000.0
3.0,1.0,1.0,,You are logged in as a DISTRIBUTOR,,66,2026-02-01 03:00:04.553493,ELEC-day2,0.0,0.0,0.0,,
2.0,1.0,1.0,,FINES,"The fine for open positions of ELEC-dayX at the end of the day is $20,000/contract.",66,2026-02-01 03:00:04.553493,ELEC-day3,0.0,0.0,0.0,,
1.0,1.0,1.0,,Welcome to the RITC2026 GBE Energy Electricity Trading Case - practice server,,66,2026-02-01 03:00:04.553493,ELEC-day4,0.0,0.0,0.0,,
,,,,,,66,2026-02-01 03:00:04.553493,ELEC-day5,0.0,0.0,0.0,,
,,,,,,66,2026-02-01 03:00:04.553493,ELEC-day6,0.0,0.0,0.0,,
,,,,,,66,2026-02-01 03:00:04.553493,ELEC-F,0.0,0.0,0.0,,
4.0,1.0,1.0,,TEMPERATURE Forecast for DAY 2,The average temperature tomorrow is forecasted to be between 17 and 27 degrees Celsius.,67,2026-02-01 03:00:05.592827,NG,2.21,2.19,2.23,800000.0,800000.0
3.0,1.0,1.0,,You are logged in as a DISTRIBUTOR,,67,2026-02-01 03:00:05.592827,ELEC-day2,0.0,0.0,0.0,,
2.0,1.0,1.0,,FINES,"The fine for open positions of ELEC-dayX at the end of the day is $20,000/contract.",67,2026-02-01 03:00:05.592827,ELEC-day3,0.0,0.0,0.0,,
1.0,1.0,1.0,,Welcome to the RITC2026 GBE Energy Electricity Trading Case - practice server,,67,2026-02-01 03:00:05.592827,ELEC-day4,0.0,0.0,0.0,,
,,,,,,67,2026-02-01 03:00:05.592827,ELEC-day5,0.0,0.0,0.0,,
,,,,,,67,2026-02-01 03:00:05.592827,ELEC-day6,0.0,0.0,0.0,,
,,,,,,67,2026-02-01 03:00:05.592827,ELEC-F,0.0,0.0,0.0,,
4.0,1.0,1.0,,TEMPERATURE Forecast for DAY 2,The average temperature tomorrow is forecasted to be between 17 and 27 degrees Celsius.,68,2026-02-01 03:00:06.628700,NG,2.21,2.19,2.23,800000.0,800000.0
3.0,1.0,1.0,,You are logged in as a DISTRIBUTOR,,68,2026-02-01 03:00:06.628700,ELEC-day2,0.0,0.0,0.0,,
2.0,1.0,1.0,,FINES,"The fine for open positions of ELEC-dayX at the end of the day is $20,000/contract.",68,2026-02-01 03:00:06.628700,ELEC-day3,0.0,0.0,0.0,,
1.0,1.0,1.0,,Welcome to the RITC2026 GBE Energy Electricity Trading Case - practice server,,68,2026-02-01 03:00:06.628700,ELEC-day4,0.0,0.0,0.0,,
,,,,,,68,2026-02-01 03:00:06.628700,ELEC-day5,0.0,0.0,0.0,,
,,,,,,68,2026-02-01 03:00:06.628700,ELEC-day6,0.0,0.0,0.0,,
,,,,,,68,2026-02-01 03:00:06.628700,ELEC-F,0.0,0.0,0.0,,
4.0,1.0,1.0,,TEMPERATURE Forecast for DAY 2,The average temperature tomorrow is forecasted to be between 17 and 27 degrees Celsius.,69,2026-02-01 03:00:07.665931,NG,2.2,2.18,2.22,800000.0,800000.0
3.0,1.0,1.0,,You are logged in as a DISTRIBUTOR,,69,2026-02-01 03:00:07.665931,ELEC-day2,0.0,0.0,0.0,,
2.0,1.0,1.0,,FINES,"The fine for open positions of ELEC-dayX at the end of the day is $20,000/contract.",69,2026-02-01 03:00:07.665931,ELEC-day3,0.0,0.0,0.0,,
1.0,1.0,1.0,,Welcome to the RITC2026 GBE Energy Electricity Trading Case - practice server,,69,2026-02-01 03:00:07.665931,ELEC-day4,0.0,0.0,0.0,,
,,,,,,69,2026-02-01 03:00:07.665931,ELEC-day5,0.0,0.0,0.0,,
,,,,,,69,2026-02-01 03:00:07.665931,ELEC-day6,0.0,0.0,0.0,,
,,,,,,69,2026-02-01 03:00:07.665931,ELEC-F,0.0,0.0,0.0,,
4.0,1.0,1.0,,TEMPERATURE Forecast for DAY 2,The average temperature tomorrow is forecasted to be between 17 and 27 degrees Celsius.,70,2026-02-01 03:00:08.699504,NG,2.2,2.18,2.22,800000.0,800000.0
3.0,1.0,1.0,,You are logged in as a DISTRIBUTOR,,70,2026-02-01 03:00:08.699504,ELEC-day2,0.0,0.0,0.0,,
2.0,1.0,1.0,,FINES,"The fine for open positions of ELEC-dayX at the end of the day is $20,000/contract.",70,2026-02-01 03:00:08.699504,ELEC-day3,0.0,0.0,0.0,,
1.0,1.0,1.0,,Welcome to the RITC2026 GBE Energy Electricity Trading Case - practice server,,70,2026-02-01 03:00:08.699504,ELEC-day4,0.0,0.0,0.0,,
,,,,,,70,2026-02-01 03:00:08.699504,ELEC-day5,0.0,0.0,0.0,,
,,,,,,70,2026-02-01 03:00:08.699504,ELEC-day6,0.0,0.0,0.0,,
,,,,,,70,2026-02-01 03:00:08.699504,ELEC-F,0.0,0.0,0.0,,
4.0,1.0,1.0,,TEMPERATURE Forecast for DAY 2,The average temperature tomorrow is forecasted to be between 17 and 27 degrees Celsius.,71,2026-02-01 03:00:09.728576,NG,2.2,2.18,2.22,800000.0,800000.0
3.0,1.0,1.0,,You are logged in as a DISTRIBUTOR,,71,2026-02-01 03:00:09.728576,ELEC-day2,0.0,0.0,0.0,,
2.0,1.0,1.0,,FINES,"The fine for open positions of ELEC-dayX at the end of the day is $20,000/contract.",71,2026-02-01 03:00:09.728576,ELEC-day3,0.0,0.0,0.0,,
1.0,1.0,1.0,,Welcome to the RITC2026 GBE Energy Electricity Trading Case - practice server,,71,2026-02-01 03:00:09.728576,ELEC-day4,0.0,0.0,0.0,,
,,,,,,71,2026-02-01 03:00:09.728576,ELEC-day5,0.0,0.0,0.0,,
,,,,,,71,2026-02-01 03:00:09.728576,ELEC-day6,0.0,0.0,0.0,,
,,,,,,71,2026-02-01 03:00:09.728576,ELEC-F,0.0,0.0,0.0,,
4.0,1.0,1.0,,TEMPERATURE Forecast for DAY 2,The average temperature tomorrow is forecasted to be between 17 and 27 degrees Celsius.,72,2026-02-01 03:00:10.761290,NG,2.2,2.18,2.22,800000.0,800000.0
3.0,1.0,1.0,,You are logged in as a DISTRIBUTOR,,72,2026-02-01 03:00:10.761290,ELEC-day2,0.0,0.0,0.0,,
2.0,1.0,1.0,,FINES,"The fine for open positions of ELEC-dayX at the end of the day is $20,000/contract.",72,2026-02-01 03:00:10.761290,ELEC-day3,0.0,0.0,0.0,,
1.0,1.0,1.0,,Welcome to the RITC2026 GBE Energy Electricity Trading Case - practice server,,72,2026-02-01 03:00:10.761290,ELEC-day4,0.0,0.0,0.0,,
,,,,,,72,2026-02-01 03:00:10.761290,ELEC-day5,0.0,0.0,0.0,,
,,,,,,72,2026-02-01 03:00:10.761290,ELEC-day6,0.0,0.0,0.0,,
,,,,,,72,2026-02-01 03:00:10.761290,ELEC-F,0.0,0.0,0.0,,
4.0,1.0,1.0,,TEMPERATURE Forecast for DAY 2,The average temperature tomorrow is forecasted to be between 17 and 27 degrees Celsius.,73,2026-02-01 03:00:11.795271,NG,2.2,2.18,2.22,800000.0,800000.0
3.0,1.0,1.0,,You are logged in as a DISTRIBUTOR,,73,2026-02-01 03:00:11.795271,ELEC-day2,0.0,0.0,0.0,,
2.0,1.0,1.0,,FINES,"The fine for open positions of ELEC-dayX at the end of the day is $20,000/contract.",73,2026-02-01 03:00:11.795271,ELEC-day3,0.0,0.0,0.0,,
1.0,1.0,1.0,,Welcome to the RITC2026 GBE Energy Electricity Trading Case - practice server,,73,2026-02-01 03:00:11.795271,ELEC-day4,0.0,0.0,0.0,,
,,,,,,73,2026-02-01 03:00:11.795271,ELEC-day5,0.0,0.0,0.0,,
,,,,,,73,2026-02-01 03:00:11.795271,ELEC-day6,0.0,0.0,0.0,,
,,,,,,73,2026-02-01 03:00:11.795271,ELEC-F,0.0,0.0,0.0,,
4.0,1.0,1.0,,TEMPERATURE Forecast for DAY 2,The average temperature tomorrow is forecasted to be between 17 and 27 degrees Celsius.,74,2026-02-01 03:00:12.826662,NG,2.2,2.18,2.22,800000.0,800000.0
3.0,1.0,1.0,,You are logged in as a DISTRIBUTOR,,74,2026-02-01 03:00:12.826662,ELEC-day2,0.0,0.0,0.0,,
2.0,1.0,1.0,,FINES,"The fine for open positions of ELEC-dayX at the end of the day is $20,000/contract.",74,2026-02-01 03:00:12.826662,ELEC-day3,0.0,0.0,0.0,,
1.0,1.0,1.0,,Welcome to the RITC2026 GBE Energy Electricity Trading Case - practice server,,74,2026-02-01 03:00:12.826662,ELEC-day4,0.0,0.0,0.0,,
,,,,,,74,2026-02-01 03:00:12.826662,ELEC-day5,0.0,0.0,0.0,,
,,,,,,74,2026-02-01 03:00:12.826662,ELEC-day6,0.0,0.0,0.0,,
,,,,,,74,2026-02-01 03:00:12.826662,ELEC-F,0.0,0.0,0.0,,
4.0,1.0,1.0,,TEMPERATURE Forecast for DAY 2,The average temperature tomorrow is forecasted to be between 17 and 27 degrees Celsius.,75,2026-02-01 03:00:13.859859,NG,2.21,2.19,2.23,800000.0,800000.0
3.0,1.0,1.0,,You are logged in as a DISTRIBUTOR,,75,2026-02-01 03:00:13.859859,ELEC-day2,0.0,0.0,0.0,,
2.0,1.0,1.0,,FINES,"The fine for open positions of ELEC-dayX at the end of the day is $20,000/contract.",75,2026-02-01 03:00:13.859859,ELEC-day3,0.0,0.0,0.0,,
1.0,1.0,1.0,,Welcome to the RITC2026 GBE Energy Electricity Trading Case - practice server,,75,2026-02-01 03:00:13.859859,ELEC-day4,0.0,0.0,0.0,,
,,,,,,75,2026-02-01 03:00:13.859859,ELEC-day5,0.0,0.0,0.0,,
,,,,,,75,2026-02-01 03:00:13.859859,ELEC-day6,0.0,0.0,0.0,,
,,,,,,75,2026-02-01 03:00:13.859859,ELEC-F,0.0,0.0,0.0,,
4.0,1.0,1.0,,TEMPERATURE Forecast for DAY 2,The average temperature tomorrow is forecasted to be between 17 and 27 degrees Celsius.,76,2026-02-01 03:00:14.895419,NG,2.21,2.19,2.23,800000.0,800000.0
3.0,1.0,1.0,,You are logged in as a DISTRIBUTOR,,76,2026-02-01 03:00:14.895419,ELEC-day2,0.0,0.0,0.0,,
2.0,1.0,1.0,,FINES,"The fine for open positions of ELEC-dayX at the end of the day is $20,000/contract.",76,2026-02-01 03:00:14.895419,ELEC-day3,0.0,0.0,0.0,,
1.0,1.0,1.0,,Welcome to the RITC2026 GBE Energy Electricity Trading Case - practice server,,76,2026-02-01 03:00:14.895419,ELEC-day4,0.0,0.0,0.0,,
,,,,,,76,2026-02-01 03:00:14.895419,ELEC-day5,0.0,0.0,0.0,,
,,,,,,76,2026-02-01 03:00:14.895419,ELEC-day6,0.0,0.0,0.0,,
,,,,,,76,2026-02-01 03:00:14.895419,ELEC-F,0.0,0.0,0.0,,
4.0,1.0,1.0,,TEMPERATURE Forecast for DAY 2,The average temperature tomorrow is forecasted to be between 17 and 27 degrees Celsius.,77,2026-02-01 03:00:15.927007,NG,2.2,2.18,2.22,800000.0,800000.0
3.0,1.0,1.0,,You are logged in as a DISTRIBUTOR,,77,2026-02-01 03:00:15.927007,ELEC-day2,0.0,0.0,0.0,,
2.0,1.0,1.0,,FINES,"The fine for open positions of ELEC-dayX at the end of the day is $20,000/contract.",77,2026-02-01 03:00:15.927007,ELEC-day3,0.0,0.0,0.0,,
1.0,1.0,1.0,,Welcome to the RITC2026 GBE Energy Electricity Trading Case - practice server,,77,2026-02-01 03:00:15.927007,ELEC-day4,0.0,0.0,0.0,,
,,,,,,77,2026-02-01 03:00:15.927007,ELEC-day5,0.0,0.0,0.0,,
,,,,,,77,2026-02-01 03:00:15.927007,ELEC-day6,0.0,0.0,0.0,,
,,,,,,77,2026-02-01 03:00:15.927007,ELEC-F,0.0,0.0,0.0,,
4.0,1.0,1.0,,TEMPERATURE Forecast for DAY 2,The average temperature tomorrow is forecasted to be between 17 and 27 degrees Celsius.,78,2026-02-01 03:00:16.965285,NG,2.21,2.19,2.23,800000.0,800000.0
3.0,1.0,1.0,,You are logged in as a DISTRIBUTOR,,78,2026-02-01 03:00:16.965285,ELEC-day2,0.0,0.0,0.0,,
2.0,1.0,1.0,,FINES,"The fine for open positions of ELEC-dayX at the end of the day is $20,000/contract.",78,2026-02-01 03:00:16.965285,ELEC-day3,0.0,0.0,0.0,,
1.0,1.0,1.0,,Welcome to the RITC2026 GBE Energy Electricity Trading Case - practice server,,78,2026-02-01 03:00:16.965285,ELEC-day4,0.0,0.0,0.0,,
,,,,,,78,2026-02-01 03:00:16.965285,ELEC-day5,0.0,0.0,0.0,,
,,,,,,78,2026-02-01 03:00:16.965285,ELEC-day6,0.0,0.0,0.0,,
,,,,,,78,2026-02-01 03:00:16.965285,ELEC-F,0.0,0.0,0.0,,
4.0,1.0,1.0,,TEMPERATURE Forecast for DAY 2,The average temperature tomorrow is forecasted to be between 17 and 27 degrees Celsius.,79,2026-02-01 03:00:18.001856,NG,2.21,2.19,2.23,800000.0,800000.0
3.0,1.0,1.0,,You are logged in as a DISTRIBUTOR,,79,2026-02-01 03:00:18.001856,ELEC-day2,0.0,0.0,0.0,,
2.0,1.0,1.0,,FINES,"The fine for open positions of ELEC-dayX at the end of the day is $20,000/contract.",79,2026-02-01 03:00:18.001856,ELEC-day3,0.0,0.0,0.0,,
1.0,1.0,1.0,,Welcome to the RITC2026 GBE Energy Electricity Trading Case - practice server,,79,2026-02-01 03:00:18.001856,ELEC-day4,0.0,0.0,0.0,,
,,,,,,79,2026-02-01 03:00:18.001856,ELEC-day5,0.0,0.0,0.0,,
,,,,,,79,2026-02-01 03:00:18.001856,ELEC-day6,0.0,0.0,0.0,,
,,,,,,79,2026-02-01 03:00:18.001856,ELEC-F,0.0,0.0,0.0,,
4.0,1.0,1.0,,TEMPERATURE Forecast for DAY 2,The average temperature tomorrow is forecasted to be between 17 and 27 degrees Celsius.,80,2026-02-01 03:00:19.037017,NG,2.2,2.18,2.22,800000.0,800000.0
3.0,1.0,1.0,,You are logged in as a DISTRIBUTOR,,80,2026-02-01 03:00:19.037017,ELEC-day2,0.0,0.0,0.0,,
2.0,1.0,1.0,,FINES,"The fine for open positions of ELEC-dayX at the end of the day is $20,000/contract.",80,2026-02-01 03:00:19.037017,ELEC-day3,0.0,0.0,0.0,,
1.0,1.0,1.0,,Welcome to the RITC2026 GBE Energy Electricity Trading Case - practice server,,80,2026-02-01 03:00:19.037017,ELEC-day4,0.0,0.0,0.0,,
,,,,,,80,2026-02-01 03:00:19.037017,ELEC-day5,0.0,0.0,0.0,,
,,,,,,80,2026-02-01 03:00:19.037017,ELEC-day6,0.0,0.0,0.0,,
,,,,,,80,2026-02-01 03:00:19.037017,ELEC-F,0.0,0.0,0.0,,
4.0,1.0,1.0,,TEMPERATURE Forecast for DAY 2,The average temperature tomorrow is forecasted to be between 17 and 27 degrees Celsius.,82,2026-02-01 03:00:20.250795,NG,2.2,2.18,2.22,800000.0,800000.0
3.0,1.0,1.0,,You are logged in as a DISTRIBUTOR,,82,2026-02-01 03:00:20.250795,ELEC-day2,0.0,0.0,0.0,,
2.0,1.0,1.0,,FINES,"The fine for open positions of ELEC-dayX at the end of the day is $20,000/contract.",82,2026-02-01 03:00:20.250795,ELEC-day3,0.0,0.0,0.0,,
1.0,1.0,1.0,,Welcome to the RITC2026 GBE Energy Electricity Trading Case - practice server,,82,2026-02-01 03:00:20.250795,ELEC-day4,0.0,0.0,0.0,,
,,,,,,82,2026-02-01 03:00:20.250795,ELEC-day5,0.0,0.0,0.0,,
,,,,,,82,2026-02-01 03:00:20.250795,ELEC-day6,0.0,0.0,0.0,,
,,,,,,82,2026-02-01 03:00:20.250795,ELEC-F,0.0,0.0,0.0,,
4.0,1.0,1.0,,TEMPERATURE Forecast for DAY 2,The average temperature tomorrow is forecasted to be between 17 and 27 degrees Celsius.,83,2026-02-01 03:00:21.340940,NG,2.2,2.18,2.22,800000.0,800000.0
3.0,1.0,1.0,,You are logged in as a DISTRIBUTOR,,83,2026-02-01 03:00:21.340940,ELEC-day2,0.0,0.0,0.0,,
2.0,1.0,1.0,,FINES,"The fine for open positions of ELEC-dayX at the end of the day is $20,000/contract.",83,2026-02-01 03:00:21.340940,ELEC-day3,0.0,0.0,0.0,,
1.0,1.0,1.0,,Welcome to the RITC2026 GBE Energy Electricity Trading Case - practice server,,83,2026-02-01 03:00:21.340940,ELEC-day4,0.0,0.0,0.0,,
,,,,,,83,2026-02-01 03:00:21.340940,ELEC-day5,0.0,0.0,0.0,,
,,,,,,83,2026-02-01 03:00:21.340940,ELEC-day6,0.0,0.0,0.0,,
,,,,,,83,2026-02-01 03:00:21.340940,ELEC-F,0.0,0.0,0.0,,
4.0,1.0,1.0,,TEMPERATURE Forecast for DAY 2,The average temperature tomorrow is forecasted to be between 17 and 27 degrees Celsius.,84,2026-02-01 03:00:22.394893,NG,2.2,2.18,2.22,800000.0,800000.0
3.0,1.0,1.0,,You are logged in as a DISTRIBUTOR,,84,2026-02-01 03:00:22.394893,ELEC-day2,0.0,0.0,0.0,,
2.0,1.0,1.0,,FINES,"The fine for open positions of ELEC-dayX at the end of the day is $20,000/contract.",84,2026-02-01 03:00:22.394893,ELEC-day3,0.0,0.0,0.0,,
1.0,1.0,1.0,,Welcome to the RITC2026 GBE Energy Electricity Trading Case - practice server,,84,2026-02-01 03:00:22.394893,ELEC-day4,0.0,0.0,0.0,,
,,,,,,84,2026-02-01 03:00:22.394893,ELEC-day5,0.0,0.0,0.0,,
,,,,,,84,2026-02-01 03:00:22.394893,ELEC-day6,0.0,0.0,0.0,,
,,,,,,84,2026-02-01 03:00:22.394893,ELEC-F,0.0,0.0,0.0,,
4.0,1.0,1.0,,TEMPERATURE Forecast for DAY 2,The average temperature tomorrow is forecasted to be between 17 and 27 degrees Celsius.,85,2026-02-01 03:00:23.431600,NG,2.21,2.19,2.23,800000.0,800000.0
3.0,1.0,1.0,,You are logged in as a DISTRIBUTOR,,85,2026-02-01 03:00:23.431600,ELEC-day2,0.0,0.0,0.0,,
2.0,1.0,1.0,,FINES,"The fine for open positions of ELEC-dayX at the end of the day is $20,000/contract.",85,2026-02-01 03:00:23.431600,ELEC-day3,0.0,0.0,0.0,,
1.0,1.0,1.0,,Welcome to the RITC2026 GBE Energy Electricity Trading Case - practice server,,85,2026-02-01 03:00:23.431600,ELEC-day4,0.0,0.0,0.0,,
,,,,,,85,2026-02-01 03:00:23.431600,ELEC-day5,0.0,0.0,0.0,,
,,,,,,85,2026-02-01 03:00:23.431600,ELEC-day6,0.0,0.0,0.0,,
,,,,,,85,2026-02-01 03:00:23.431600,ELEC-F,0.0,0.0,0.0,,
4.0,1.0,1.0,,TEMPERATURE Forecast for DAY 2,The average temperature tomorrow is forecasted to be between 17 and 27 degrees Celsius.,86,2026-02-01 03:00:24.456003,NG,2.22,2.2,2.24,800000.0,800000.0
3.0,1.0,1.0,,You are logged in as a DISTRIBUTOR,,86,2026-02-01 03:00:24.456003,ELEC-day2,0.0,0.0,0.0,,
2.0,1.0,1.0,,FINES,"The fine for open positions of ELEC-dayX at the end of the day is $20,000/contract.",86,2026-02-01 03:00:24.456003,ELEC-day3,0.0,0.0,0.0,,
1.0,1.0,1.0,,Welcome to the RITC2026 GBE Energy Electricity Trading Case - practice server,,86,2026-02-01 03:00:24.456003,ELEC-day4,0.0,0.0,0.0,,
,,,,,,86,2026-02-01 03:00:24.456003,ELEC-day5,0.0,0.0,0.0,,
,,,,,,86,2026-02-01 03:00:24.456003,ELEC-day6,0.0,0.0,0.0,,
,,,,,,86,2026-02-01 03:00:24.456003,ELEC-F,0.0,0.0,0.0,,
4.0,1.0,1.0,,TEMPERATURE Forecast for DAY 2,The average temperature tomorrow is forecasted to be between 17 and 27 degrees Celsius.,87,2026-02-01 03:00:25.490557,NG,2.24,2.22,2.26,800000.0,800000.0
3.0,1.0,1.0,,You are logged in as a DISTRIBUTOR,,87,2026-02-01 03:00:25.490557,ELEC-day2,0.0,0.0,0.0,,
2.0,1.0,1.0,,FINES,"The fine for open positions of ELEC-dayX at the end of the day is $20,000/contract.",87,2026-02-01 03:00:25.490557,ELEC-day3,0.0,0.0,0.0,,
1.0,1.0,1.0,,Welcome to the RITC2026 GBE Energy Electricity Trading Case - practice server,,87,2026-02-01 03:00:25.490557,ELEC-day4,0.0,0.0,0.0,,
,,,,,,87,2026-02-01 03:00:25.490557,ELEC-day5,0.0,0.0,0.0,,
,,,,,,87,2026-02-01 03:00:25.490557,ELEC-day6,0.0,0.0,0.0,,
,,,,,,87,2026-02-01 03:00:25.490557,ELEC-F,0.0,0.0,0.0,,
4.0,1.0,1.0,,TEMPERATURE Forecast for DAY 2,The average temperature tomorrow is forecasted to be between 17 and 27 degrees Celsius.,88,2026-02-01 03:00:26.526341,NG,2.24,2.22,2.26,800000.0,800000.0
3.0,1.0,1.0,,You are logged in as a DISTRIBUTOR,,88,2026-02-01 03:00:26.526341,ELEC-day2,0.0,0.0,0.0,,
2.0,1.0,1.0,,FINES,"The fine for open positions of ELEC-dayX at the end of the day is $20,000/contract.",88,2026-02-01 03:00:26.526341,ELEC-day3,0.0,0.0,0.0,,
1.0,1.0,1.0,,Welcome to the RITC2026 GBE Energy Electricity Trading Case - practice server,,88,2026-02-01 03:00:26.526341,ELEC-day4,0.0,0.0,0.0,,
,,,,,,88,2026-02-01 03:00:26.526341,ELEC-day5,0.0,0.0,0.0,,
,,,,,,88,2026-02-01 03:00:26.526341,ELEC-day6,0.0,0.0,0.0,,
,,,,,,88,2026-02-01 03:00:26.526341,ELEC-F,0.0,0.0,0.0,,
4.0,1.0,1.0,,TEMPERATURE Forecast for DAY 2,The average temperature tomorrow is forecasted to be between 17 and 27 degrees Celsius.,89,2026-02-01 03:00:27.561025,NG,2.24,2.22,2.26,800000.0,800000.0
3.0,1.0,1.0,,You are logged in as a DISTRIBUTOR,,89,2026-02-01 03:00:27.561025,ELEC-day2,0.0,0.0,0.0,,
2.0,1.0,1.0,,FINES,"The fine for open positions of ELEC-dayX at the end of the day is $20,000/contract.",89,2026-02-01 03:00:27.561025,ELEC-day3,0.0,0.0,0.0,,
1.0,1.0,1.0,,Welcome to the RITC2026 GBE Energy Electricity Trading Case - practice server,,89,2026-02-01 03:00:27.561025,ELEC-day4,0.0,0.0,0.0,,
,,,,,,89,2026-02-01 03:00:27.561025,ELEC-day5,0.0,0.0,0.0,,
,,,,,,89,2026-02-01 03:00:27.561025,ELEC-day6,0.0,0.0,0.0,,
,,,,,,89,2026-02-01 03:00:27.561025,ELEC-F,0.0,0.0,0.0,,
5.0,1.0,89.0,,TEMPERATURE Forecast for DAY 2,The average temperature tomorrow is forecasted to be between 14 and 21 degrees Celsius.,90,2026-02-01 03:00:28.596005,NG,2.24,2.22,2.26,800000.0,800000.0
4.0,1.0,1.0,,TEMPERATURE Forecast for DAY 2,The average temperature tomorrow is forecasted to be between 17 and 27 degrees Celsius.,90,2026-02-01 03:00:28.596005,ELEC-day2,0.0,0.0,0.0,,
3.0,1.0,1.0,,You are logged in as a DISTRIBUTOR,,90,2026-02-01 03:00:28.596005,ELEC-day3,0.0,0.0,0.0,,
2.0,1.0,1.0,,FINES,"The fine for open positions of ELEC-dayX at the end of the day is $20,000/contract.",90,2026-02-01 03:00:28.596005,ELEC-day4,0.0,0.0,0.0,,
1.0,1.0,1.0,,Welcome to the RITC2026 GBE Energy Electricity Trading Case - practice server,,90,2026-02-01 03:00:28.596005,ELEC-day5,0.0,0.0,0.0,,
,,,,,,90,2026-02-01 03:00:28.596005,ELEC-day6,0.0,0.0,0.0,,
,,,,,,90,2026-02-01 03:00:28.596005,ELEC-F,0.0,0.0,0.0,,
5.0,1.0,89.0,,TEMPERATURE Forecast for DAY 2,The average temperature tomorrow is forecasted to be between 14 and 21 degrees Celsius.,91,2026-02-01 03:00:29.628101,NG,2.24,2.22,2.26,800000.0,800000.0
4.0,1.0,1.0,,TEMPERATURE Forecast for DAY 2,The average temperature tomorrow is forecasted to be between 17 and 27 degrees Celsius.,91,2026-02-01 03:00:29.628101,ELEC-day2,0.0,0.0,0.0,,
3.0,1.0,1.0,,You are logged in as a DISTRIBUTOR,,91,2026-02-01 03:00:29.628101,ELEC-day3,0.0,0.0,0.0,,
2.0,1.0,1.0,,FINES,"The fine for open positions of ELEC-dayX at the end of the day is $20,000/contract.",91,2026-02-01 03:00:29.628101,ELEC-day4,0.0,0.0,0.0,,
1.0,1.0,1.0,,Welcome to the RITC2026 GBE Energy Electricity Trading Case - practice server,,91,2026-02-01 03:00:29.628101,ELEC-day5,0.0,0.0,0.0,,
,,,,,,91,2026-02-01 03:00:29.628101,ELEC-day6,0.0,0.0,0.0,,
,,,,,,91,2026-02-01 03:00:29.628101,ELEC-F,0.0,0.0,0.0,,
5.0,1.0,89.0,,TEMPERATURE Forecast for DAY 2,The average temperature tomorrow is forecasted to be between 14 and 21 degrees Celsius.,92,2026-02-01 03:00:30.663695,NG,2.24,2.22,2.26,800000.0,800000.0
4.0,1.0,1.0,,TEMPERATURE Forecast for DAY 2,The average temperature tomorrow is forecasted to be between 17 and 27 degrees Celsius.,92,2026-02-01 03:00:30.663695,ELEC-day2,0.0,0.0,0.0,,
3.0,1.0,1.0,,You are logged in as a DISTRIBUTOR,,92,2026-02-01 03:00:30.663695,ELEC-day3,0.0,0.0,0.0,,
2.0,1.0,1.0,,FINES,"The fine for open positions of ELEC-dayX at the end of the day is $20,000/contract.",92,2026-02-01 03:00:30.663695,ELEC-day4,0.0,0.0,0.0,,
1.0,1.0,1.0,,Welcome to the RITC2026 GBE Energy Electricity Trading Case - practice server,,92,2026-02-01 03:00:30.663695,ELEC-day5,0.0,0.0,0.0,,
,,,,,,92,2026-02-01 03:00:30.663695,ELEC-day6,0.0,0.0,0.0,,
,,,,,,92,2026-02-01 03:00:30.663695,ELEC-F,0.0,0.0,0.0,,
5.0,1.0,89.0,,TEMPERATURE Forecast for DAY 2,The average temperature tomorrow is forecasted to be between 14 and 21 degrees Celsius.,93,2026-02-01 03:00:31.689886,NG,2.23,2.21,2.25,800000.0,800000.0
4.0,1.0,1.0,,TEMPERATURE Forecast for DAY 2,The average temperature tomorrow is forecasted to be between 17 and 27 degrees Celsius.,93,2026-02-01 03:00:31.689886,ELEC-day2,0.0,0.0,0.0,,
3.0,1.0,1.0,,You are logged in as a DISTRIBUTOR,,93,2026-02-01 03:00:31.689886,ELEC-day3,0.0,0.0,0.0,,
2.0,1.0,1.0,,FINES,"The fine for open positions of ELEC-dayX at the end of the day is $20,000/contract.",93,2026-02-01 03:00:31.689886,ELEC-day4,0.0,0.0,0.0,,
1.0,1.0,1.0,,Welcome to the RITC2026 GBE Energy Electricity Trading Case - practice server,,93,2026-02-01 03:00:31.689886,ELEC-day5,0.0,0.0,0.0,,
,,,,,,93,2026-02-01 03:00:31.689886,ELEC-day6,0.0,0.0,0.0,,
,,,,,,93,2026-02-01 03:00:31.689886,ELEC-F,0.0,0.0,0.0,,
5.0,1.0,89.0,,TEMPERATURE Forecast for DAY 2,The average temperature tomorrow is forecasted to be between 14 and 21 degrees Celsius.,94,2026-02-01 03:00:32.731402,NG,2.24,2.22,2.26,800000.0,800000.0
4.0,1.0,1.0,,TEMPERATURE Forecast for DAY 2,The average temperature tomorrow is forecasted to be between 17 and 27 degrees Celsius.,94,2026-02-01 03:00:32.731402,ELEC-day2,0.0,0.0,0.0,,
3.0,1.0,1.0,,You are logged in as a DISTRIBUTOR,,94,2026-02-01 03:00:32.731402,ELEC-day3,0.0,0.0,0.0,,
2.0,1.0,1.0,,FINES,"The fine for open positions of ELEC-dayX at the end of the day is $20,000/contract.",94,2026-02-01 03:00:32.731402,ELEC-day4,0.0,0.0,0.0,,
1.0,1.0,1.0,,Welcome to the RITC2026 GBE Energy Electricity Trading Case - practice server,,94,2026-02-01 03:00:32.731402,ELEC-day5,0.0,0.0,0.0,,
,,,,,,94,2026-02-01 03:00:32.731402,ELEC-day6,0.0,0.0,0.0,,
,,,,,,94,2026-02-01 03:00:32.731402,ELEC-F,0.0,0.0,0.0,,
5.0,1.0,89.0,,TEMPERATURE Forecast for DAY 2,The average temperature tomorrow is forecasted to be between 14 and 21 degrees Celsius.,95,2026-02-01 03:00:33.819592,NG,2.24,2.22,2.26,800000.0,800000.0
4.0,1.0,1.0,,TEMPERATURE Forecast for DAY 2,The average temperature tomorrow is forecasted to be between 17 and 27 degrees Celsius.,95,2026-02-01 03:00:33.819592,ELEC-day2,0.0,0.0,0.0,,
3.0,1.0,1.0,,You are logged in as a DISTRIBUTOR,,95,2026-02-01 03:00:33.819592,ELEC-day3,0.0,0.0,0.0,,
2.0,1.0,1.0,,FINES,"The fine for open positions of ELEC-dayX at the end of the day is $20,000/contract.",95,2026-02-01 03:00:33.819592,ELEC-day4,0.0,0.0,0.0,,
1.0,1.0,1.0,,Welcome to the RITC2026 GBE Energy Electricity Trading Case - practice server,,95,2026-02-01 03:00:33.819592,ELEC-day5,0.0,0.0,0.0,,
,,,,,,95,2026-02-01 03:00:33.819592,ELEC-day6,0.0,0.0,0.0,,
,,,,,,95,2026-02-01 03:00:33.819592,ELEC-F,0.0,0.0,0.0,,
5.0,1.0,89.0,,TEMPERATURE Forecast for DAY 2,The average temperature tomorrow is forecasted to be between 14 and 21 degrees Celsius.,96,2026-02-01 03:00:34.853116,NG,2.24,2.22,2.26,800000.0,800000.0
4.0,1.0,1.0,,TEMPERATURE Forecast for DAY 2,The average temperature tomorrow is forecasted to be between 17 and 27 degrees Celsius.,96,2026-02-01 03:00:34.853116,ELEC-day2,0.0,0.0,0.0,,
3.0,1.0,1.0,,You are logged in as a DISTRIBUTOR,,96,2026-02-01 03:00:34.853116,ELEC-day3,0.0,0.0,0.0,,
2.0,1.0,1.0,,FINES,"The fine for open positions of ELEC-dayX at the end of the day is $20,000/contract.",96,2026-02-01 03:00:34.853116,ELEC-day4,0.0,0.0,0.0,,
1.0,1.0,1.0,,Welcome to the RITC2026 GBE Energy Electricity Trading Case - practice server,,96,2026-02-01 03:00:34.853116,ELEC-day5,0.0,0.0,0.0,,
,,,,,,96,2026-02-01 03:00:34.853116,ELEC-day6,0.0,0.0,0.0,,
,,,,,,96,2026-02-01 03:00:34.853116,ELEC-F,0.0,0.0,0.0,,
5.0,1.0,89.0,,TEMPERATURE Forecast for DAY 2,The average temperature tomorrow is forecasted to be between 14 and 21 degrees Celsius.,97,2026-02-01 03:00:35.886553,NG,2.24,2.22,2.26,800000.0,800000.0
4.0,1.0,1.0,,TEMPERATURE Forecast for DAY 2,The average temperature tomorrow is forecasted to be between 17 and 27 degrees Celsius.,97,2026-02-01 03:00:35.886553,ELEC-day2,0.0,0.0,0.0,,
3.0,1.0,1.0,,You are logged in as a DISTRIBUTOR,,97,2026-02-01 03:00:35.886553,ELEC-day3,0.0,0.0,0.0,,
2.0,1.0,1.0,,FINES,"The fine for open positions of ELEC-dayX at the end of the day is $20,000/contract.",97,2026-02-01 03:00:35.886553,ELEC-day4,0.0,0.0,0.0,,
1.0,1.0,1.0,,Welcome to the RITC2026 GBE Energy Electricity Trading Case - practice server,,97,2026-02-01 03:00:35.886553,ELEC-day5,0.0,0.0,0.0,,
,,,,,,97,2026-02-01 03:00:35.886553,ELEC-day6,0.0,0.0,0.0,,
,,,,,,97,2026-02-01 03:00:35.886553,ELEC-F,0.0,0.0,0.0,,
5.0,1.0,89.0,,TEMPERATURE Forecast for DAY 2,The average temperature tomorrow is forecasted to be between 14 and 21 degrees Celsius.,98,2026-02-01 03:00:36.936162,NG,2.25,2.23,2.27,800000.0,800000.0
4.0,1.0,1.0,,TEMPERATURE Forecast for DAY 2,The average temperature tomorrow is forecasted to be between 17 and 27 degrees Celsius.,98,2026-02-01 03:00:36.936162,ELEC-day2,0.0,0.0,0.0,,
3.0,1.0,1.0,,You are logged in as a DISTRIBUTOR,,98,2026-02-01 03:00:36.936162,ELEC-day3,0.0,0.0,0.0,,
2.0,1.0,1.0,,FINES,"The fine for open positions of ELEC-dayX at the end of the day is $20,000/contract.",98,2026-02-01 03:00:36.936162,ELEC-day4,0.0,0.0,0.0,,
1.0,1.0,1.0,,Welcome to the RITC2026 GBE Energy Electricity Trading Case - practice server,,98,2026-02-01 03:00:36.936162,ELEC-day5,0.0,0.0,0.0,,
,,,,,,98,2026-02-01 03:00:36.936162,ELEC-day6,0.0,0.0,0.0,,
,,,,,,98,2026-02-01 03:00:36.936162,ELEC-F,0.0,0.0,0.0,,
5.0,1.0,89.0,,TEMPERATURE Forecast for DAY 2,The average temperature tomorrow is forecasted to be between 14 and 21 degrees Celsius.,99,2026-02-01 03:00:37.985634,NG,2.26,2.24,2.28,800000.0,800000.0
4.0,1.0,1.0,,TEMPERATURE Forecast for DAY 2,The average temperature tomorrow is forecasted to be between 17 and 27 degrees Celsius.,99,2026-02-01 03:00:37.985634,ELEC-day2,0.0,0.0,0.0,,
3.0,1.0,1.0,,You are logged in as a DISTRIBUTOR,,99,2026-02-01 03:00:37.985634,ELEC-day3,0.0,0.0,0.0,,
2.0,1.0,1.0,,FINES,"The fine for open positions of ELEC-dayX at the end of the day is $20,000/contract.",99,2026-02-01 03:00:37.985634,ELEC-day4,0.0,0.0,0.0,,
1.0,1.0,1.0,,Welcome to the RITC2026 GBE Energy Electricity Trading Case - practice server,,99,2026-02-01 03:00:37.985634,ELEC-day5,0.0,0.0,0.0,,
,,,,,,99,2026-02-01 03:00:37.985634,ELEC-day6,0.0,0.0,0.0,,
,,,,,,99,2026-02-01 03:00:37.985634,ELEC-F,0.0,0.0,0.0,,
5.0,1.0,89.0,,TEMPERATURE Forecast for DAY 2,The average temperature tomorrow is forecasted to be between 14 and 21 degrees Celsius.,100,2026-02-01 03:00:39.025344,NG,2.25,2.23,2.27,800000.0,800000.0
4.0,1.0,1.0,,TEMPERATURE Forecast for DAY 2,The average temperature tomorrow is forecasted to be between 17 and 27 degrees Celsius.,100,2026-02-01 03:00:39.025344,ELEC-day2,0.0,0.0,0.0,,
3.0,1.0,1.0,,You are logged in as a DISTRIBUTOR,,100,2026-02-01 03:00:39.025344,ELEC-day3,0.0,0.0,0.0,,
2.0,1.0,1.0,,FINES,"The fine for open positions of ELEC-dayX at the end of the day is $20,000/contract.",100,2026-02-01 03:00:39.025344,ELEC-day4,0.0,0.0,0.0,,
1.0,1.0,1.0,,Welcome to the RITC2026 GBE Energy Electricity Trading Case - practice server,,100,2026-02-01 03:00:39.025344,ELEC-day5,0.0,0.0,0.0,,
,,,,,,100,2026-02-01 03:00:39.025344,ELEC-day6,0.0,0.0,0.0,,
,,,,,,100,2026-02-01 03:00:39.025344,ELEC-F,0.0,0.0,0.0,,
5.0,1.0,89.0,,TEMPERATURE Forecast for DAY 2,The average temperature tomorrow is forecasted to be between 14 and 21 degrees Celsius.,101,2026-02-01 03:00:40.055973,NG,2.26,2.24,2.28,800000.0,800000.0
4.0,1.0,1.0,,TEMPERATURE Forecast for DAY 2,The average temperature tomorrow is forecasted to be between 17 and 27 degrees Celsius.,101,2026-02-01 03:00:40.055973,ELEC-day2,0.0,0.0,0.0,,
3.0,1.0,1.0,,You are logged in as a DISTRIBUTOR,,101,2026-02-01 03:00:40.055973,ELEC-day3,0.0,0.0,0.0,,
2.0,1.0,1.0,,FINES,"The fine for open positions of ELEC-dayX at the end of the day is $20,000/contract.",101,2026-02-01 03:00:40.055973,ELEC-day4,0.0,0.0,0.0,,
1.0,1.0,1.0,,Welcome to the RITC2026 GBE Energy Electricity Trading Case - practice server,,101,2026-02-01 03:00:40.055973,ELEC-day5,0.0,0.0,0.0,,
,,,,,,101,2026-02-01 03:00:40.055973,ELEC-day6,0.0,0.0,0.0,,
,,,,,,101,2026-02-01 03:00:40.055973,ELEC-F,0.0,0.0,0.0,,
5.0,1.0,89.0,,TEMPERATURE Forecast for DAY 2,The average temperature tomorrow is forecasted to be between 14 and 21 degrees Celsius.,102,2026-02-01 03:00:41.088151,NG,2.25,2.23,2.27,800000.0,800000.0
4.0,1.0,1.0,,TEMPERATURE Forecast for DAY 2,The average temperature tomorrow is forecasted to be between 17 and 27 degrees Celsius.,102,2026-02-01 03:00:41.088151,ELEC-day2,0.0,0.0,0.0,,
3.0,1.0,1.0,,You are logged in as a DISTRIBUTOR,,102,2026-02-01 03:00:41.088151,ELEC-day3,0.0,0.0,0.0,,
2.0,1.0,1.0,,FINES,"The fine for open positions of ELEC-dayX at the end of the day is $20,000/contract.",102,2026-02-01 03:00:41.088151,ELEC-day4,0.0,0.0,0.0,,
1.0,1.0,1.0,,Welcome to the RITC2026 GBE Energy Electricity Trading Case - practice server,,102,2026-02-01 03:00:41.088151,ELEC-day5,0.0,0.0,0.0,,
,,,,,,102,2026-02-01 03:00:41.088151,ELEC-day6,0.0,0.0,0.0,,
,,,,,,102,2026-02-01 03:00:41.088151,ELEC-F,0.0,0.0,0.0,,
5.0,1.0,89.0,,TEMPERATURE Forecast for DAY 2,The average temperature tomorrow is forecasted to be between 14 and 21 degrees Celsius.,103,2026-02-01 03:00:42.126903,NG,2.24,2.22,2.26,800000.0,800000.0
4.0,1.0,1.0,,TEMPERATURE Forecast for DAY 2,The average temperature tomorrow is forecasted to be between 17 and 27 degrees Celsius.,103,2026-02-01 03:00:42.126903,ELEC-day2,0.0,0.0,0.0,,
3.0,1.0,1.0,,You are logged in as a DISTRIBUTOR,,103,2026-02-01 03:00:42.126903,ELEC-day3,0.0,0.0,0.0,,
2.0,1.0,1.0,,FINES,"The fine for open positions of ELEC-dayX at the end of the day is $20,000/contract.",103,2026-02-01 03:00:42.126903,ELEC-day4,0.0,0.0,0.0,,
1.0,1.0,1.0,,Welcome to the RITC2026 GBE Energy Electricity Trading Case - practice server,,103,2026-02-01 03:00:42.126903,ELEC-day5,0.0,0.0,0.0,,
,,,,,,103,2026-02-01 03:00:42.126903,ELEC-day6,0.0,0.0,0.0,,
,,,,,,103,2026-02-01 03:00:42.126903,ELEC-F,0.0,0.0,0.0,,
5.0,1.0,89.0,,TEMPERATURE Forecast for DAY 2,The average temperature tomorrow is forecasted to be between 14 and 21 degrees Celsius.,104,2026-02-01 03:00:43.160146,NG,2.24,2.22,2.26,800000.0,800000.0
4.0,1.0,1.0,,TEMPERATURE Forecast for DAY 2,The average temperature tomorrow is forecasted to be between 17 and 27 degrees Celsius.,104,2026-02-01 03:00:43.160146,ELEC-day2,0.0,0.0,0.0,,
3.0,1.0,1.0,,You are logged in as a DISTRIBUTOR,,104,2026-02-01 03:00:43.160146,ELEC-day3,0.0,0.0,0.0,,
2.0,1.0,1.0,,FINES,"The fine for open positions of ELEC-dayX at the end of the day is $20,000/contract.",104,2026-02-01 03:00:43.160146,ELEC-day4,0.0,0.0,0.0,,
1.0,1.0,1.0,,Welcome to the RITC2026 GBE Energy Electricity Trading Case - practice server,,104,2026-02-01 03:00:43.160146,ELEC-day5,0.0,0.0,0.0,,
,,,,,,104,2026-02-01 03:00:43.160146,ELEC-day6,0.0,0.0,0.0,,
,,,,,,104,2026-02-01 03:00:43.160146,ELEC-F,0.0,0.0,0.0,,
5.0,1.0,89.0,,TEMPERATURE Forecast for DAY 2,The average temperature tomorrow is forecasted to be between 14 and 21 degrees Celsius.,106,2026-02-01 03:00:44.261256,NG,2.25,2.23,2.27,800000.0,800000.0
4.0,1.0,1.0,,TEMPERATURE Forecast for DAY 2,The average temperature tomorrow is forecasted to be between 17 and 27 degrees Celsius.,106,2026-02-01 03:00:44.261256,ELEC-day2,0.0,0.0,0.0,,
3.0,1.0,1.0,,You are logged in as a DISTRIBUTOR,,106,2026-02-01 03:00:44.261256,ELEC-day3,0.0,0.0,0.0,,
2.0,1.0,1.0,,FINES,"The fine for open positions of ELEC-dayX at the end of the day is $20,000/contract.",106,2026-02-01 03:00:44.261256,ELEC-day4,0.0,0.0,0.0,,
1.0,1.0,1.0,,Welcome to the RITC2026 GBE Energy Electricity Trading Case - practice server,,106,2026-02-01 03:00:44.261256,ELEC-day5,0.0,0.0,0.0,,
,,,,,,106,2026-02-01 03:00:44.261256,ELEC-day6,0.0,0.0,0.0,,
,,,,,,106,2026-02-01 03:00:44.261256,ELEC-F,0.0,0.0,0.0,,
5.0,1.0,89.0,,TEMPERATURE Forecast for DAY 2,The average temperature tomorrow is forecasted to be between 14 and 21 degrees Celsius.,107,2026-02-01 03:00:45.310823,NG,2.26,2.24,2.28,800000.0,800000.0
4.0,1.0,1.0,,TEMPERATURE Forecast for DAY 2,The average temperature tomorrow is forecasted to be between 17 and 27 degrees Celsius.,107,2026-02-01 03:00:45.310823,ELEC-day2,0.0,0.0,0.0,,
3.0,1.0,1.0,,You are logged in as a DISTRIBUTOR,,107,2026-02-01 03:00:45.310823,ELEC-day3,0.0,0.0,0.0,,
2.0,1.0,1.0,,FINES,"The fine for open positions of ELEC-dayX at the end of the day is $20,000/contract.",107,2026-02-01 03:00:45.310823,ELEC-day4,0.0,0.0,0.0,,
1.0,1.0,1.0,,Welcome to the RITC2026 GBE Energy Electricity Trading Case - practice server,,107,2026-02-01 03:00:45.310823,ELEC-day5,0.0,0.0,0.0,,
,,,,,,107,2026-02-01 03:00:45.310823,ELEC-day6,0.0,0.0,0.0,,
,,,,,,107,2026-02-01 03:00:45.310823,ELEC-F,0.0,0.0,0.0,,
5.0,1.0,89.0,,TEMPERATURE Forecast for DAY 2,The average temperature tomorrow is forecasted to be between 14 and 21 degrees Celsius.,108,2026-02-01 03:00:46.506407,NG,2.26,2.24,2.28,800000.0,800000.0
4.0,1.0,1.0,,TEMPERATURE Forecast for DAY 2,The average temperature tomorrow is forecasted to be between 17 and 27 degrees Celsius.,108,2026-02-01 03:00:46.506407,ELEC-day2,0.0,0.0,0.0,,
3.0,1.0,1.0,,You are logged in as a DISTRIBUTOR,,108,2026-02-01 03:00:46.506407,ELEC-day3,0.0,0.0,0.0,,
2.0,1.0,1.0,,FINES,"The fine for open positions of ELEC-dayX at the end of the day is $20,000/contract.",108,2026-02-01 03:00:46.506407,ELEC-day4,0.0,0.0,0.0,,
1.0,1.0,1.0,,Welcome to the RITC2026 GBE Energy Electricity Trading Case - practice server,,108,2026-02-01 03:00:46.506407,ELEC-day5,0.0,0.0,0.0,,
,,,,,,108,2026-02-01 03:00:46.506407,ELEC-day6,0.0,0.0,0.0,,
,,,,,,108,2026-02-01 03:00:46.506407,ELEC-F,0.0,0.0,0.0,,
5.0,1.0,89.0,,TEMPERATURE Forecast for DAY 2,The average temperature tomorrow is forecasted to be between 14 and 21 degrees Celsius.,109,2026-02-01 03:00:47.531531,NG,2.25,2.23,2.27,800000.0,800000.0
4.0,1.0,1.0,,TEMPERATURE Forecast for DAY 2,The average temperature tomorrow is forecasted to be between 17 and 27 degrees Celsius.,109,2026-02-01 03:00:47.531531,ELEC-day2,0.0,0.0,0.0,,
3.0,1.0,1.0,,You are logged in as a DISTRIBUTOR,,109,2026-02-01 03:00:47.531531,ELEC-day3,0.0,0.0,0.0,,
2.0,1.0,1.0,,FINES,"The fine for open positions of ELEC-dayX at the end of the day is $20,000/contract.",109,2026-02-01 03:00:47.531531,ELEC-day4,0.0,0.0,0.0,,
1.0,1.0,1.0,,Welcome to the RITC2026 GBE Energy Electricity Trading Case - practice server,,109,2026-02-01 03:00:47.531531,ELEC-day5,0.0,0.0,0.0,,
,,,,,,109,2026-02-01 03:00:47.531531,ELEC-day6,0.0,0.0,0.0,,
,,,,,,109,2026-02-01 03:00:47.531531,ELEC-F,0.0,0.0,0.0,,
5.0,1.0,89.0,,TEMPERATURE Forecast for DAY 2,The average temperature tomorrow is forecasted to be between 14 and 21 degrees Celsius.,110,2026-02-01 03:00:48.568871,NG,2.25,2.23,2.27,800000.0,800000.0
4.0,1.0,1.0,,TEMPERATURE Forecast for DAY 2,The average temperature tomorrow is forecasted to be between 17 and 27 degrees Celsius.,110,2026-02-01 03:00:48.568871,ELEC-day2,0.0,0.0,0.0,,
3.0,1.0,1.0,,You are logged in as a DISTRIBUTOR,,110,2026-02-01 03:00:48.568871,ELEC-day3,0.0,0.0,0.0,,
2.0,1.0,1.0,,FINES,"The fine for open positions of ELEC-dayX at the end of the day is $20,000/contract.",110,2026-02-01 03:00:48.568871,ELEC-day4,0.0,0.0,0.0,,
1.0,1.0,1.0,,Welcome to the RITC2026 GBE Energy Electricity Trading Case - practice server,,110,2026-02-01 03:00:48.568871,ELEC-day5,0.0,0.0,0.0,,
,,,,,,110,2026-02-01 03:00:48.568871,ELEC-day6,0.0,0.0,0.0,,
,,,,,,110,2026-02-01 03:00:48.568871,ELEC-F,0.0,0.0,0.0,,
5.0,1.0,89.0,,TEMPERATURE Forecast for DAY 2,The average temperature tomorrow is forecasted to be between 14 and 21 degrees Celsius.,111,2026-02-01 03:00:49.604067,NG,2.26,2.24,2.28,800000.0,800000.0
4.0,1.0,1.0,,TEMPERATURE Forecast for DAY 2,The average temperature tomorrow is forecasted to be between 17 and 27 degrees Celsius.,111,2026-02-01 03:00:49.604067,ELEC-day2,0.0,0.0,0.0,,
3.0,1.0,1.0,,You are logged in as a DISTRIBUTOR,,111,2026-02-01 03:00:49.604067,ELEC-day3,0.0,0.0,0.0,,
2.0,1.0,1.0,,FINES,"The fine for open positions of ELEC-dayX at the end of the day is $20,000/contract.",111,2026-02-01 03:00:49.604067,ELEC-day4,0.0,0.0,0.0,,
1.0,1.0,1.0,,Welcome to the RITC2026 GBE Energy Electricity Trading Case - practice server,,111,2026-02-01 03:00:49.604067,ELEC-day5,0.0,0.0,0.0,,
,,,,,,111,2026-02-01 03:00:49.604067,ELEC-day6,0.0,0.0,0.0,,
,,,,,,111,2026-02-01 03:00:49.604067,ELEC-F,0.0,0.0,0.0,,
5.0,1.0,89.0,,TEMPERATURE Forecast for DAY 2,The average temperature tomorrow is forecasted to be between 14 and 21 degrees Celsius.,112,2026-02-01 03:00:50.633202,NG,2.26,2.24,2.28,800000.0,800000.0
4.0,1.0,1.0,,TEMPERATURE Forecast for DAY 2,The average temperature tomorrow is forecasted to be between 17 and 27 degrees Celsius.,112,2026-02-01 03:00:50.633202,ELEC-day2,0.0,0.0,0.0,,
3.0,1.0,1.0,,You are logged in as a DISTRIBUTOR,,112,2026-02-01 03:00:50.633202,ELEC-day3,0.0,0.0,0.0,,
2.0,1.0,1.0,,FINES,"The fine for open positions of ELEC-dayX at the end of the day is $20,000/contract.",112,2026-02-01 03:00:50.633202,ELEC-day4,0.0,0.0,0.0,,
1.0,1.0,1.0,,Welcome to the RITC2026 GBE Energy Electricity Trading Case - practice server,,112,2026-02-01 03:00:50.633202,ELEC-day5,0.0,0.0,0.0,,
,,,,,,112,2026-02-01 03:00:50.633202,ELEC-day6,0.0,0.0,0.0,,
,,,,,,112,2026-02-01 03:00:50.633202,ELEC-F,0.0,0.0,0.0,,
5.0,1.0,89.0,,TEMPERATURE Forecast for DAY 2,The average temperature tomorrow is forecasted to be between 14 and 21 degrees Celsius.,113,2026-02-01 03:00:51.669455,NG,2.28,2.26,2.3,800000.0,800000.0
4.0,1.0,1.0,,TEMPERATURE Forecast for DAY 2,The average temperature tomorrow is forecasted to be between 17 and 27 degrees Celsius.,113,2026-02-01 03:00:51.669455,ELEC-day2,0.0,0.0,0.0,,
3.0,1.0,1.0,,You are logged in as a DISTRIBUTOR,,113,2026-02-01 03:00:51.669455,ELEC-day3,0.0,0.0,0.0,,
2.0,1.0,1.0,,FINES,"The fine for open positions of ELEC-dayX at the end of the day is $20,000/contract.",113,2026-02-01 03:00:51.669455,ELEC-day4,0.0,0.0,0.0,,
1.0,1.0,1.0,,Welcome to the RITC2026 GBE Energy Electricity Trading Case - practice server,,113,2026-02-01 03:00:51.669455,ELEC-day5,0.0,0.0,0.0,,
,,,,,,113,2026-02-01 03:00:51.669455,ELEC-day6,0.0,0.0,0.0,,
,,,,,,113,2026-02-01 03:00:51.669455,ELEC-F,0.0,0.0,0.0,,
5.0,1.0,89.0,,TEMPERATURE Forecast for DAY 2,The average temperature tomorrow is forecasted to be between 14 and 21 degrees Celsius.,114,2026-02-01 03:00:52.697321,NG,2.27,2.25,2.29,800000.0,800000.0
4.0,1.0,1.0,,TEMPERATURE Forecast for DAY 2,The average temperature tomorrow is forecasted to be between 17 and 27 degrees Celsius.,114,2026-02-01 03:00:52.697321,ELEC-day2,0.0,0.0,0.0,,
3.0,1.0,1.0,,You are logged in as a DISTRIBUTOR,,114,2026-02-01 03:00:52.697321,ELEC-day3,0.0,0.0,0.0,,
2.0,1.0,1.0,,FINES,"The fine for open positions of ELEC-dayX at the end of the day is $20,000/contract.",114,2026-02-01 03:00:52.697321,ELEC-day4,0.0,0.0,0.0,,
1.0,1.0,1.0,,Welcome to the RITC2026 GBE Energy Electricity Trading Case - practice server,,114,2026-02-01 03:00:52.697321,ELEC-day5,0.0,0.0,0.0,,
,,,,,,114,2026-02-01 03:00:52.697321,ELEC-day6,0.0,0.0,0.0,,
,,,,,,114,2026-02-01 03:00:52.697321,ELEC-F,0.0,0.0,0.0,,
5.0,1.0,89.0,,TEMPERATURE Forecast for DAY 2,The average temperature tomorrow is forecasted to be between 14 and 21 degrees Celsius.,115,2026-02-01 03:00:53.736414,NG,2.26,2.24,2.28,800000.0,800000.0
4.0,1.0,1.0,,TEMPERATURE Forecast for DAY 2,The average temperature tomorrow is forecasted to be between 17 and 27 degrees Celsius.,115,2026-02-01 03:00:53.736414,ELEC-day2,0.0,0.0,0.0,,
3.0,1.0,1.0,,You are logged in as a DISTRIBUTOR,,115,2026-02-01 03:00:53.736414,ELEC-day3,0.0,0.0,0.0,,
2.0,1.0,1.0,,FINES,"The fine for open positions of ELEC-dayX at the end of the day is $20,000/contract.",115,2026-02-01 03:00:53.736414,ELEC-day4,0.0,0.0,0.0,,
1.0,1.0,1.0,,Welcome to the RITC2026 GBE Energy Electricity Trading Case - practice server,,115,2026-02-01 03:00:53.736414,ELEC-day5,0.0,0.0,0.0,,
,,,,,,115,2026-02-01 03:00:53.736414,ELEC-day6,0.0,0.0,0.0,,
,,,,,,115,2026-02-01 03:00:53.736414,ELEC-F,0.0,0.0,0.0,,
5.0,1.0,89.0,,TEMPERATURE Forecast for DAY 2,The average temperature tomorrow is forecasted to be between 14 and 21 degrees Celsius.,116,2026-02-01 03:00:54.763299,NG,2.26,2.24,2.28,800000.0,800000.0
4.0,1.0,1.0,,TEMPERATURE Forecast for DAY 2,The average temperature tomorrow is forecasted to be between 17 and 27 degrees Celsius.,116,2026-02-01 03:00:54.763299,ELEC-day2,0.0,0.0,0.0,,
3.0,1.0,1.0,,You are logged in as a DISTRIBUTOR,,116,2026-02-01 03:00:54.763299,ELEC-day3,0.0,0.0,0.0,,
2.0,1.0,1.0,,FINES,"The fine for open positions of ELEC-dayX at the end of the day is $20,000/contract.",116,2026-02-01 03:00:54.763299,ELEC-day4,0.0,0.0,0.0,,
1.0,1.0,1.0,,Welcome to the RITC2026 GBE Energy Electricity Trading Case - practice server,,116,2026-02-01 03:00:54.763299,ELEC-day5,0.0,0.0,0.0,,
,,,,,,116,2026-02-01 03:00:54.763299,ELEC-day6,0.0,0.0,0.0,,
,,,,,,116,2026-02-01 03:00:54.763299,ELEC-F,0.0,0.0,0.0,,
5.0,1.0,89.0,,TEMPERATURE Forecast for DAY 2,The average temperature tomorrow is forecasted to be between 14 and 21 degrees Celsius.,117,2026-02-01 03:00:55.789947,NG,2.27,2.25,2.29,800000.0,800000.0
4.0,1.0,1.0,,TEMPERATURE Forecast for DAY 2,The average temperature tomorrow is forecasted to be between 17 and 27 degrees Celsius.,117,2026-02-01 03:00:55.789947,ELEC-day2,0.0,0.0,0.0,,
3.0,1.0,1.0,,You are logged in as a DISTRIBUTOR,,117,2026-02-01 03:00:55.789947,ELEC-day3,0.0,0.0,0.0,,
2.0,1.0,1.0,,FINES,"The fine for open positions of ELEC-dayX at the end of the day is $20,000/contract.",117,2026-02-01 03:00:55.789947,ELEC-day4,0.0,0.0,0.0,,
1.0,1.0,1.0,,Welcome to the RITC2026 GBE Energy Electricity Trading Case - practice server,,117,2026-02-01 03:00:55.789947,ELEC-day5,0.0,0.0,0.0,,
,,,,,,117,2026-02-01 03:00:55.789947,ELEC-day6,0.0,0.0,0.0,,
,,,,,,117,2026-02-01 03:00:55.789947,ELEC-F,0.0,0.0,0.0,,
5.0,1.0,89.0,,TEMPERATURE Forecast for DAY 2,The average temperature tomorrow is forecasted to be between 14 and 21 degrees Celsius.,118,2026-02-01 03:00:56.822666,NG,2.27,2.25,2.29,800000.0,800000.0
4.0,1.0,1.0,,TEMPERATURE Forecast for DAY 2,The average temperature tomorrow is forecasted to be between 17 and 27 degrees Celsius.,118,2026-02-01 03:00:56.822666,ELEC-day2,0.0,0.0,0.0,,
3.0,1.0,1.0,,You are logged in as a DISTRIBUTOR,,118,2026-02-01 03:00:56.822666,ELEC-day3,0.0,0.0,0.0,,
2.0,1.0,1.0,,FINES,"The fine for open positions of ELEC-dayX at the end of the day is $20,000/contract.",118,2026-02-01 03:00:56.822666,ELEC-day4,0.0,0.0,0.0,,
1.0,1.0,1.0,,Welcome to the RITC2026 GBE Energy Electricity Trading Case - practice server,,118,2026-02-01 03:00:56.822666,ELEC-day5,0.0,0.0,0.0,,
,,,,,,118,2026-02-01 03:00:56.822666,ELEC-day6,0.0,0.0,0.0,,
,,,,,,118,2026-02-01 03:00:56.822666,ELEC-F,0.0,0.0,0.0,,
5.0,1.0,89.0,,TEMPERATURE Forecast for DAY 2,The average temperature tomorrow is forecasted to be between 14 and 21 degrees Celsius.,119,2026-02-01 03:00:57.855124,NG,2.27,2.25,2.29,800000.0,800000.0
4.0,1.0,1.0,,TEMPERATURE Forecast for DAY 2,The average temperature tomorrow is forecasted to be between 17 and 27 degrees Celsius.,119,2026-02-01 03:00:57.855124,ELEC-day2,0.0,0.0,0.0,,
3.0,1.0,1.0,,You are logged in as a DISTRIBUTOR,,119,2026-02-01 03:00:57.855124,ELEC-day3,0.0,0.0,0.0,,
2.0,1.0,1.0,,FINES,"The fine for open positions of ELEC-dayX at the end of the day is $20,000/contract.",119,2026-02-01 03:00:57.855124,ELEC-day4,0.0,0.0,0.0,,
1.0,1.0,1.0,,Welcome to the RITC2026 GBE Energy Electricity Trading Case - practice server,,119,2026-02-01 03:00:57.855124,ELEC-day5,0.0,0.0,0.0,,
,,,,,,119,2026-02-01 03:00:57.855124,ELEC-day6,0.0,0.0,0.0,,
,,,,,,119,2026-02-01 03:00:57.855124,ELEC-F,0.0,0.0,0.0,,
5.0,1.0,89.0,,TEMPERATURE Forecast for DAY 2,The average temperature tomorrow is forecasted to be between 14 and 21 degrees Celsius.,120,2026-02-01 03:00:58.888086,NG,2.26,2.24,2.28,800000.0,800000.0
4.0,1.0,1.0,,TEMPERATURE Forecast for DAY 2,The average temperature tomorrow is forecasted to be between 17 and 27 degrees Celsius.,120,2026-02-01 03:00:58.888086,ELEC-day2,0.0,0.0,0.0,,
3.0,1.0,1.0,,You are logged in as a DISTRIBUTOR,,120,2026-02-01 03:00:58.888086,ELEC-day3,0.0,0.0,0.0,,
2.0,1.0,1.0,,FINES,"The fine for open positions of ELEC-dayX at the end of the day is $20,000/contract.",120,2026-02-01 03:00:58.888086,ELEC-day4,0.0,0.0,0.0,,
1.0,1.0,1.0,,Welcome to the RITC2026 GBE Energy Electricity Trading Case - practice server,,120,2026-02-01 03:00:58.888086,ELEC-day5,0.0,0.0,0.0,,
,,,,,,120,2026-02-01 03:00:58.888086,ELEC-day6,0.0,0.0,0.0,,
,,,,,,120,2026-02-01 03:00:58.888086,ELEC-F,0.0,0.0,0.0,,
5.0,1.0,89.0,,TEMPERATURE Forecast for DAY 2,The average temperature tomorrow is forecasted to be between 14 and 21 degrees Celsius.,121,2026-02-01 03:00:59.925791,NG,2.26,2.24,2.28,800000.0,800000.0
4.0,1.0,1.0,,TEMPERATURE Forecast for DAY 2,The average temperature tomorrow is forecasted to be between 17 and 27 degrees Celsius.,121,2026-02-01 03:00:59.925791,ELEC-day2,0.0,0.0,0.0,,
3.0,1.0,1.0,,You are logged in as a DISTRIBUTOR,,121,2026-02-01 03:00:59.925791,ELEC-day3,0.0,0.0,0.0,,
2.0,1.0,1.0,,FINES,"The fine for open positions of ELEC-dayX at the end of the day is $20,000/contract.",121,2026-02-01 03:00:59.925791,ELEC-day4,0.0,0.0,0.0,,
1.0,1.0,1.0,,Welcome to the RITC2026 GBE Energy Electricity Trading Case - practice server,,121,2026-02-01 03:00:59.925791,ELEC-day5,0.0,0.0,0.0,,
,,,,,,121,2026-02-01 03:00:59.925791,ELEC-day6,0.0,0.0,0.0,,
,,,,,,121,2026-02-01 03:00:59.925791,ELEC-F,0.0,0.0,0.0,,
5.0,1.0,89.0,,TEMPERATURE Forecast for DAY 2,The average temperature tomorrow is forecasted to be between 14 and 21 degrees Celsius.,122,2026-02-01 03:01:00.963187,NG,2.25,2.23,2.27,800000.0,800000.0
4.0,1.0,1.0,,TEMPERATURE Forecast for DAY 2,The average temperature tomorrow is forecasted to be between 17 and 27 degrees Celsius.,122,2026-02-01 03:01:00.963187,ELEC-day2,0.0,0.0,0.0,,
3.0,1.0,1.0,,You are logged in as a DISTRIBUTOR,,122,2026-02-01 03:01:00.963187,ELEC-day3,0.0,0.0,0.0,,
2.0,1.0,1.0,,FINES,"The fine for open positions of ELEC-dayX at the end of the day is $20,000/contract.",122,2026-02-01 03:01:00.963187,ELEC-day4,0.0,0.0,0.0,,
1.0,1.0,1.0,,Welcome to the RITC2026 GBE Energy Electricity Trading Case - practice server,,122,2026-02-01 03:01:00.963187,ELEC-day5,0.0,0.0,0.0,,
,,,,,,122,2026-02-01 03:01:00.963187,ELEC-day6,0.0,0.0,0.0,,
,,,,,,122,2026-02-01 03:01:00.963187,ELEC-F,0.0,0.0,0.0,,
5.0,1.0,89.0,,TEMPERATURE Forecast for DAY 2,The average temperature tomorrow is forecasted to be between 14 and 21 degrees Celsius.,123,2026-02-01 03:01:01.997153,NG,2.25,2.23,2.27,800000.0,800000.0
4.0,1.0,1.0,,TEMPERATURE Forecast for DAY 2,The average temperature tomorrow is forecasted to be between 17 and 27 degrees Celsius.,123,2026-02-01 03:01:01.997153,ELEC-day2,0.0,0.0,0.0,,
3.0,1.0,1.0,,You are logged in as a DISTRIBUTOR,,123,2026-02-01 03:01:01.997153,ELEC-day3,0.0,0.0,0.0,,
2.0,1.0,1.0,,FINES,"The fine for open positions of ELEC-dayX at the end of the day is $20,000/contract.",123,2026-02-01 03:01:01.997153,ELEC-day4,0.0,0.0,0.0,,
1.0,1.0,1.0,,Welcome to the RITC2026 GBE Energy Electricity Trading Case - practice server,,123,2026-02-01 03:01:01.997153,ELEC-day5,0.0,0.0,0.0,,
,,,,,,123,2026-02-01 03:01:01.997153,ELEC-day6,0.0,0.0,0.0,,
,,,,,,123,2026-02-01 03:01:01.997153,ELEC-F,0.0,0.0,0.0,,
5.0,1.0,89.0,,TEMPERATURE Forecast for DAY 2,The average temperature tomorrow is forecasted to be between 14 and 21 degrees Celsius.,124,2026-02-01 03:01:03.032084,NG,2.25,2.23,2.27,800000.0,800000.0
4.0,1.0,1.0,,TEMPERATURE Forecast for DAY 2,The average temperature tomorrow is forecasted to be between 17 and 27 degrees Celsius.,124,2026-02-01 03:01:03.032084,ELEC-day2,0.0,0.0,0.0,,
3.0,1.0,1.0,,You are logged in as a DISTRIBUTOR,,124,2026-02-01 03:01:03.032084,ELEC-day3,0.0,0.0,0.0,,
2.0,1.0,1.0,,FINES,"The fine for open positions of ELEC-dayX at the end of the day is $20,000/contract.",124,2026-02-01 03:01:03.032084,ELEC-day4,0.0,0.0,0.0,,
1.0,1.0,1.0,,Welcome to the RITC2026 GBE Energy Electricity Trading Case - practice server,,124,2026-02-01 03:01:03.032084,ELEC-day5,0.0,0.0,0.0,,
,,,,,,124,2026-02-01 03:01:03.032084,ELEC-day6,0.0,0.0,0.0,,
,,,,,,124,2026-02-01 03:01:03.032084,ELEC-F,0.0,0.0,0.0,,
5.0,1.0,89.0,,TEMPERATURE Forecast for DAY 2,The average temperature tomorrow is forecasted to be between 14 and 21 degrees Celsius.,125,2026-02-01 03:01:04.067036,NG,2.25,2.23,2.27,800000.0,800000.0
4.0,1.0,1.0,,TEMPERATURE Forecast for DAY 2,The average temperature tomorrow is forecasted to be between 17 and 27 degrees Celsius.,125,2026-02-01 03:01:04.067036,ELEC-day2,0.0,0.0,0.0,,
3.0,1.0,1.0,,You are logged in as a DISTRIBUTOR,,125,2026-02-01 03:01:04.067036,ELEC-day3,0.0,0.0,0.0,,
2.0,1.0,1.0,,FINES,"The fine for open positions of ELEC-dayX at the end of the day is $20,000/contract.",125,2026-02-01 03:01:04.067036,ELEC-day4,0.0,0.0,0.0,,
1.0,1.0,1.0,,Welcome to the RITC2026 GBE Energy Electricity Trading Case - practice server,,125,2026-02-01 03:01:04.067036,ELEC-day5,0.0,0.0,0.0,,
,,,,,,125,2026-02-01 03:01:04.067036,ELEC-day6,0.0,0.0,0.0,,
,,,,,,125,2026-02-01 03:01:04.067036,ELEC-F,0.0,0.0,0.0,,
5.0,1.0,89.0,,TEMPERATURE Forecast for DAY 2,The average temperature tomorrow is forecasted to be between 14 and 21 degrees Celsius.,126,2026-02-01 03:01:05.091608,NG,2.25,2.23,2.27,800000.0,800000.0
4.0,1.0,1.0,,TEMPERATURE Forecast for DAY 2,The average temperature tomorrow is forecasted to be between 17 and 27 degrees Celsius.,126,2026-02-01 03:01:05.091608,ELEC-day2,0.0,0.0,0.0,,
3.0,1.0,1.0,,You are logged in as a DISTRIBUTOR,,126,2026-02-01 03:01:05.091608,ELEC-day3,0.0,0.0,0.0,,
2.0,1.0,1.0,,FINES,"The fine for open positions of ELEC-dayX at the end of the day is $20,000/contract.",126,2026-02-01 03:01:05.091608,ELEC-day4,0.0,0.0,0.0,,
1.0,1.0,1.0,,Welcome to the RITC2026 GBE Energy Electricity Trading Case - practice server,,126,2026-02-01 03:01:05.091608,ELEC-day5,0.0,0.0,0.0,,
,,,,,,126,2026-02-01 03:01:05.091608,ELEC-day6,0.0,0.0,0.0,,
,,,,,,126,2026-02-01 03:01:05.091608,ELEC-F,0.0,0.0,0.0,,
5.0,1.0,89.0,,TEMPERATURE Forecast for DAY 2,The average temperature tomorrow is forecasted to be between 14 and 21 degrees Celsius.,127,2026-02-01 03:01:06.122197,NG,2.25,2.23,2.27,800000.0,800000.0
4.0,1.0,1.0,,TEMPERATURE Forecast for DAY 2,The average temperature tomorrow is forecasted to be between 17 and 27 degrees Celsius.,127,2026-02-01 03:01:06.122197,ELEC-day2,0.0,0.0,0.0,,
3.0,1.0,1.0,,You are logged in as a DISTRIBUTOR,,127,2026-02-01 03:01:06.122197,ELEC-day3,0.0,0.0,0.0,,
2.0,1.0,1.0,,FINES,"The fine for open positions of ELEC-dayX at the end of the day is $20,000/contract.",127,2026-02-01 03:01:06.122197,ELEC-day4,0.0,0.0,0.0,,
1.0,1.0,1.0,,Welcome to the RITC2026 GBE Energy Electricity Trading Case - practice server,,127,2026-02-01 03:01:06.122197,ELEC-day5,0.0,0.0,0.0,,
,,,,,,127,2026-02-01 03:01:06.122197,ELEC-day6,0.0,0.0,0.0,,
,,,,,,127,2026-02-01 03:01:06.122197,ELEC-F,0.0,0.0,0.0,,
5.0,1.0,89.0,,TEMPERATURE Forecast for DAY 2,The average temperature tomorrow is forecasted to be between 14 and 21 degrees Celsius.,128,2026-02-01 03:01:07.150195,NG,2.25,2.23,2.27,800000.0,800000.0
