tick,timestamp,ticker,last_price,bid_price,ask_price,BUY_ANON,SELL_ANON
0,2026-02-01 01:37:40.189154,NG,0.0,0.0,0.0,0,0
0,2026-02-01 01:37:40.189154,ELEC-day2,0.0,0.0,0.0,0,0
0,2026-02-01 01:37:40.189154,ELEC-day3,0.0,0.0,0.0,0,0
0,2026-02-01 01:37:40.189154,ELEC-day4,0.0,0.0,0.0,0,0
0,2026-02-01 01:37:40.189154,ELEC-day5,0.0,0.0,0.0,0,0
0,2026-02-01 01:37:40.189154,ELEC-day6,0.0,0.0,0.0,0,0
0,2026-02-01 01:37:40.189154,ELEC-F,0.0,0.0,0.0,0,0
3.0,1.0,1.0,,You are logged in as a TRADER,,1,2026-02-01 01:37:41.276872,NG,2.2,2.18,2.22,800000.0,800000.0
2.0,1.0,1.0,,FINES,"The fine for open positions of ELEC-dayX at the end of the day is $20,000/contract.",1,2026-02-01 01:37:41.276872,ELEC-day2,0.0,0.0,0.0,,
1.0,1.0,1.0,,Welcome to the RITC2026 GBE Energy Electricity Trading Case - practice server,,1,2026-02-01 01:37:41.276872,ELEC-day3,0.0,0.0,0.0,,
,,,,,,1,2026-02-01 01:37:41.276872,ELEC-day4,0.0,0.0,0.0,,
,,,,,,1,2026-02-01 01:37:41.276872,ELEC-day5,0.0,0.0,0.0,,
,,,,,,1,2026-02-01 01:37:41.276872,ELEC-day6,0.0,0.0,0.0,,
,,,,,,1,2026-02-01 01:37:41.276872,ELEC-F,0.0,0.0,0.0,,
3.0,1.0,1.0,,You are logged in as a TRADER,,2,2026-02-01 01:37:42.308997,NG,2.2,2.18,2.22,800000.0,800000.0
2.0,1.0,1.0,,FINES,"The fine for open positions of ELEC-dayX at the end of the day is $20,000/contract.",2,2026-02-01 01:37:42.308997,ELEC-day2,0.0,0.0,0.0,,
1.0,1.0,1.0,,Welcome to the RITC2026 GBE Energy Electricity Trading Case - practice server,,2,2026-02-01 01:37:42.308997,ELEC-day3,0.0,0.0,0.0,,
,,,,,,2,2026-02-01 01:37:42.308997,ELEC-day4,0.0,0.0,0.0,,
,,,,,,2,2026-02-01 01:37:42.308997,ELEC-day5,0.0,0.0,0.0,,
,,,,,,2,2026-02-01 01:37:42.308997,ELEC-day6,0.0,0.0,0.0,,
,,,,,,2,2026-02-01 01:37:42.308997,ELEC-F,0.0,0.0,0.0,,
3.0,1.0,1.0,,You are logged in as a TRADER,,3,2026-02-01 01:37:43.333801,NG,2.2,2.18,2.22,800000.0,800000.0
2.0,1.0,1.0,,FINES,"The fine for open positions of ELEC-dayX at the end of the day is $20,000/contract.",3,2026-02-01 01:37:43.333801,ELEC-day2,0.0,0.0,0.0,,
1.0,1.0,1.0,,Welcome to the RITC2026 GBE Energy Electricity Trading Case - practice server,,3,2026-02-01 01:37:43.333801,ELEC-day3,0.0,0.0,0.0,,
,,,,,,3,2026-02-01 01:37:43.333801,ELEC-day4,0.0,0.0,0.0,,
,,,,,,3,2026-02-01 01:37:43.333801,ELEC-day5,0.0,0.0,0.0,,
,,,,,,3,2026-02-01 01:37:43.333801,ELEC-day6,0.0,0.0,0.0,,
,,,,,,3,2026-02-01 01:37:43.333801,ELEC-F,0.0,0.0,0.0,,
3.0,1.0,1.0,,You are logged in as a TRADER,,4,2026-02-01 01:37:44.373801,NG,2.2,2.18,2.22,800000.0,800000.0
2.0,1.0,1.0,,FINES,"The fine for open positions of ELEC-dayX at the end of the day is $20,000/contract.",4,2026-02-01 01:37:44.373801,ELEC-day2,0.0,0.0,0.0,,
1.0,1.0,1.0,,Welcome to the RITC2026 GBE Energy Electricity Trading Case - practice server,,4,2026-02-01 01:37:44.373801,ELEC-day3,0.0,0.0,0.0,,
,,,,,,4,2026-02-01 01:37:44.373801,ELEC-day4,0.0,0.0,0.0,,
,,,,,,4,2026-02-01 01:37:44.373801,ELEC-day5,0.0,0.0,0.0,,
,,,,,,4,2026-02-01 01:37:44.373801,ELEC-day6,0.0,0.0,0.0,,
,,,,,,4,2026-02-01 01:37:44.373801,ELEC-F,0.0,0.0,0.0,,
3.0,1.0,1.0,,You are logged in as a TRADER,,5,2026-02-01 01:37:45.417395,NG,2.2,2.18,2.22,800000.0,800000.0
2.0,1.0,1.0,,FINES,"The fine for open positions of ELEC-dayX at the end of the day is $20,000/contract.",5,2026-02-01 01:37:45.417395,ELEC-day2,0.0,0.0,0.0,,
1.0,1.0,1.0,,Welcome to the RITC2026 GBE Energy Electricity Trading Case - practice server,,5,2026-02-01 01:37:45.417395,ELEC-day3,0.0,0.0,0.0,,
,,,,,,5,2026-02-01 01:37:45.417395,ELEC-day4,0.0,0.0,0.0,,
,,,,,,5,2026-02-01 01:37:45.417395,ELEC-day5,0.0,0.0,0.0,,
,,,,,,5,2026-02-01 01:37:45.417395,ELEC-day6,0.0,0.0,0.0,,
,,,,,,5,2026-02-01 01:37:45.417395,ELEC-F,0.0,0.0,0.0,,
3.0,1.0,1.0,,You are logged in as a TRADER,,6,2026-02-01 01:37:46.480977,NG,2.19,2.17,2.21,800000.0,800000.0
2.0,1.0,1.0,,FINES,"The fine for open positions of ELEC-dayX at the end of the day is $20,000/contract.",6,2026-02-01 01:37:46.480977,ELEC-day2,0.0,0.0,0.0,,
1.0,1.0,1.0,,Welcome to the RITC2026 GBE Energy Electricity Trading Case - practice server,,6,2026-02-01 01:37:46.480977,ELEC-day3,0.0,0.0,0.0,,
,,,,,,6,2026-02-01 01:37:46.480977,ELEC-day4,0.0,0.0,0.0,,
,,,,,,6,2026-02-01 01:37:46.480977,ELEC-day5,0.0,0.0,0.0,,
,,,,,,6,2026-02-01 01:37:46.480977,ELEC-day6,0.0,0.0,0.0,,
,,,,,,6,2026-02-01 01:37:46.480977,ELEC-F,0.0,0.0,0.0,,
3.0,1.0,1.0,,You are logged in as a TRADER,,7,2026-02-01 01:37:47.532159,NG,2.19,2.17,2.21,800000.0,800000.0
2.0,1.0,1.0,,FINES,"The fine for open positions of ELEC-dayX at the end of the day is $20,000/contract.",7,2026-02-01 01:37:47.532159,ELEC-day2,0.0,0.0,0.0,,
1.0,1.0,1.0,,Welcome to the RITC2026 GBE Energy Electricity Trading Case - practice server,,7,2026-02-01 01:37:47.532159,ELEC-day3,0.0,0.0,0.0,,
,,,,,,7,2026-02-01 01:37:47.532159,ELEC-day4,0.0,0.0,0.0,,
,,,,,,7,2026-02-01 01:37:47.532159,ELEC-day5,0.0,0.0,0.0,,
,,,,,,7,2026-02-01 01:37:47.532159,ELEC-day6,0.0,0.0,0.0,,
,,,,,,7,2026-02-01 01:37:47.532159,ELEC-F,0.0,0.0,0.0,,
3.0,1.0,1.0,,You are logged in as a TRADER,,8,2026-02-01 01:37:48.603401,NG,2.19,2.17,2.21,800000.0,800000.0
2.0,1.0,1.0,,FINES,"The fine for open positions of ELEC-dayX at the end of the day is $20,000/contract.",8,2026-02-01 01:37:48.603401,ELEC-day2,0.0,0.0,0.0,,
1.0,1.0,1.0,,Welcome to the RITC2026 GBE Energy Electricity Trading Case - practice server,,8,2026-02-01 01:37:48.603401,ELEC-day3,0.0,0.0,0.0,,
,,,,,,8,2026-02-01 01:37:48.603401,ELEC-day4,0.0,0.0,0.0,,
,,,,,,8,2026-02-01 01:37:48.603401,ELEC-day5,0.0,0.0,0.0,,
,,,,,,8,2026-02-01 01:37:48.603401,ELEC-day6,0.0,0.0,0.0,,
,,,,,,8,2026-02-01 01:37:48.603401,ELEC-F,0.0,0.0,0.0,,
3.0,1.0,1.0,,You are logged in as a TRADER,,10,2026-02-01 01:37:49.763739,NG,2.19,2.17,2.21,800000.0,800000.0
2.0,1.0,1.0,,FINES,"The fine for open positions of ELEC-dayX at the end of the day is $20,000/contract.",10,2026-02-01 01:37:49.763739,ELEC-day2,0.0,0.0,0.0,,
1.0,1.0,1.0,,Welcome to the RITC2026 GBE Energy Electricity Trading Case - practice server,,10,2026-02-01 01:37:49.763739,ELEC-day3,0.0,0.0,0.0,,
,,,,,,10,2026-02-01 01:37:49.763739,ELEC-day4,0.0,0.0,0.0,,
,,,,,,10,2026-02-01 01:37:49.763739,ELEC-day5,0.0,0.0,0.0,,
,,,,,,10,2026-02-01 01:37:49.763739,ELEC-day6,0.0,0.0,0.0,,
,,,,,,10,2026-02-01 01:37:49.763739,ELEC-F,0.0,0.0,0.0,,
3.0,1.0,1.0,,You are logged in as a TRADER,,11,2026-02-01 01:37:50.878077,NG,2.17,2.15,2.19,800000.0,800000.0
2.0,1.0,1.0,,FINES,"The fine for open positions of ELEC-dayX at the end of the day is $20,000/contract.",11,2026-02-01 01:37:50.878077,ELEC-day2,0.0,0.0,0.0,,
1.0,1.0,1.0,,Welcome to the RITC2026 GBE Energy Electricity Trading Case - practice server,,11,2026-02-01 01:37:50.878077,ELEC-day3,0.0,0.0,0.0,,
,,,,,,11,2026-02-01 01:37:50.878077,ELEC-day4,0.0,0.0,0.0,,
,,,,,,11,2026-02-01 01:37:50.878077,ELEC-day5,0.0,0.0,0.0,,
,,,,,,11,2026-02-01 01:37:50.878077,ELEC-day6,0.0,0.0,0.0,,
,,,,,,11,2026-02-01 01:37:50.878077,ELEC-F,0.0,0.0,0.0,,
3.0,1.0,1.0,,You are logged in as a TRADER,,12,2026-02-01 01:37:51.937821,NG,2.17,2.15,2.19,800000.0,800000.0
2.0,1.0,1.0,,FINES,"The fine for open positions of ELEC-dayX at the end of the day is $20,000/contract.",12,2026-02-01 01:37:51.937821,ELEC-day2,0.0,0.0,0.0,,
1.0,1.0,1.0,,Welcome to the RITC2026 GBE Energy Electricity Trading Case - practice server,,12,2026-02-01 01:37:51.937821,ELEC-day3,0.0,0.0,0.0,,
,,,,,,12,2026-02-01 01:37:51.937821,ELEC-day4,0.0,0.0,0.0,,
,,,,,,12,2026-02-01 01:37:51.937821,ELEC-day5,0.0,0.0,0.0,,
,,,,,,12,2026-02-01 01:37:51.937821,ELEC-day6,0.0,0.0,0.0,,
,,,,,,12,2026-02-01 01:37:51.937821,ELEC-F,0.0,0.0,0.0,,
3.0,1.0,1.0,,You are logged in as a TRADER,,13,2026-02-01 01:37:53.001614,NG,2.16,2.14,2.18,800000.0,800000.0
2.0,1.0,1.0,,FINES,"The fine for open positions of ELEC-dayX at the end of the day is $20,000/contract.",13,2026-02-01 01:37:53.001614,ELEC-day2,0.0,0.0,0.0,,
1.0,1.0,1.0,,Welcome to the RITC2026 GBE Energy Electricity Trading Case - practice server,,13,2026-02-01 01:37:53.001614,ELEC-day3,0.0,0.0,0.0,,
,,,,,,13,2026-02-01 01:37:53.001614,ELEC-day4,0.0,0.0,0.0,,
,,,,,,13,2026-02-01 01:37:53.001614,ELEC-day5,0.0,0.0,0.0,,
,,,,,,13,2026-02-01 01:37:53.001614,ELEC-day6,0.0,0.0,0.0,,
,,,,,,13,2026-02-01 01:37:53.001614,ELEC-F,0.0,0.0,0.0,,
3.0,1.0,1.0,,You are logged in as a TRADER,,14,2026-02-01 01:37:54.044140,NG,2.16,2.14,2.18,800000.0,800000.0
2.0,1.0,1.0,,FINES,"The fine for open positions of ELEC-dayX at the end of the day is $20,000/contract.",14,2026-02-01 01:37:54.044140,ELEC-day2,0.0,0.0,0.0,,
1.0,1.0,1.0,,Welcome to the RITC2026 GBE Energy Electricity Trading Case - practice server,,14,2026-02-01 01:37:54.044140,ELEC-day3,0.0,0.0,0.0,,
,,,,,,14,2026-02-01 01:37:54.044140,ELEC-day4,0.0,0.0,0.0,,
,,,,,,14,2026-02-01 01:37:54.044140,ELEC-day5,0.0,0.0,0.0,,
,,,,,,14,2026-02-01 01:37:54.044140,ELEC-day6,0.0,0.0,0.0,,
,,,,,,14,2026-02-01 01:37:54.044140,ELEC-F,0.0,0.0,0.0,,
3.0,1.0,1.0,,You are logged in as a TRADER,,15,2026-02-01 01:37:55.076753,NG,2.16,2.14,2.18,800000.0,800000.0
2.0,1.0,1.0,,FINES,"The fine for open positions of ELEC-dayX at the end of the day is $20,000/contract.",15,2026-02-01 01:37:55.076753,ELEC-day2,0.0,0.0,0.0,,
1.0,1.0,1.0,,Welcome to the RITC2026 GBE Energy Electricity Trading Case - practice server,,15,2026-02-01 01:37:55.076753,ELEC-day3,0.0,0.0,0.0,,
,,,,,,15,2026-02-01 01:37:55.076753,ELEC-day4,0.0,0.0,0.0,,
,,,,,,15,2026-02-01 01:37:55.076753,ELEC-day5,0.0,0.0,0.0,,
,,,,,,15,2026-02-01 01:37:55.076753,ELEC-day6,0.0,0.0,0.0,,
,,,,,,15,2026-02-01 01:37:55.076753,ELEC-F,0.0,0.0,0.0,,
3.0,1.0,1.0,,You are logged in as a TRADER,,16,2026-02-01 01:37:56.123658,NG,2.16,2.14,2.18,800000.0,800000.0
2.0,1.0,1.0,,FINES,"The fine for open positions of ELEC-dayX at the end of the day is $20,000/contract.",16,2026-02-01 01:37:56.123658,ELEC-day2,0.0,0.0,0.0,,
1.0,1.0,1.0,,Welcome to the RITC2026 GBE Energy Electricity Trading Case - practice server,,16,2026-02-01 01:37:56.123658,ELEC-day3,0.0,0.0,0.0,,
,,,,,,16,2026-02-01 01:37:56.123658,ELEC-day4,0.0,0.0,0.0,,
,,,,,,16,2026-02-01 01:37:56.123658,ELEC-day5,0.0,0.0,0.0,,
,,,,,,16,2026-02-01 01:37:56.123658,ELEC-day6,0.0,0.0,0.0,,
,,,,,,16,2026-02-01 01:37:56.123658,ELEC-F,0.0,0.0,0.0,,
3.0,1.0,1.0,,You are logged in as a TRADER,,17,2026-02-01 01:37:57.176927,NG,2.17,2.15,2.19,800000.0,800000.0
2.0,1.0,1.0,,FINES,"The fine for open positions of ELEC-dayX at the end of the day is $20,000/contract.",17,2026-02-01 01:37:57.176927,ELEC-day2,0.0,0.0,0.0,,
1.0,1.0,1.0,,Welcome to the RITC2026 GBE Energy Electricity Trading Case - practice server,,17,2026-02-01 01:37:57.176927,ELEC-day3,0.0,0.0,0.0,,
,,,,,,17,2026-02-01 01:37:57.176927,ELEC-day4,0.0,0.0,0.0,,
,,,,,,17,2026-02-01 01:37:57.176927,ELEC-day5,0.0,0.0,0.0,,
,,,,,,17,2026-02-01 01:37:57.176927,ELEC-day6,0.0,0.0,0.0,,
,,,,,,17,2026-02-01 01:37:57.176927,ELEC-F,0.0,0.0,0.0,,
3.0,1.0,1.0,,You are logged in as a TRADER,,18,2026-02-01 01:37:58.233918,NG,2.16,2.14,2.18,800000.0,800000.0
2.0,1.0,1.0,,FINES,"The fine for open positions of ELEC-dayX at the end of the day is $20,000/contract.",18,2026-02-01 01:37:58.233918,ELEC-day2,0.0,0.0,0.0,,
1.0,1.0,1.0,,Welcome to the RITC2026 GBE Energy Electricity Trading Case - practice server,,18,2026-02-01 01:37:58.233918,ELEC-day3,0.0,0.0,0.0,,
,,,,,,18,2026-02-01 01:37:58.233918,ELEC-day4,0.0,0.0,0.0,,
,,,,,,18,2026-02-01 01:37:58.233918,ELEC-day5,0.0,0.0,0.0,,
,,,,,,18,2026-02-01 01:37:58.233918,ELEC-day6,0.0,0.0,0.0,,
,,,,,,18,2026-02-01 01:37:58.233918,ELEC-F,0.0,0.0,0.0,,
3.0,1.0,1.0,,You are logged in as a TRADER,,19,2026-02-01 01:37:59.278888,NG,2.16,2.14,2.18,800000.0,800000.0
2.0,1.0,1.0,,FINES,"The fine for open positions of ELEC-dayX at the end of the day is $20,000/contract.",19,2026-02-01 01:37:59.278888,ELEC-day2,0.0,0.0,0.0,,
1.0,1.0,1.0,,Welcome to the RITC2026 GBE Energy Electricity Trading Case - practice server,,19,2026-02-01 01:37:59.278888,ELEC-day3,0.0,0.0,0.0,,
,,,,,,19,2026-02-01 01:37:59.278888,ELEC-day4,0.0,0.0,0.0,,
,,,,,,19,2026-02-01 01:37:59.278888,ELEC-day5,0.0,0.0,0.0,,
,,,,,,19,2026-02-01 01:37:59.278888,ELEC-day6,0.0,0.0,0.0,,
,,,,,,19,2026-02-01 01:37:59.278888,ELEC-F,0.0,0.0,0.0,,
3.0,1.0,1.0,,You are logged in as a TRADER,,20,2026-02-01 01:38:00.329022,NG,2.15,2.13,2.17,800000.0,800000.0
2.0,1.0,1.0,,FINES,"The fine for open positions of ELEC-dayX at the end of the day is $20,000/contract.",20,2026-02-01 01:38:00.329022,ELEC-day2,0.0,0.0,0.0,,
1.0,1.0,1.0,,Welcome to the RITC2026 GBE Energy Electricity Trading Case - practice server,,20,2026-02-01 01:38:00.329022,ELEC-day3,0.0,0.0,0.0,,
,,,,,,20,2026-02-01 01:38:00.329022,ELEC-day4,0.0,0.0,0.0,,
,,,,,,20,2026-02-01 01:38:00.329022,ELEC-day5,0.0,0.0,0.0,,
,,,,,,20,2026-02-01 01:38:00.329022,ELEC-day6,0.0,0.0,0.0,,
,,,,,,20,2026-02-01 01:38:00.329022,ELEC-F,0.0,0.0,0.0,,
3.0,1.0,1.0,,You are logged in as a TRADER,,21,2026-02-01 01:38:01.374074,NG,2.15,2.13,2.17,800000.0,800000.0
2.0,1.0,1.0,,FINES,"The fine for open positions of ELEC-dayX at the end of the day is $20,000/contract.",21,2026-02-01 01:38:01.374074,ELEC-day2,0.0,0.0,0.0,,
1.0,1.0,1.0,,Welcome to the RITC2026 GBE Energy Electricity Trading Case - practice server,,21,2026-02-01 01:38:01.374074,ELEC-day3,0.0,0.0,0.0,,
,,,,,,21,2026-02-01 01:38:01.374074,ELEC-day4,0.0,0.0,0.0,,
,,,,,,21,2026-02-01 01:38:01.374074,ELEC-day5,0.0,0.0,0.0,,
,,,,,,21,2026-02-01 01:38:01.374074,ELEC-day6,0.0,0.0,0.0,,
,,,,,,21,2026-02-01 01:38:01.374074,ELEC-F,0.0,0.0,0.0,,
3.0,1.0,1.0,,You are logged in as a TRADER,,22,2026-02-01 01:38:02.430730,NG,2.15,2.13,2.17,800000.0,800000.0
2.0,1.0,1.0,,FINES,"The fine for open positions of ELEC-dayX at the end of the day is $20,000/contract.",22,2026-02-01 01:38:02.430730,ELEC-day2,0.0,0.0,0.0,,
1.0,1.0,1.0,,Welcome to the RITC2026 GBE Energy Electricity Trading Case - practice server,,22,2026-02-01 01:38:02.430730,ELEC-day3,0.0,0.0,0.0,,
,,,,,,22,2026-02-01 01:38:02.430730,ELEC-day4,0.0,0.0,0.0,,
,,,,,,22,2026-02-01 01:38:02.430730,ELEC-day5,0.0,0.0,0.0,,
,,,,,,22,2026-02-01 01:38:02.430730,ELEC-day6,0.0,0.0,0.0,,
,,,,,,22,2026-02-01 01:38:02.430730,ELEC-F,0.0,0.0,0.0,,
3.0,1.0,1.0,,You are logged in as a TRADER,,23,2026-02-01 01:38:03.494664,NG,2.15,2.13,2.17,800000.0,800000.0
2.0,1.0,1.0,,FINES,"The fine for open positions of ELEC-dayX at the end of the day is $20,000/contract.",23,2026-02-01 01:38:03.494664,ELEC-day2,0.0,0.0,0.0,,
1.0,1.0,1.0,,Welcome to the RITC2026 GBE Energy Electricity Trading Case - practice server,,23,2026-02-01 01:38:03.494664,ELEC-day3,0.0,0.0,0.0,,
,,,,,,23,2026-02-01 01:38:03.494664,ELEC-day4,0.0,0.0,0.0,,
,,,,,,23,2026-02-01 01:38:03.494664,ELEC-day5,0.0,0.0,0.0,,
,,,,,,23,2026-02-01 01:38:03.494664,ELEC-day6,0.0,0.0,0.0,,
,,,,,,23,2026-02-01 01:38:03.494664,ELEC-F,0.0,0.0,0.0,,
3.0,1.0,1.0,,You are logged in as a TRADER,,24,2026-02-01 01:38:04.527936,NG,2.14,2.12,2.16,800000.0,800000.0
2.0,1.0,1.0,,FINES,"The fine for open positions of ELEC-dayX at the end of the day is $20,000/contract.",24,2026-02-01 01:38:04.527936,ELEC-day2,0.0,0.0,0.0,,
1.0,1.0,1.0,,Welcome to the RITC2026 GBE Energy Electricity Trading Case - practice server,,24,2026-02-01 01:38:04.527936,ELEC-day3,0.0,0.0,0.0,,
,,,,,,24,2026-02-01 01:38:04.527936,ELEC-day4,0.0,0.0,0.0,,
,,,,,,24,2026-02-01 01:38:04.527936,ELEC-day5,0.0,0.0,0.0,,
,,,,,,24,2026-02-01 01:38:04.527936,ELEC-day6,0.0,0.0,0.0,,
,,,,,,24,2026-02-01 01:38:04.527936,ELEC-F,0.0,0.0,0.0,,
3.0,1.0,1.0,,You are logged in as a TRADER,,25,2026-02-01 01:38:05.560215,NG,2.14,2.12,2.16,800000.0,800000.0
2.0,1.0,1.0,,FINES,"The fine for open positions of ELEC-dayX at the end of the day is $20,000/contract.",25,2026-02-01 01:38:05.560215,ELEC-day2,0.0,0.0,0.0,,
1.0,1.0,1.0,,Welcome to the RITC2026 GBE Energy Electricity Trading Case - practice server,,25,2026-02-01 01:38:05.560215,ELEC-day3,0.0,0.0,0.0,,
,,,,,,25,2026-02-01 01:38:05.560215,ELEC-day4,0.0,0.0,0.0,,
,,,,,,25,2026-02-01 01:38:05.560215,ELEC-day5,0.0,0.0,0.0,,
,,,,,,25,2026-02-01 01:38:05.560215,ELEC-day6,0.0,0.0,0.0,,
,,,,,,25,2026-02-01 01:38:05.560215,ELEC-F,0.0,0.0,0.0,,
3.0,1.0,1.0,,You are logged in as a TRADER,,26,2026-02-01 01:38:06.596032,NG,2.14,2.12,2.16,800000.0,800000.0
2.0,1.0,1.0,,FINES,"The fine for open positions of ELEC-dayX at the end of the day is $20,000/contract.",26,2026-02-01 01:38:06.596032,ELEC-day2,0.0,0.0,0.0,,
1.0,1.0,1.0,,Welcome to the RITC2026 GBE Energy Electricity Trading Case - practice server,,26,2026-02-01 01:38:06.596032,ELEC-day3,0.0,0.0,0.0,,
,,,,,,26,2026-02-01 01:38:06.596032,ELEC-day4,0.0,0.0,0.0,,
,,,,,,26,2026-02-01 01:38:06.596032,ELEC-day5,0.0,0.0,0.0,,
,,,,,,26,2026-02-01 01:38:06.596032,ELEC-day6,0.0,0.0,0.0,,
,,,,,,26,2026-02-01 01:38:06.596032,ELEC-F,0.0,0.0,0.0,,
3.0,1.0,1.0,,You are logged in as a TRADER,,27,2026-02-01 01:38:07.624813,NG,2.14,2.12,2.16,800000.0,800000.0
2.0,1.0,1.0,,FINES,"The fine for open positions of ELEC-dayX at the end of the day is $20,000/contract.",27,2026-02-01 01:38:07.624813,ELEC-day2,0.0,0.0,0.0,,
1.0,1.0,1.0,,Welcome to the RITC2026 GBE Energy Electricity Trading Case - practice server,,27,2026-02-01 01:38:07.624813,ELEC-day3,0.0,0.0,0.0,,
,,,,,,27,2026-02-01 01:38:07.624813,ELEC-day4,0.0,0.0,0.0,,
,,,,,,27,2026-02-01 01:38:07.624813,ELEC-day5,0.0,0.0,0.0,,
,,,,,,27,2026-02-01 01:38:07.624813,ELEC-day6,0.0,0.0,0.0,,
,,,,,,27,2026-02-01 01:38:07.624813,ELEC-F,0.0,0.0,0.0,,
3.0,1.0,1.0,,You are logged in as a TRADER,,28,2026-02-01 01:38:08.659283,NG,2.13,2.11,2.15,800000.0,800000.0
2.0,1.0,1.0,,FINES,"The fine for open positions of ELEC-dayX at the end of the day is $20,000/contract.",28,2026-02-01 01:38:08.659283,ELEC-day2,0.0,0.0,0.0,,
1.0,1.0,1.0,,Welcome to the RITC2026 GBE Energy Electricity Trading Case - practice server,,28,2026-02-01 01:38:08.659283,ELEC-day3,0.0,0.0,0.0,,
,,,,,,28,2026-02-01 01:38:08.659283,ELEC-day4,0.0,0.0,0.0,,
,,,,,,28,2026-02-01 01:38:08.659283,ELEC-day5,0.0,0.0,0.0,,
,,,,,,28,2026-02-01 01:38:08.659283,ELEC-day6,0.0,0.0,0.0,,
,,,,,,28,2026-02-01 01:38:08.659283,ELEC-F,0.0,0.0,0.0,,
3.0,1.0,1.0,,You are logged in as a TRADER,,29,2026-02-01 01:38:09.693912,NG,2.13,2.11,2.15,800000.0,800000.0
2.0,1.0,1.0,,FINES,"The fine for open positions of ELEC-dayX at the end of the day is $20,000/contract.",29,2026-02-01 01:38:09.693912,ELEC-day2,0.0,0.0,0.0,,
1.0,1.0,1.0,,Welcome to the RITC2026 GBE Energy Electricity Trading Case - practice server,,29,2026-02-01 01:38:09.693912,ELEC-day3,0.0,0.0,0.0,,
,,,,,,29,2026-02-01 01:38:09.693912,ELEC-day4,0.0,0.0,0.0,,
,,,,,,29,2026-02-01 01:38:09.693912,ELEC-day5,0.0,0.0,0.0,,
,,,,,,29,2026-02-01 01:38:09.693912,ELEC-day6,0.0,0.0,0.0,,
,,,,,,29,2026-02-01 01:38:09.693912,ELEC-F,0.0,0.0,0.0,,
3.0,1.0,1.0,,You are logged in as a TRADER,,30,2026-02-01 01:38:10.714075,NG,2.13,2.11,2.15,800000.0,800000.0
2.0,1.0,1.0,,FINES,"The fine for open positions of ELEC-dayX at the end of the day is $20,000/contract.",30,2026-02-01 01:38:10.714075,ELEC-day2,0.0,0.0,0.0,,
1.0,1.0,1.0,,Welcome to the RITC2026 GBE Energy Electricity Trading Case - practice server,,30,2026-02-01 01:38:10.714075,ELEC-day3,0.0,0.0,0.0,,
,,,,,,30,2026-02-01 01:38:10.714075,ELEC-day4,0.0,0.0,0.0,,
,,,,,,30,2026-02-01 01:38:10.714075,ELEC-day5,0.0,0.0,0.0,,
,,,,,,30,2026-02-01 01:38:10.714075,ELEC-day6,0.0,0.0,0.0,,
,,,,,,30,2026-02-01 01:38:10.714075,ELEC-F,0.0,0.0,0.0,,
3.0,1.0,1.0,,You are logged in as a TRADER,,31,2026-02-01 01:38:11.745505,NG,2.14,2.12,2.16,800000.0,800000.0
2.0,1.0,1.0,,FINES,"The fine for open positions of ELEC-dayX at the end of the day is $20,000/contract.",31,2026-02-01 01:38:11.745505,ELEC-day2,0.0,0.0,0.0,,
1.0,1.0,1.0,,Welcome to the RITC2026 GBE Energy Electricity Trading Case - practice server,,31,2026-02-01 01:38:11.745505,ELEC-day3,0.0,0.0,0.0,,
,,,,,,31,2026-02-01 01:38:11.745505,ELEC-day4,0.0,0.0,0.0,,
,,,,,,31,2026-02-01 01:38:11.745505,ELEC-day5,0.0,0.0,0.0,,
,,,,,,31,2026-02-01 01:38:11.745505,ELEC-day6,0.0,0.0,0.0,,
,,,,,,31,2026-02-01 01:38:11.745505,ELEC-F,0.0,0.0,0.0,,
3.0,1.0,1.0,,You are logged in as a TRADER,,32,2026-02-01 01:38:12.817447,NG,2.14,2.12,2.16,800000.0,800000.0
2.0,1.0,1.0,,FINES,"The fine for open positions of ELEC-dayX at the end of the day is $20,000/contract.",32,2026-02-01 01:38:12.817447,ELEC-day2,0.0,0.0,0.0,,
1.0,1.0,1.0,,Welcome to the RITC2026 GBE Energy Electricity Trading Case - practice server,,32,2026-02-01 01:38:12.817447,ELEC-day3,0.0,0.0,0.0,,
,,,,,,32,2026-02-01 01:38:12.817447,ELEC-day4,0.0,0.0,0.0,,
,,,,,,32,2026-02-01 01:38:12.817447,ELEC-day5,0.0,0.0,0.0,,
,,,,,,32,2026-02-01 01:38:12.817447,ELEC-day6,0.0,0.0,0.0,,
,,,,,,32,2026-02-01 01:38:12.817447,ELEC-F,0.0,0.0,0.0,,
3.0,1.0,1.0,,You are logged in as a TRADER,,34,2026-02-01 01:38:13.891210,NG,2.13,2.11,2.15,800000.0,800000.0
2.0,1.0,1.0,,FINES,"The fine for open positions of ELEC-dayX at the end of the day is $20,000/contract.",34,2026-02-01 01:38:13.891210,ELEC-day2,0.0,0.0,0.0,,
1.0,1.0,1.0,,Welcome to the RITC2026 GBE Energy Electricity Trading Case - practice server,,34,2026-02-01 01:38:13.891210,ELEC-day3,0.0,0.0,0.0,,
,,,,,,34,2026-02-01 01:38:13.891210,ELEC-day4,0.0,0.0,0.0,,
,,,,,,34,2026-02-01 01:38:13.891210,ELEC-day5,0.0,0.0,0.0,,
,,,,,,34,2026-02-01 01:38:13.891210,ELEC-day6,0.0,0.0,0.0,,
,,,,,,34,2026-02-01 01:38:13.891210,ELEC-F,0.0,0.0,0.0,,
3.0,1.0,1.0,,You are logged in as a TRADER,,35,2026-02-01 01:38:14.938542,NG,2.13,2.11,2.15,800000.0,800000.0
2.0,1.0,1.0,,FINES,"The fine for open positions of ELEC-dayX at the end of the day is $20,000/contract.",35,2026-02-01 01:38:14.938542,ELEC-day2,0.0,0.0,0.0,,
1.0,1.0,1.0,,Welcome to the RITC2026 GBE Energy Electricity Trading Case - practice server,,35,2026-02-01 01:38:14.938542,ELEC-day3,0.0,0.0,0.0,,
,,,,,,35,2026-02-01 01:38:14.938542,ELEC-day4,0.0,0.0,0.0,,
,,,,,,35,2026-02-01 01:38:14.938542,ELEC-day5,0.0,0.0,0.0,,
,,,,,,35,2026-02-01 01:38:14.938542,ELEC-day6,0.0,0.0,0.0,,
,,,,,,35,2026-02-01 01:38:14.938542,ELEC-F,0.0,0.0,0.0,,
3.0,1.0,1.0,,You are logged in as a TRADER,,36,2026-02-01 01:38:15.989808,NG,2.13,2.11,2.15,800000.0,800000.0
2.0,1.0,1.0,,FINES,"The fine for open positions of ELEC-dayX at the end of the day is $20,000/contract.",36,2026-02-01 01:38:15.989808,ELEC-day2,0.0,0.0,0.0,,
1.0,1.0,1.0,,Welcome to the RITC2026 GBE Energy Electricity Trading Case - practice server,,36,2026-02-01 01:38:15.989808,ELEC-day3,0.0,0.0,0.0,,
,,,,,,36,2026-02-01 01:38:15.989808,ELEC-day4,0.0,0.0,0.0,,
,,,,,,36,2026-02-01 01:38:15.989808,ELEC-day5,0.0,0.0,0.0,,
,,,,,,36,2026-02-01 01:38:15.989808,ELEC-day6,0.0,0.0,0.0,,
,,,,,,36,2026-02-01 01:38:15.989808,ELEC-F,0.0,0.0,0.0,,
3.0,1.0,1.0,,You are logged in as a TRADER,,37,2026-02-01 01:38:17.024249,NG,2.14,2.12,2.16,800000.0,800000.0
2.0,1.0,1.0,,FINES,"The fine for open positions of ELEC-dayX at the end of the day is $20,000/contract.",37,2026-02-01 01:38:17.024249,ELEC-day2,0.0,0.0,0.0,,
1.0,1.0,1.0,,Welcome to the RITC2026 GBE Energy Electricity Trading Case - practice server,,37,2026-02-01 01:38:17.024249,ELEC-day3,0.0,0.0,0.0,,
,,,,,,37,2026-02-01 01:38:17.024249,ELEC-day4,0.0,0.0,0.0,,
,,,,,,37,2026-02-01 01:38:17.024249,ELEC-day5,0.0,0.0,0.0,,
,,,,,,37,2026-02-01 01:38:17.024249,ELEC-day6,0.0,0.0,0.0,,
,,,,,,37,2026-02-01 01:38:17.024249,ELEC-F,0.0,0.0,0.0,,
3.0,1.0,1.0,,You are logged in as a TRADER,,38,2026-02-01 01:38:18.071073,NG,2.13,2.11,2.15,800000.0,800000.0
2.0,1.0,1.0,,FINES,"The fine for open positions of ELEC-dayX at the end of the day is $20,000/contract.",38,2026-02-01 01:38:18.071073,ELEC-day2,0.0,0.0,0.0,,
1.0,1.0,1.0,,Welcome to the RITC2026 GBE Energy Electricity Trading Case - practice server,,38,2026-02-01 01:38:18.071073,ELEC-day3,0.0,0.0,0.0,,
,,,,,,38,2026-02-01 01:38:18.071073,ELEC-day4,0.0,0.0,0.0,,
,,,,,,38,2026-02-01 01:38:18.071073,ELEC-day5,0.0,0.0,0.0,,
,,,,,,38,2026-02-01 01:38:18.071073,ELEC-day6,0.0,0.0,0.0,,
,,,,,,38,2026-02-01 01:38:18.071073,ELEC-F,0.0,0.0,0.0,,
3.0,1.0,1.0,,You are logged in as a TRADER,,39,2026-02-01 01:38:19.103266,NG,2.12,2.1,2.14,800000.0,800000.0
2.0,1.0,1.0,,FINES,"The fine for open positions of ELEC-dayX at the end of the day is $20,000/contract.",39,2026-02-01 01:38:19.103266,ELEC-day2,0.0,0.0,0.0,,
1.0,1.0,1.0,,Welcome to the RITC2026 GBE Energy Electricity Trading Case - practice server,,39,2026-02-01 01:38:19.103266,ELEC-day3,0.0,0.0,0.0,,
,,,,,,39,2026-02-01 01:38:19.103266,ELEC-day4,0.0,0.0,0.0,,
,,,,,,39,2026-02-01 01:38:19.103266,ELEC-day5,0.0,0.0,0.0,,
,,,,,,39,2026-02-01 01:38:19.103266,ELEC-day6,0.0,0.0,0.0,,
,,,,,,39,2026-02-01 01:38:19.103266,ELEC-F,0.0,0.0,0.0,,
3.0,1.0,1.0,,You are logged in as a TRADER,,40,2026-02-01 01:38:20.144473,NG,2.13,2.11,2.15,800000.0,800000.0
2.0,1.0,1.0,,FINES,"The fine for open positions of ELEC-dayX at the end of the day is $20,000/contract.",40,2026-02-01 01:38:20.144473,ELEC-day2,0.0,0.0,0.0,,
1.0,1.0,1.0,,Welcome to the RITC2026 GBE Energy Electricity Trading Case - practice server,,40,2026-02-01 01:38:20.144473,ELEC-day3,0.0,0.0,0.0,,
,,,,,,40,2026-02-01 01:38:20.144473,ELEC-day4,0.0,0.0,0.0,,
,,,,,,40,2026-02-01 01:38:20.144473,ELEC-day5,0.0,0.0,0.0,,
,,,,,,40,2026-02-01 01:38:20.144473,ELEC-day6,0.0,0.0,0.0,,
,,,,,,40,2026-02-01 01:38:20.144473,ELEC-F,0.0,0.0,0.0,,
3.0,1.0,1.0,,You are logged in as a TRADER,,41,2026-02-01 01:38:21.178215,NG,2.14,2.12,2.16,800000.0,800000.0
2.0,1.0,1.0,,FINES,"The fine for open positions of ELEC-dayX at the end of the day is $20,000/contract.",41,2026-02-01 01:38:21.178215,ELEC-day2,0.0,0.0,0.0,,
1.0,1.0,1.0,,Welcome to the RITC2026 GBE Energy Electricity Trading Case - practice server,,41,2026-02-01 01:38:21.178215,ELEC-day3,0.0,0.0,0.0,,
,,,,,,41,2026-02-01 01:38:21.178215,ELEC-day4,0.0,0.0,0.0,,
,,,,,,41,2026-02-01 01:38:21.178215,ELEC-day5,0.0,0.0,0.0,,
,,,,,,41,2026-02-01 01:38:21.178215,ELEC-day6,0.0,0.0,0.0,,
,,,,,,41,2026-02-01 01:38:21.178215,ELEC-F,0.0,0.0,0.0,,
3.0,1.0,1.0,,You are logged in as a TRADER,,42,2026-02-01 01:38:22.219089,NG,2.14,2.12,2.16,800000.0,800000.0
2.0,1.0,1.0,,FINES,"The fine for open positions of ELEC-dayX at the end of the day is $20,000/contract.",42,2026-02-01 01:38:22.219089,ELEC-day2,0.0,0.0,0.0,,
1.0,1.0,1.0,,Welcome to the RITC2026 GBE Energy Electricity Trading Case - practice server,,42,2026-02-01 01:38:22.219089,ELEC-day3,0.0,0.0,0.0,,
,,,,,,42,2026-02-01 01:38:22.219089,ELEC-day4,0.0,0.0,0.0,,
,,,,,,42,2026-02-01 01:38:22.219089,ELEC-day5,0.0,0.0,0.0,,
,,,,,,42,2026-02-01 01:38:22.219089,ELEC-day6,0.0,0.0,0.0,,
,,,,,,42,2026-02-01 01:38:22.219089,ELEC-F,0.0,0.0,0.0,,
3.0,1.0,1.0,,You are logged in as a TRADER,,43,2026-02-01 01:38:23.269367,NG,2.14,2.12,2.16,800000.0,800000.0
2.0,1.0,1.0,,FINES,"The fine for open positions of ELEC-dayX at the end of the day is $20,000/contract.",43,2026-02-01 01:38:23.269367,ELEC-day2,0.0,0.0,0.0,,
1.0,1.0,1.0,,Welcome to the RITC2026 GBE Energy Electricity Trading Case - practice server,,43,2026-02-01 01:38:23.269367,ELEC-day3,0.0,0.0,0.0,,
,,,,,,43,2026-02-01 01:38:23.269367,ELEC-day4,0.0,0.0,0.0,,
,,,,,,43,2026-02-01 01:38:23.269367,ELEC-day5,0.0,0.0,0.0,,
,,,,,,43,2026-02-01 01:38:23.269367,ELEC-day6,0.0,0.0,0.0,,
,,,,,,43,2026-02-01 01:38:23.269367,ELEC-F,0.0,0.0,0.0,,
4.0,1.0,43.0,,FACTORY TENDER REPORT,There is increased speculation of small sized factory tenders to BUY electricity from the local market.,44,2026-02-01 01:38:24.322572,NG,2.14,2.12,2.16,800000.0,800000.0
3.0,1.0,1.0,,You are logged in as a TRADER,,44,2026-02-01 01:38:24.322572,ELEC-day2,0.0,0.0,0.0,,
2.0,1.0,1.0,,FINES,"The fine for open positions of ELEC-dayX at the end of the day is $20,000/contract.",44,2026-02-01 01:38:24.322572,ELEC-day3,0.0,0.0,0.0,,
1.0,1.0,1.0,,Welcome to the RITC2026 GBE Energy Electricity Trading Case - practice server,,44,2026-02-01 01:38:24.322572,ELEC-day4,0.0,0.0,0.0,,
,,,,,,44,2026-02-01 01:38:24.322572,ELEC-day5,0.0,0.0,0.0,,
,,,,,,44,2026-02-01 01:38:24.322572,ELEC-day6,0.0,0.0,0.0,,
,,,,,,44,2026-02-01 01:38:24.322572,ELEC-F,0.0,0.0,0.0,,
4.0,1.0,43.0,,FACTORY TENDER REPORT,There is increased speculation of small sized factory tenders to BUY electricity from the local market.,45,2026-02-01 01:38:25.407914,NG,2.14,2.12,2.16,800000.0,800000.0
3.0,1.0,1.0,,You are logged in as a TRADER,,45,2026-02-01 01:38:25.407914,ELEC-day2,0.0,0.0,0.0,,
2.0,1.0,1.0,,FINES,"The fine for open positions of ELEC-dayX at the end of the day is $20,000/contract.",45,2026-02-01 01:38:25.407914,ELEC-day3,0.0,0.0,0.0,,
1.0,1.0,1.0,,Welcome to the RITC2026 GBE Energy Electricity Trading Case - practice server,,45,2026-02-01 01:38:25.407914,ELEC-day4,0.0,0.0,0.0,,
,,,,,,45,2026-02-01 01:38:25.407914,ELEC-day5,0.0,0.0,0.0,,
,,,,,,45,2026-02-01 01:38:25.407914,ELEC-day6,0.0,0.0,0.0,,
,,,,,,45,2026-02-01 01:38:25.407914,ELEC-F,0.0,0.0,0.0,,
4.0,1.0,43.0,,FACTORY TENDER REPORT,There is increased speculation of small sized factory tenders to BUY electricity from the local market.,46,2026-02-01 01:38:26.477859,NG,2.14,2.12,2.16,800000.0,800000.0
3.0,1.0,1.0,,You are logged in as a TRADER,,46,2026-02-01 01:38:26.477859,ELEC-day2,0.0,0.0,0.0,,
2.0,1.0,1.0,,FINES,"The fine for open positions of ELEC-dayX at the end of the day is $20,000/contract.",46,2026-02-01 01:38:26.477859,ELEC-day3,0.0,0.0,0.0,,
1.0,1.0,1.0,,Welcome to the RITC2026 GBE Energy Electricity Trading Case - practice server,,46,2026-02-01 01:38:26.477859,ELEC-day4,0.0,0.0,0.0,,
,,,,,,46,2026-02-01 01:38:26.477859,ELEC-day5,0.0,0.0,0.0,,
,,,,,,46,2026-02-01 01:38:26.477859,ELEC-day6,0.0,0.0,0.0,,
,,,,,,46,2026-02-01 01:38:26.477859,ELEC-F,0.0,0.0,0.0,,
4.0,1.0,43.0,,FACTORY TENDER REPORT,There is increased speculation of small sized factory tenders to BUY electricity from the local market.,47,2026-02-01 01:38:27.533087,NG,2.14,2.12,2.16,800000.0,800000.0
3.0,1.0,1.0,,You are logged in as a TRADER,,47,2026-02-01 01:38:27.533087,ELEC-day2,0.0,0.0,0.0,,
2.0,1.0,1.0,,FINES,"The fine for open positions of ELEC-dayX at the end of the day is $20,000/contract.",47,2026-02-01 01:38:27.533087,ELEC-day3,0.0,0.0,0.0,,
1.0,1.0,1.0,,Welcome to the RITC2026 GBE Energy Electricity Trading Case - practice server,,47,2026-02-01 01:38:27.533087,ELEC-day4,0.0,0.0,0.0,,
,,,,,,47,2026-02-01 01:38:27.533087,ELEC-day5,0.0,0.0,0.0,,
,,,,,,47,2026-02-01 01:38:27.533087,ELEC-day6,0.0,0.0,0.0,,
,,,,,,47,2026-02-01 01:38:27.533087,ELEC-F,0.0,0.0,0.0,,
4.0,1.0,43.0,,FACTORY TENDER REPORT,There is increased speculation of small sized factory tenders to BUY electricity from the local market.,48,2026-02-01 01:38:28.574025,NG,2.14,2.12,2.16,800000.0,800000.0
3.0,1.0,1.0,,You are logged in as a TRADER,,48,2026-02-01 01:38:28.574025,ELEC-day2,0.0,0.0,0.0,,
2.0,1.0,1.0,,FINES,"The fine for open positions of ELEC-dayX at the end of the day is $20,000/contract.",48,2026-02-01 01:38:28.574025,ELEC-day3,0.0,0.0,0.0,,
1.0,1.0,1.0,,Welcome to the RITC2026 GBE Energy Electricity Trading Case - practice server,,48,2026-02-01 01:38:28.574025,ELEC-day4,0.0,0.0,0.0,,
,,,,,,48,2026-02-01 01:38:28.574025,ELEC-day5,0.0,0.0,0.0,,
,,,,,,48,2026-02-01 01:38:28.574025,ELEC-day6,0.0,0.0,0.0,,
,,,,,,48,2026-02-01 01:38:28.574025,ELEC-F,0.0,0.0,0.0,,
4.0,1.0,43.0,,FACTORY TENDER REPORT,There is increased speculation of small sized factory tenders to BUY electricity from the local market.,49,2026-02-01 01:38:29.630127,NG,2.14,2.12,2.16,800000.0,800000.0
3.0,1.0,1.0,,You are logged in as a TRADER,,49,2026-02-01 01:38:29.630127,ELEC-day2,0.0,0.0,0.0,,
2.0,1.0,1.0,,FINES,"The fine for open positions of ELEC-dayX at the end of the day is $20,000/contract.",49,2026-02-01 01:38:29.630127,ELEC-day3,0.0,0.0,0.0,,
1.0,1.0,1.0,,Welcome to the RITC2026 GBE Energy Electricity Trading Case - practice server,,49,2026-02-01 01:38:29.630127,ELEC-day4,0.0,0.0,0.0,,
,,,,,,49,2026-02-01 01:38:29.630127,ELEC-day5,0.0,0.0,0.0,,
,,,,,,49,2026-02-01 01:38:29.630127,ELEC-day6,0.0,0.0,0.0,,
,,,,,,49,2026-02-01 01:38:29.630127,ELEC-F,0.0,0.0,0.0,,
4.0,1.0,43.0,,FACTORY TENDER REPORT,There is increased speculation of small sized factory tenders to BUY electricity from the local market.,50,2026-02-01 01:38:30.691394,NG,2.15,2.13,2.17,800000.0,800000.0
3.0,1.0,1.0,,You are logged in as a TRADER,,50,2026-02-01 01:38:30.691394,ELEC-day2,0.0,0.0,0.0,,
2.0,1.0,1.0,,FINES,"The fine for open positions of ELEC-dayX at the end of the day is $20,000/contract.",50,2026-02-01 01:38:30.691394,ELEC-day3,0.0,0.0,0.0,,
1.0,1.0,1.0,,Welcome to the RITC2026 GBE Energy Electricity Trading Case - practice server,,50,2026-02-01 01:38:30.691394,ELEC-day4,0.0,0.0,0.0,,
,,,,,,50,2026-02-01 01:38:30.691394,ELEC-day5,0.0,0.0,0.0,,
,,,,,,50,2026-02-01 01:38:30.691394,ELEC-day6,0.0,0.0,0.0,,
,,,,,,50,2026-02-01 01:38:30.691394,ELEC-F,0.0,0.0,0.0,,
4.0,1.0,43.0,,FACTORY TENDER REPORT,There is increased speculation of small sized factory tenders to BUY electricity from the local market.,51,2026-02-01 01:38:31.758831,NG,2.15,2.13,2.17,800000.0,800000.0
3.0,1.0,1.0,,You are logged in as a TRADER,,51,2026-02-01 01:38:31.758831,ELEC-day2,0.0,0.0,0.0,,
2.0,1.0,1.0,,FINES,"The fine for open positions of ELEC-dayX at the end of the day is $20,000/contract.",51,2026-02-01 01:38:31.758831,ELEC-day3,0.0,0.0,0.0,,
1.0,1.0,1.0,,Welcome to the RITC2026 GBE Energy Electricity Trading Case - practice server,,51,2026-02-01 01:38:31.758831,ELEC-day4,0.0,0.0,0.0,,
,,,,,,51,2026-02-01 01:38:31.758831,ELEC-day5,0.0,0.0,0.0,,
,,,,,,51,2026-02-01 01:38:31.758831,ELEC-day6,0.0,0.0,0.0,,
,,,,,,51,2026-02-01 01:38:31.758831,ELEC-F,0.0,0.0,0.0,,
4.0,1.0,43.0,,FACTORY TENDER REPORT,There is increased speculation of small sized factory tenders to BUY electricity from the local market.,52,2026-02-01 01:38:32.831351,NG,2.15,2.13,2.17,800000.0,800000.0
3.0,1.0,1.0,,You are logged in as a TRADER,,52,2026-02-01 01:38:32.831351,ELEC-day2,0.0,0.0,0.0,,
2.0,1.0,1.0,,FINES,"The fine for open positions of ELEC-dayX at the end of the day is $20,000/contract.",52,2026-02-01 01:38:32.831351,ELEC-day3,0.0,0.0,0.0,,
1.0,1.0,1.0,,Welcome to the RITC2026 GBE Energy Electricity Trading Case - practice server,,52,2026-02-01 01:38:32.831351,ELEC-day4,0.0,0.0,0.0,,
,,,,,,52,2026-02-01 01:38:32.831351,ELEC-day5,0.0,0.0,0.0,,
,,,,,,52,2026-02-01 01:38:32.831351,ELEC-day6,0.0,0.0,0.0,,
,,,,,,52,2026-02-01 01:38:32.831351,ELEC-F,0.0,0.0,0.0,,
4.0,1.0,43.0,,FACTORY TENDER REPORT,There is increased speculation of small sized factory tenders to BUY electricity from the local market.,53,2026-02-01 01:38:33.874466,NG,2.15,2.13,2.17,800000.0,800000.0
3.0,1.0,1.0,,You are logged in as a TRADER,,53,2026-02-01 01:38:33.874466,ELEC-day2,0.0,0.0,0.0,,
2.0,1.0,1.0,,FINES,"The fine for open positions of ELEC-dayX at the end of the day is $20,000/contract.",53,2026-02-01 01:38:33.874466,ELEC-day3,0.0,0.0,0.0,,
1.0,1.0,1.0,,Welcome to the RITC2026 GBE Energy Electricity Trading Case - practice server,,53,2026-02-01 01:38:33.874466,ELEC-day4,0.0,0.0,0.0,,
,,,,,,53,2026-02-01 01:38:33.874466,ELEC-day5,0.0,0.0,0.0,,
,,,,,,53,2026-02-01 01:38:33.874466,ELEC-day6,0.0,0.0,0.0,,
,,,,,,53,2026-02-01 01:38:33.874466,ELEC-F,0.0,0.0,0.0,,
4.0,1.0,43.0,,FACTORY TENDER REPORT,There is increased speculation of small sized factory tenders to BUY electricity from the local market.,54,2026-02-01 01:38:34.928376,NG,2.15,2.13,2.17,800000.0,800000.0
3.0,1.0,1.0,,You are logged in as a TRADER,,54,2026-02-01 01:38:34.928376,ELEC-day2,0.0,0.0,0.0,,
2.0,1.0,1.0,,FINES,"The fine for open positions of ELEC-dayX at the end of the day is $20,000/contract.",54,2026-02-01 01:38:34.928376,ELEC-day3,0.0,0.0,0.0,,
1.0,1.0,1.0,,Welcome to the RITC2026 GBE Energy Electricity Trading Case - practice server,,54,2026-02-01 01:38:34.928376,ELEC-day4,0.0,0.0,0.0,,
,,,,,,54,2026-02-01 01:38:34.928376,ELEC-day5,0.0,0.0,0.0,,
,,,,,,54,2026-02-01 01:38:34.928376,ELEC-day6,0.0,0.0,0.0,,
,,,,,,54,2026-02-01 01:38:34.928376,ELEC-F,0.0,0.0,0.0,,
4.0,1.0,43.0,,FACTORY TENDER REPORT,There is increased speculation of small sized factory tenders to BUY electricity from the local market.,56,2026-02-01 01:38:36.026700,NG,2.15,2.13,2.17,800000.0,800000.0
3.0,1.0,1.0,,You are logged in as a TRADER,,56,2026-02-01 01:38:36.026700,ELEC-day2,0.0,0.0,0.0,,
2.0,1.0,1.0,,FINES,"The fine for open positions of ELEC-dayX at the end of the day is $20,000/contract.",56,2026-02-01 01:38:36.026700,ELEC-day3,0.0,0.0,0.0,,
1.0,1.0,1.0,,Welcome to the RITC2026 GBE Energy Electricity Trading Case - practice server,,56,2026-02-01 01:38:36.026700,ELEC-day4,0.0,0.0,0.0,,
,,,,,,56,2026-02-01 01:38:36.026700,ELEC-day5,0.0,0.0,0.0,,
,,,,,,56,2026-02-01 01:38:36.026700,ELEC-day6,0.0,0.0,0.0,,
,,,,,,56,2026-02-01 01:38:36.026700,ELEC-F,0.0,0.0,0.0,,
4.0,1.0,43.0,,FACTORY TENDER REPORT,There is increased speculation of small sized factory tenders to BUY electricity from the local market.,57,2026-02-01 01:38:37.060498,NG,2.15,2.13,2.17,800000.0,800000.0
3.0,1.0,1.0,,You are logged in as a TRADER,,57,2026-02-01 01:38:37.060498,ELEC-day2,0.0,0.0,0.0,,
2.0,1.0,1.0,,FINES,"The fine for open positions of ELEC-dayX at the end of the day is $20,000/contract.",57,2026-02-01 01:38:37.060498,ELEC-day3,0.0,0.0,0.0,,
1.0,1.0,1.0,,Welcome to the RITC2026 GBE Energy Electricity Trading Case - practice server,,57,2026-02-01 01:38:37.060498,ELEC-day4,0.0,0.0,0.0,,
,,,,,,57,2026-02-01 01:38:37.060498,ELEC-day5,0.0,0.0,0.0,,
,,,,,,57,2026-02-01 01:38:37.060498,ELEC-day6,0.0,0.0,0.0,,
,,,,,,57,2026-02-01 01:38:37.060498,ELEC-F,0.0,0.0,0.0,,
4.0,1.0,43.0,,FACTORY TENDER REPORT,There is increased speculation of small sized factory tenders to BUY electricity from the local market.,58,2026-02-01 01:38:38.090322,NG,2.15,2.13,2.17,800000.0,800000.0
3.0,1.0,1.0,,You are logged in as a TRADER,,58,2026-02-01 01:38:38.090322,ELEC-day2,0.0,0.0,0.0,,
2.0,1.0,1.0,,FINES,"The fine for open positions of ELEC-dayX at the end of the day is $20,000/contract.",58,2026-02-01 01:38:38.090322,ELEC-day3,0.0,0.0,0.0,,
1.0,1.0,1.0,,Welcome to the RITC2026 GBE Energy Electricity Trading Case - practice server,,58,2026-02-01 01:38:38.090322,ELEC-day4,0.0,0.0,0.0,,
,,,,,,58,2026-02-01 01:38:38.090322,ELEC-day5,0.0,0.0,0.0,,
,,,,,,58,2026-02-01 01:38:38.090322,ELEC-day6,0.0,0.0,0.0,,
,,,,,,58,2026-02-01 01:38:38.090322,ELEC-F,0.0,0.0,0.0,,
4.0,1.0,43.0,,FACTORY TENDER REPORT,There is increased speculation of small sized factory tenders to BUY electricity from the local market.,59,2026-02-01 01:38:39.124016,NG,2.15,2.13,2.17,800000.0,800000.0
3.0,1.0,1.0,,You are logged in as a TRADER,,59,2026-02-01 01:38:39.124016,ELEC-day2,0.0,0.0,0.0,,
2.0,1.0,1.0,,FINES,"The fine for open positions of ELEC-dayX at the end of the day is $20,000/contract.",59,2026-02-01 01:38:39.124016,ELEC-day3,0.0,0.0,0.0,,
1.0,1.0,1.0,,Welcome to the RITC2026 GBE Energy Electricity Trading Case - practice server,,59,2026-02-01 01:38:39.124016,ELEC-day4,0.0,0.0,0.0,,
,,,,,,59,2026-02-01 01:38:39.124016,ELEC-day5,0.0,0.0,0.0,,
,,,,,,59,2026-02-01 01:38:39.124016,ELEC-day6,0.0,0.0,0.0,,
,,,,,,59,2026-02-01 01:38:39.124016,ELEC-F,0.0,0.0,0.0,,
4.0,1.0,43.0,,FACTORY TENDER REPORT,There is increased speculation of small sized factory tenders to BUY electricity from the local market.,60,2026-02-01 01:38:40.156686,NG,2.15,2.13,2.17,800000.0,800000.0
3.0,1.0,1.0,,You are logged in as a TRADER,,60,2026-02-01 01:38:40.156686,ELEC-day2,0.0,0.0,0.0,,
2.0,1.0,1.0,,FINES,"The fine for open positions of ELEC-dayX at the end of the day is $20,000/contract.",60,2026-02-01 01:38:40.156686,ELEC-day3,0.0,0.0,0.0,,
1.0,1.0,1.0,,Welcome to the RITC2026 GBE Energy Electricity Trading Case - practice server,,60,2026-02-01 01:38:40.156686,ELEC-day4,0.0,0.0,0.0,,
,,,,,,60,2026-02-01 01:38:40.156686,ELEC-day5,0.0,0.0,0.0,,
,,,,,,60,2026-02-01 01:38:40.156686,ELEC-day6,0.0,0.0,0.0,,
,,,,,,60,2026-02-01 01:38:40.156686,ELEC-F,0.0,0.0,0.0,,
4.0,1.0,43.0,,FACTORY TENDER REPORT,There is increased speculation of small sized factory tenders to BUY electricity from the local market.,61,2026-02-01 01:38:41.193911,NG,2.16,2.14,2.18,800000.0,800000.0
3.0,1.0,1.0,,You are logged in as a TRADER,,61,2026-02-01 01:38:41.193911,ELEC-day2,0.0,0.0,0.0,,
2.0,1.0,1.0,,FINES,"The fine for open positions of ELEC-dayX at the end of the day is $20,000/contract.",61,2026-02-01 01:38:41.193911,ELEC-day3,0.0,0.0,0.0,,
1.0,1.0,1.0,,Welcome to the RITC2026 GBE Energy Electricity Trading Case - practice server,,61,2026-02-01 01:38:41.193911,ELEC-day4,0.0,0.0,0.0,,
,,,,,,61,2026-02-01 01:38:41.193911,ELEC-day5,0.0,0.0,0.0,,
,,,,,,61,2026-02-01 01:38:41.193911,ELEC-day6,0.0,0.0,0.0,,
,,,,,,61,2026-02-01 01:38:41.193911,ELEC-F,0.0,0.0,0.0,,
4.0,1.0,43.0,,FACTORY TENDER REPORT,There is increased speculation of small sized factory tenders to BUY electricity from the local market.,62,2026-02-01 01:38:42.230019,NG,2.14,2.12,2.16,800000.0,800000.0
3.0,1.0,1.0,,You are logged in as a TRADER,,62,2026-02-01 01:38:42.230019,ELEC-day2,0.0,0.0,0.0,,
2.0,1.0,1.0,,FINES,"The fine for open positions of ELEC-dayX at the end of the day is $20,000/contract.",62,2026-02-01 01:38:42.230019,ELEC-day3,0.0,0.0,0.0,,
1.0,1.0,1.0,,Welcome to the RITC2026 GBE Energy Electricity Trading Case - practice server,,62,2026-02-01 01:38:42.230019,ELEC-day4,0.0,0.0,0.0,,
,,,,,,62,2026-02-01 01:38:42.230019,ELEC-day5,0.0,0.0,0.0,,
,,,,,,62,2026-02-01 01:38:42.230019,ELEC-day6,0.0,0.0,0.0,,
,,,,,,62,2026-02-01 01:38:42.230019,ELEC-F,0.0,0.0,0.0,,
4.0,1.0,43.0,,FACTORY TENDER REPORT,There is increased speculation of small sized factory tenders to BUY electricity from the local market.,63,2026-02-01 01:38:43.270355,NG,2.14,2.12,2.16,800000.0,800000.0
3.0,1.0,1.0,,You are logged in as a TRADER,,63,2026-02-01 01:38:43.270355,ELEC-day2,0.0,0.0,0.0,,
2.0,1.0,1.0,,FINES,"The fine for open positions of ELEC-dayX at the end of the day is $20,000/contract.",63,2026-02-01 01:38:43.270355,ELEC-day3,0.0,0.0,0.0,,
1.0,1.0,1.0,,Welcome to the RITC2026 GBE Energy Electricity Trading Case - practice server,,63,2026-02-01 01:38:43.270355,ELEC-day4,0.0,0.0,0.0,,
,,,,,,63,2026-02-01 01:38:43.270355,ELEC-day5,0.0,0.0,0.0,,
,,,,,,63,2026-02-01 01:38:43.270355,ELEC-day6,0.0,0.0,0.0,,
,,,,,,63,2026-02-01 01:38:43.270355,ELEC-F,0.0,0.0,0.0,,
4.0,1.0,43.0,,FACTORY TENDER REPORT,There is increased speculation of small sized factory tenders to BUY electricity from the local market.,64,2026-02-01 01:38:44.308101,NG,2.14,2.12,2.16,800000.0,800000.0
3.0,1.0,1.0,,You are logged in as a TRADER,,64,2026-02-01 01:38:44.308101,ELEC-day2,0.0,0.0,0.0,,
2.0,1.0,1.0,,FINES,"The fine for open positions of ELEC-dayX at the end of the day is $20,000/contract.",64,2026-02-01 01:38:44.308101,ELEC-day3,0.0,0.0,0.0,,
1.0,1.0,1.0,,Welcome to the RITC2026 GBE Energy Electricity Trading Case - practice server,,64,2026-02-01 01:38:44.308101,ELEC-day4,0.0,0.0,0.0,,
,,,,,,64,2026-02-01 01:38:44.308101,ELEC-day5,0.0,0.0,0.0,,
,,,,,,64,2026-02-01 01:38:44.308101,ELEC-day6,0.0,0.0,0.0,,
,,,,,,64,2026-02-01 01:38:44.308101,ELEC-F,0.0,0.0,0.0,,
4.0,1.0,43.0,,FACTORY TENDER REPORT,There is increased speculation of small sized factory tenders to BUY electricity from the local market.,65,2026-02-01 01:38:45.343959,NG,2.14,2.12,2.16,800000.0,800000.0
3.0,1.0,1.0,,You are logged in as a TRADER,,65,2026-02-01 01:38:45.343959,ELEC-day2,0.0,0.0,0.0,,
2.0,1.0,1.0,,FINES,"The fine for open positions of ELEC-dayX at the end of the day is $20,000/contract.",65,2026-02-01 01:38:45.343959,ELEC-day3,0.0,0.0,0.0,,
1.0,1.0,1.0,,Welcome to the RITC2026 GBE Energy Electricity Trading Case - practice server,,65,2026-02-01 01:38:45.343959,ELEC-day4,0.0,0.0,0.0,,
,,,,,,65,2026-02-01 01:38:45.343959,ELEC-day5,0.0,0.0,0.0,,
,,,,,,65,2026-02-01 01:38:45.343959,ELEC-day6,0.0,0.0,0.0,,
,,,,,,65,2026-02-01 01:38:45.343959,ELEC-F,0.0,0.0,0.0,,
4.0,1.0,43.0,,FACTORY TENDER REPORT,There is increased speculation of small sized factory tenders to BUY electricity from the local market.,66,2026-02-01 01:38:46.375766,NG,2.14,2.12,2.16,800000.0,800000.0
3.0,1.0,1.0,,You are logged in as a TRADER,,66,2026-02-01 01:38:46.375766,ELEC-day2,0.0,0.0,0.0,,
2.0,1.0,1.0,,FINES,"The fine for open positions of ELEC-dayX at the end of the day is $20,000/contract.",66,2026-02-01 01:38:46.375766,ELEC-day3,0.0,0.0,0.0,,
1.0,1.0,1.0,,Welcome to the RITC2026 GBE Energy Electricity Trading Case - practice server,,66,2026-02-01 01:38:46.375766,ELEC-day4,0.0,0.0,0.0,,
,,,,,,66,2026-02-01 01:38:46.375766,ELEC-day5,0.0,0.0,0.0,,
,,,,,,66,2026-02-01 01:38:46.375766,ELEC-day6,0.0,0.0,0.0,,
,,,,,,66,2026-02-01 01:38:46.375766,ELEC-F,0.0,0.0,0.0,,
4.0,1.0,43.0,,FACTORY TENDER REPORT,There is increased speculation of small sized factory tenders to BUY electricity from the local market.,67,2026-02-01 01:38:47.407381,NG,2.14,2.12,2.16,800000.0,800000.0
3.0,1.0,1.0,,You are logged in as a TRADER,,67,2026-02-01 01:38:47.407381,ELEC-day2,0.0,0.0,0.0,,
2.0,1.0,1.0,,FINES,"The fine for open positions of ELEC-dayX at the end of the day is $20,000/contract.",67,2026-02-01 01:38:47.407381,ELEC-day3,0.0,0.0,0.0,,
1.0,1.0,1.0,,Welcome to the RITC2026 GBE Energy Electricity Trading Case - practice server,,67,2026-02-01 01:38:47.407381,ELEC-day4,0.0,0.0,0.0,,
,,,,,,67,2026-02-01 01:38:47.407381,ELEC-day5,0.0,0.0,0.0,,
,,,,,,67,2026-02-01 01:38:47.407381,ELEC-day6,0.0,0.0,0.0,,
,,,,,,67,2026-02-01 01:38:47.407381,ELEC-F,0.0,0.0,0.0,,
4.0,1.0,43.0,,FACTORY TENDER REPORT,There is increased speculation of small sized factory tenders to BUY electricity from the local market.,68,2026-02-01 01:38:48.436118,NG,2.13,2.11,2.15,800000.0,800000.0
3.0,1.0,1.0,,You are logged in as a TRADER,,68,2026-02-01 01:38:48.436118,ELEC-day2,0.0,0.0,0.0,,
2.0,1.0,1.0,,FINES,"The fine for open positions of ELEC-dayX at the end of the day is $20,000/contract.",68,2026-02-01 01:38:48.436118,ELEC-day3,0.0,0.0,0.0,,
1.0,1.0,1.0,,Welcome to the RITC2026 GBE Energy Electricity Trading Case - practice server,,68,2026-02-01 01:38:48.436118,ELEC-day4,0.0,0.0,0.0,,
,,,,,,68,2026-02-01 01:38:48.436118,ELEC-day5,0.0,0.0,0.0,,
,,,,,,68,2026-02-01 01:38:48.436118,ELEC-day6,0.0,0.0,0.0,,
,,,,,,68,2026-02-01 01:38:48.436118,ELEC-F,0.0,0.0,0.0,,
4.0,1.0,43.0,,FACTORY TENDER REPORT,There is increased speculation of small sized factory tenders to BUY electricity from the local market.,69,2026-02-01 01:38:49.458169,NG,2.13,2.11,2.15,800000.0,800000.0
3.0,1.0,1.0,,You are logged in as a TRADER,,69,2026-02-01 01:38:49.458169,ELEC-day2,0.0,0.0,0.0,,
2.0,1.0,1.0,,FINES,"The fine for open positions of ELEC-dayX at the end of the day is $20,000/contract.",69,2026-02-01 01:38:49.458169,ELEC-day3,0.0,0.0,0.0,,
1.0,1.0,1.0,,Welcome to the RITC2026 GBE Energy Electricity Trading Case - practice server,,69,2026-02-01 01:38:49.458169,ELEC-day4,0.0,0.0,0.0,,
,,,,,,69,2026-02-01 01:38:49.458169,ELEC-day5,0.0,0.0,0.0,,
,,,,,,69,2026-02-01 01:38:49.458169,ELEC-day6,0.0,0.0,0.0,,
,,,,,,69,2026-02-01 01:38:49.458169,ELEC-F,0.0,0.0,0.0,,
4.0,1.0,43.0,,FACTORY TENDER REPORT,There is increased speculation of small sized factory tenders to BUY electricity from the local market.,70,2026-02-01 01:38:50.494651,NG,2.12,2.1,2.14,800000.0,800000.0
3.0,1.0,1.0,,You are logged in as a TRADER,,70,2026-02-01 01:38:50.494651,ELEC-day2,0.0,0.0,0.0,,
2.0,1.0,1.0,,FINES,"The fine for open positions of ELEC-dayX at the end of the day is $20,000/contract.",70,2026-02-01 01:38:50.494651,ELEC-day3,0.0,0.0,0.0,,
1.0,1.0,1.0,,Welcome to the RITC2026 GBE Energy Electricity Trading Case - practice server,,70,2026-02-01 01:38:50.494651,ELEC-day4,0.0,0.0,0.0,,
,,,,,,70,2026-02-01 01:38:50.494651,ELEC-day5,0.0,0.0,0.0,,
,,,,,,70,2026-02-01 01:38:50.494651,ELEC-day6,0.0,0.0,0.0,,
,,,,,,70,2026-02-01 01:38:50.494651,ELEC-F,0.0,0.0,0.0,,
4.0,1.0,43.0,,FACTORY TENDER REPORT,There is increased speculation of small sized factory tenders to BUY electricity from the local market.,71,2026-02-01 01:38:51.527195,NG,2.12,2.1,2.14,800000.0,800000.0
3.0,1.0,1.0,,You are logged in as a TRADER,,71,2026-02-01 01:38:51.527195,ELEC-day2,0.0,0.0,0.0,,
2.0,1.0,1.0,,FINES,"The fine for open positions of ELEC-dayX at the end of the day is $20,000/contract.",71,2026-02-01 01:38:51.527195,ELEC-day3,0.0,0.0,0.0,,
1.0,1.0,1.0,,Welcome to the RITC2026 GBE Energy Electricity Trading Case - practice server,,71,2026-02-01 01:38:51.527195,ELEC-day4,0.0,0.0,0.0,,
,,,,,,71,2026-02-01 01:38:51.527195,ELEC-day5,0.0,0.0,0.0,,
,,,,,,71,2026-02-01 01:38:51.527195,ELEC-day6,0.0,0.0,0.0,,
,,,,,,71,2026-02-01 01:38:51.527195,ELEC-F,0.0,0.0,0.0,,
4.0,1.0,43.0,,FACTORY TENDER REPORT,There is increased speculation of small sized factory tenders to BUY electricity from the local market.,72,2026-02-01 01:38:52.560960,NG,2.13,2.11,2.15,800000.0,800000.0
3.0,1.0,1.0,,You are logged in as a TRADER,,72,2026-02-01 01:38:52.560960,ELEC-day2,0.0,0.0,0.0,,
2.0,1.0,1.0,,FINES,"The fine for open positions of ELEC-dayX at the end of the day is $20,000/contract.",72,2026-02-01 01:38:52.560960,ELEC-day3,0.0,0.0,0.0,,
1.0,1.0,1.0,,Welcome to the RITC2026 GBE Energy Electricity Trading Case - practice server,,72,2026-02-01 01:38:52.560960,ELEC-day4,0.0,0.0,0.0,,
,,,,,,72,2026-02-01 01:38:52.560960,ELEC-day5,0.0,0.0,0.0,,
,,,,,,72,2026-02-01 01:38:52.560960,ELEC-day6,0.0,0.0,0.0,,
,,,,,,72,2026-02-01 01:38:52.560960,ELEC-F,0.0,0.0,0.0,,
4.0,1.0,43.0,,FACTORY TENDER REPORT,There is increased speculation of small sized factory tenders to BUY electricity from the local market.,73,2026-02-01 01:38:53.594018,NG,2.13,2.11,2.15,800000.0,800000.0
3.0,1.0,1.0,,You are logged in as a TRADER,,73,2026-02-01 01:38:53.594018,ELEC-day2,0.0,0.0,0.0,,
2.0,1.0,1.0,,FINES,"The fine for open positions of ELEC-dayX at the end of the day is $20,000/contract.",73,2026-02-01 01:38:53.594018,ELEC-day3,0.0,0.0,0.0,,
1.0,1.0,1.0,,Welcome to the RITC2026 GBE Energy Electricity Trading Case - practice server,,73,2026-02-01 01:38:53.594018,ELEC-day4,0.0,0.0,0.0,,
,,,,,,73,2026-02-01 01:38:53.594018,ELEC-day5,0.0,0.0,0.0,,
,,,,,,73,2026-02-01 01:38:53.594018,ELEC-day6,0.0,0.0,0.0,,
,,,,,,73,2026-02-01 01:38:53.594018,ELEC-F,0.0,0.0,0.0,,
4.0,1.0,43.0,,FACTORY TENDER REPORT,There is increased speculation of small sized factory tenders to BUY electricity from the local market.,74,2026-02-01 01:38:54.624376,NG,2.14,2.12,2.16,800000.0,800000.0
3.0,1.0,1.0,,You are logged in as a TRADER,,74,2026-02-01 01:38:54.624376,ELEC-day2,0.0,0.0,0.0,,
2.0,1.0,1.0,,FINES,"The fine for open positions of ELEC-dayX at the end of the day is $20,000/contract.",74,2026-02-01 01:38:54.624376,ELEC-day3,0.0,0.0,0.0,,
1.0,1.0,1.0,,Welcome to the RITC2026 GBE Energy Electricity Trading Case - practice server,,74,2026-02-01 01:38:54.624376,ELEC-day4,0.0,0.0,0.0,,
,,,,,,74,2026-02-01 01:38:54.624376,ELEC-day5,0.0,0.0,0.0,,
,,,,,,74,2026-02-01 01:38:54.624376,ELEC-day6,0.0,0.0,0.0,,
,,,,,,74,2026-02-01 01:38:54.624376,ELEC-F,0.0,0.0,0.0,,
4.0,1.0,43.0,,FACTORY TENDER REPORT,There is increased speculation of small sized factory tenders to BUY electricity from the local market.,75,2026-02-01 01:38:55.660524,NG,2.14,2.12,2.16,800000.0,800000.0
3.0,1.0,1.0,,You are logged in as a TRADER,,75,2026-02-01 01:38:55.660524,ELEC-day2,0.0,0.0,0.0,,
2.0,1.0,1.0,,FINES,"The fine for open positions of ELEC-dayX at the end of the day is $20,000/contract.",75,2026-02-01 01:38:55.660524,ELEC-day3,0.0,0.0,0.0,,
1.0,1.0,1.0,,Welcome to the RITC2026 GBE Energy Electricity Trading Case - practice server,,75,2026-02-01 01:38:55.660524,ELEC-day4,0.0,0.0,0.0,,
,,,,,,75,2026-02-01 01:38:55.660524,ELEC-day5,0.0,0.0,0.0,,
,,,,,,75,2026-02-01 01:38:55.660524,ELEC-day6,0.0,0.0,0.0,,
,,,,,,75,2026-02-01 01:38:55.660524,ELEC-F,0.0,0.0,0.0,,
4.0,1.0,43.0,,FACTORY TENDER REPORT,There is increased speculation of small sized factory tenders to BUY electricity from the local market.,76,2026-02-01 01:38:56.694027,NG,2.14,2.12,2.16,800000.0,800000.0
3.0,1.0,1.0,,You are logged in as a TRADER,,76,2026-02-01 01:38:56.694027,ELEC-day2,0.0,0.0,0.0,,
2.0,1.0,1.0,,FINES,"The fine for open positions of ELEC-dayX at the end of the day is $20,000/contract.",76,2026-02-01 01:38:56.694027,ELEC-day3,0.0,0.0,0.0,,
1.0,1.0,1.0,,Welcome to the RITC2026 GBE Energy Electricity Trading Case - practice server,,76,2026-02-01 01:38:56.694027,ELEC-day4,0.0,0.0,0.0,,
,,,,,,76,2026-02-01 01:38:56.694027,ELEC-day5,0.0,0.0,0.0,,
,,,,,,76,2026-02-01 01:38:56.694027,ELEC-day6,0.0,0.0,0.0,,
,,,,,,76,2026-02-01 01:38:56.694027,ELEC-F,0.0,0.0,0.0,,
4.0,1.0,43.0,,FACTORY TENDER REPORT,There is increased speculation of small sized factory tenders to BUY electricity from the local market.,77,2026-02-01 01:38:57.749114,NG,2.15,2.13,2.17,800000.0,800000.0
3.0,1.0,1.0,,You are logged in as a TRADER,,77,2026-02-01 01:38:57.749114,ELEC-day2,0.0,0.0,0.0,,
2.0,1.0,1.0,,FINES,"The fine for open positions of ELEC-dayX at the end of the day is $20,000/contract.",77,2026-02-01 01:38:57.749114,ELEC-day3,0.0,0.0,0.0,,
1.0,1.0,1.0,,Welcome to the RITC2026 GBE Energy Electricity Trading Case - practice server,,77,2026-02-01 01:38:57.749114,ELEC-day4,0.0,0.0,0.0,,
,,,,,,77,2026-02-01 01:38:57.749114,ELEC-day5,0.0,0.0,0.0,,
,,,,,,77,2026-02-01 01:38:57.749114,ELEC-day6,0.0,0.0,0.0,,
,,,,,,77,2026-02-01 01:38:57.749114,ELEC-F,0.0,0.0,0.0,,
4.0,1.0,43.0,,FACTORY TENDER REPORT,There is increased speculation of small sized factory tenders to BUY electricity from the local market.,78,2026-02-01 01:38:58.783043,NG,2.15,2.13,2.17,800000.0,800000.0
3.0,1.0,1.0,,You are logged in as a TRADER,,78,2026-02-01 01:38:58.783043,ELEC-day2,0.0,0.0,0.0,,
2.0,1.0,1.0,,FINES,"The fine for open positions of ELEC-dayX at the end of the day is $20,000/contract.",78,2026-02-01 01:38:58.783043,ELEC-day3,0.0,0.0,0.0,,
1.0,1.0,1.0,,Welcome to the RITC2026 GBE Energy Electricity Trading Case - practice server,,78,2026-02-01 01:38:58.783043,ELEC-day4,0.0,0.0,0.0,,
,,,,,,78,2026-02-01 01:38:58.783043,ELEC-day5,0.0,0.0,0.0,,
,,,,,,78,2026-02-01 01:38:58.783043,ELEC-day6,0.0,0.0,0.0,,
,,,,,,78,2026-02-01 01:38:58.783043,ELEC-F,0.0,0.0,0.0,,
4.0,1.0,43.0,,FACTORY TENDER REPORT,There is increased speculation of small sized factory tenders to BUY electricity from the local market.,79,2026-02-01 01:38:59.811580,NG,2.14,2.12,2.16,800000.0,800000.0
3.0,1.0,1.0,,You are logged in as a TRADER,,79,2026-02-01 01:38:59.811580,ELEC-day2,0.0,0.0,0.0,,
2.0,1.0,1.0,,FINES,"The fine for open positions of ELEC-dayX at the end of the day is $20,000/contract.",79,2026-02-01 01:38:59.811580,ELEC-day3,0.0,0.0,0.0,,
1.0,1.0,1.0,,Welcome to the RITC2026 GBE Energy Electricity Trading Case - practice server,,79,2026-02-01 01:38:59.811580,ELEC-day4,0.0,0.0,0.0,,
,,,,,,79,2026-02-01 01:38:59.811580,ELEC-day5,0.0,0.0,0.0,,
,,,,,,79,2026-02-01 01:38:59.811580,ELEC-day6,0.0,0.0,0.0,,
,,,,,,79,2026-02-01 01:38:59.811580,ELEC-F,0.0,0.0,0.0,,
4.0,1.0,43.0,,FACTORY TENDER REPORT,There is increased speculation of small sized factory tenders to BUY electricity from the local market.,80,2026-02-01 01:39:00.858553,NG,2.14,2.12,2.16,800000.0,800000.0
3.0,1.0,1.0,,You are logged in as a TRADER,,80,2026-02-01 01:39:00.858553,ELEC-day2,0.0,0.0,0.0,,
2.0,1.0,1.0,,FINES,"The fine for open positions of ELEC-dayX at the end of the day is $20,000/contract.",80,2026-02-01 01:39:00.858553,ELEC-day3,0.0,0.0,0.0,,
1.0,1.0,1.0,,Welcome to the RITC2026 GBE Energy Electricity Trading Case - practice server,,80,2026-02-01 01:39:00.858553,ELEC-day4,0.0,0.0,0.0,,
,,,,,,80,2026-02-01 01:39:00.858553,ELEC-day5,0.0,0.0,0.0,,
,,,,,,80,2026-02-01 01:39:00.858553,ELEC-day6,0.0,0.0,0.0,,
,,,,,,80,2026-02-01 01:39:00.858553,ELEC-F,0.0,0.0,0.0,,
4.0,1.0,43.0,,FACTORY TENDER REPORT,There is increased speculation of small sized factory tenders to BUY electricity from the local market.,81,2026-02-01 01:39:01.897300,NG,2.15,2.13,2.17,800000.0,800000.0
3.0,1.0,1.0,,You are logged in as a TRADER,,81,2026-02-01 01:39:01.897300,ELEC-day2,0.0,0.0,0.0,,
2.0,1.0,1.0,,FINES,"The fine for open positions of ELEC-dayX at the end of the day is $20,000/contract.",81,2026-02-01 01:39:01.897300,ELEC-day3,0.0,0.0,0.0,,
1.0,1.0,1.0,,Welcome to the RITC2026 GBE Energy Electricity Trading Case - practice server,,81,2026-02-01 01:39:01.897300,ELEC-day4,0.0,0.0,0.0,,
,,,,,,81,2026-02-01 01:39:01.897300,ELEC-day5,0.0,0.0,0.0,,
,,,,,,81,2026-02-01 01:39:01.897300,ELEC-day6,0.0,0.0,0.0,,
,,,,,,81,2026-02-01 01:39:01.897300,ELEC-F,0.0,0.0,0.0,,
4.0,1.0,43.0,,FACTORY TENDER REPORT,There is increased speculation of small sized factory tenders to BUY electricity from the local market.,82,2026-02-01 01:39:02.944153,NG,2.15,2.13,2.17,800000.0,800000.0
3.0,1.0,1.0,,You are logged in as a TRADER,,82,2026-02-01 01:39:02.944153,ELEC-day2,0.0,0.0,0.0,,
2.0,1.0,1.0,,FINES,"The fine for open positions of ELEC-dayX at the end of the day is $20,000/contract.",82,2026-02-01 01:39:02.944153,ELEC-day3,0.0,0.0,0.0,,
1.0,1.0,1.0,,Welcome to the RITC2026 GBE Energy Electricity Trading Case - practice server,,82,2026-02-01 01:39:02.944153,ELEC-day4,0.0,0.0,0.0,,
,,,,,,82,2026-02-01 01:39:02.944153,ELEC-day5,0.0,0.0,0.0,,
,,,,,,82,2026-02-01 01:39:02.944153,ELEC-day6,0.0,0.0,0.0,,
,,,,,,82,2026-02-01 01:39:02.944153,ELEC-F,0.0,0.0,0.0,,
4.0,1.0,43.0,,FACTORY TENDER REPORT,There is increased speculation of small sized factory tenders to BUY electricity from the local market.,83,2026-02-01 01:39:03.974698,NG,2.15,2.13,2.17,800000.0,800000.0
3.0,1.0,1.0,,You are logged in as a TRADER,,83,2026-02-01 01:39:03.974698,ELEC-day2,0.0,0.0,0.0,,
2.0,1.0,1.0,,FINES,"The fine for open positions of ELEC-dayX at the end of the day is $20,000/contract.",83,2026-02-01 01:39:03.974698,ELEC-day3,0.0,0.0,0.0,,
1.0,1.0,1.0,,Welcome to the RITC2026 GBE Energy Electricity Trading Case - practice server,,83,2026-02-01 01:39:03.974698,ELEC-day4,0.0,0.0,0.0,,
,,,,,,83,2026-02-01 01:39:03.974698,ELEC-day5,0.0,0.0,0.0,,
,,,,,,83,2026-02-01 01:39:03.974698,ELEC-day6,0.0,0.0,0.0,,
,,,,,,83,2026-02-01 01:39:03.974698,ELEC-F,0.0,0.0,0.0,,
4.0,1.0,43.0,,FACTORY TENDER REPORT,There is increased speculation of small sized factory tenders to BUY electricity from the local market.,84,2026-02-01 01:39:05.004190,NG,2.15,2.13,2.17,800000.0,800000.0
3.0,1.0,1.0,,You are logged in as a TRADER,,84,2026-02-01 01:39:05.004190,ELEC-day2,0.0,0.0,0.0,,
2.0,1.0,1.0,,FINES,"The fine for open positions of ELEC-dayX at the end of the day is $20,000/contract.",84,2026-02-01 01:39:05.004190,ELEC-day3,0.0,0.0,0.0,,
1.0,1.0,1.0,,Welcome to the RITC2026 GBE Energy Electricity Trading Case - practice server,,84,2026-02-01 01:39:05.004190,ELEC-day4,0.0,0.0,0.0,,
,,,,,,84,2026-02-01 01:39:05.004190,ELEC-day5,0.0,0.0,0.0,,
,,,,,,84,2026-02-01 01:39:05.004190,ELEC-day6,0.0,0.0,0.0,,
,,,,,,84,2026-02-01 01:39:05.004190,ELEC-F,0.0,0.0,0.0,,
4.0,1.0,43.0,,FACTORY TENDER REPORT,There is increased speculation of small sized factory tenders to BUY electricity from the local market.,85,2026-02-01 01:39:06.043843,NG,2.15,2.13,2.17,800000.0,800000.0
3.0,1.0,1.0,,You are logged in as a TRADER,,85,2026-02-01 01:39:06.043843,ELEC-day2,0.0,0.0,0.0,,
2.0,1.0,1.0,,FINES,"The fine for open positions of ELEC-dayX at the end of the day is $20,000/contract.",85,2026-02-01 01:39:06.043843,ELEC-day3,0.0,0.0,0.0,,
1.0,1.0,1.0,,Welcome to the RITC2026 GBE Energy Electricity Trading Case - practice server,,85,2026-02-01 01:39:06.043843,ELEC-day4,0.0,0.0,0.0,,
,,,,,,85,2026-02-01 01:39:06.043843,ELEC-day5,0.0,0.0,0.0,,
,,,,,,85,2026-02-01 01:39:06.043843,ELEC-day6,0.0,0.0,0.0,,
,,,,,,85,2026-02-01 01:39:06.043843,ELEC-F,0.0,0.0,0.0,,
4.0,1.0,43.0,,FACTORY TENDER REPORT,There is increased speculation of small sized factory tenders to BUY electricity from the local market.,87,2026-02-01 01:39:07.119325,NG,2.16,2.14,2.18,800000.0,800000.0
3.0,1.0,1.0,,You are logged in as a TRADER,,87,2026-02-01 01:39:07.119325,ELEC-day2,0.0,0.0,0.0,,
2.0,1.0,1.0,,FINES,"The fine for open positions of ELEC-dayX at the end of the day is $20,000/contract.",87,2026-02-01 01:39:07.119325,ELEC-day3,0.0,0.0,0.0,,
1.0,1.0,1.0,,Welcome to the RITC2026 GBE Energy Electricity Trading Case - practice server,,87,2026-02-01 01:39:07.119325,ELEC-day4,0.0,0.0,0.0,,
,,,,,,87,2026-02-01 01:39:07.119325,ELEC-day5,0.0,0.0,0.0,,
,,,,,,87,2026-02-01 01:39:07.119325,ELEC-day6,0.0,0.0,0.0,,
,,,,,,87,2026-02-01 01:39:07.119325,ELEC-F,0.0,0.0,0.0,,
4.0,1.0,43.0,,FACTORY TENDER REPORT,There is increased speculation of small sized factory tenders to BUY electricity from the local market.,88,2026-02-01 01:39:08.193697,NG,2.16,2.14,2.18,800000.0,800000.0
3.0,1.0,1.0,,You are logged in as a TRADER,,88,2026-02-01 01:39:08.193697,ELEC-day2,0.0,0.0,0.0,,
2.0,1.0,1.0,,FINES,"The fine for open positions of ELEC-dayX at the end of the day is $20,000/contract.",88,2026-02-01 01:39:08.193697,ELEC-day3,0.0,0.0,0.0,,
1.0,1.0,1.0,,Welcome to the RITC2026 GBE Energy Electricity Trading Case - practice server,,88,2026-02-01 01:39:08.193697,ELEC-day4,0.0,0.0,0.0,,
,,,,,,88,2026-02-01 01:39:08.193697,ELEC-day5,0.0,0.0,0.0,,
,,,,,,88,2026-02-01 01:39:08.193697,ELEC-day6,0.0,0.0,0.0,,
,,,,,,88,2026-02-01 01:39:08.193697,ELEC-F,0.0,0.0,0.0,,
4.0,1.0,43.0,,FACTORY TENDER REPORT,There is increased speculation of small sized factory tenders to BUY electricity from the local market.,89,2026-02-01 01:39:09.242549,NG,2.17,2.15,2.19,800000.0,800000.0
3.0,1.0,1.0,,You are logged in as a TRADER,,89,2026-02-01 01:39:09.242549,ELEC-day2,0.0,0.0,0.0,,
2.0,1.0,1.0,,FINES,"The fine for open positions of ELEC-dayX at the end of the day is $20,000/contract.",89,2026-02-01 01:39:09.242549,ELEC-day3,0.0,0.0,0.0,,
1.0,1.0,1.0,,Welcome to the RITC2026 GBE Energy Electricity Trading Case - practice server,,89,2026-02-01 01:39:09.242549,ELEC-day4,0.0,0.0,0.0,,
,,,,,,89,2026-02-01 01:39:09.242549,ELEC-day5,0.0,0.0,0.0,,
,,,,,,89,2026-02-01 01:39:09.242549,ELEC-day6,0.0,0.0,0.0,,
,,,,,,89,2026-02-01 01:39:09.242549,ELEC-F,0.0,0.0,0.0,,
4.0,1.0,43.0,,FACTORY TENDER REPORT,There is increased speculation of small sized factory tenders to BUY electricity from the local market.,90,2026-02-01 01:39:10.281512,NG,2.16,2.14,2.18,800000.0,800000.0
3.0,1.0,1.0,,You are logged in as a TRADER,,90,2026-02-01 01:39:10.281512,ELEC-day2,0.0,0.0,0.0,,
2.0,1.0,1.0,,FINES,"The fine for open positions of ELEC-dayX at the end of the day is $20,000/contract.",90,2026-02-01 01:39:10.281512,ELEC-day3,0.0,0.0,0.0,,
1.0,1.0,1.0,,Welcome to the RITC2026 GBE Energy Electricity Trading Case - practice server,,90,2026-02-01 01:39:10.281512,ELEC-day4,0.0,0.0,0.0,,
,,,,,,90,2026-02-01 01:39:10.281512,ELEC-day5,0.0,0.0,0.0,,
,,,,,,90,2026-02-01 01:39:10.281512,ELEC-day6,0.0,0.0,0.0,,
,,,,,,90,2026-02-01 01:39:10.281512,ELEC-F,0.0,0.0,0.0,,
4.0,1.0,43.0,,FACTORY TENDER REPORT,There is increased speculation of small sized factory tenders to BUY electricity from the local market.,91,2026-02-01 01:39:11.307692,NG,2.16,2.14,2.18,800000.0,800000.0
3.0,1.0,1.0,,You are logged in as a TRADER,,91,2026-02-01 01:39:11.307692,ELEC-day2,0.0,0.0,0.0,,
2.0,1.0,1.0,,FINES,"The fine for open positions of ELEC-dayX at the end of the day is $20,000/contract.",91,2026-02-01 01:39:11.307692,ELEC-day3,0.0,0.0,0.0,,
1.0,1.0,1.0,,Welcome to the RITC2026 GBE Energy Electricity Trading Case - practice server,,91,2026-02-01 01:39:11.307692,ELEC-day4,0.0,0.0,0.0,,
,,,,,,91,2026-02-01 01:39:11.307692,ELEC-day5,0.0,0.0,0.0,,
,,,,,,91,2026-02-01 01:39:11.307692,ELEC-day6,0.0,0.0,0.0,,
,,,,,,91,2026-02-01 01:39:11.307692,ELEC-F,0.0,0.0,0.0,,
4.0,1.0,43.0,,FACTORY TENDER REPORT,There is increased speculation of small sized factory tenders to BUY electricity from the local market.,92,2026-02-01 01:39:12.338091,NG,2.15,2.13,2.17,800000.0,800000.0
3.0,1.0,1.0,,You are logged in as a TRADER,,92,2026-02-01 01:39:12.338091,ELEC-day2,0.0,0.0,0.0,,
2.0,1.0,1.0,,FINES,"The fine for open positions of ELEC-dayX at the end of the day is $20,000/contract.",92,2026-02-01 01:39:12.338091,ELEC-day3,0.0,0.0,0.0,,
1.0,1.0,1.0,,Welcome to the RITC2026 GBE Energy Electricity Trading Case - practice server,,92,2026-02-01 01:39:12.338091,ELEC-day4,0.0,0.0,0.0,,
,,,,,,92,2026-02-01 01:39:12.338091,ELEC-day5,0.0,0.0,0.0,,
,,,,,,92,2026-02-01 01:39:12.338091,ELEC-day6,0.0,0.0,0.0,,
,,,,,,92,2026-02-01 01:39:12.338091,ELEC-F,0.0,0.0,0.0,,
4.0,1.0,43.0,,FACTORY TENDER REPORT,There is increased speculation of small sized factory tenders to BUY electricity from the local market.,93,2026-02-01 01:39:13.379310,NG,2.14,2.12,2.16,800000.0,800000.0
3.0,1.0,1.0,,You are logged in as a TRADER,,93,2026-02-01 01:39:13.379310,ELEC-day2,0.0,0.0,0.0,,
2.0,1.0,1.0,,FINES,"The fine for open positions of ELEC-dayX at the end of the day is $20,000/contract.",93,2026-02-01 01:39:13.379310,ELEC-day3,0.0,0.0,0.0,,
1.0,1.0,1.0,,Welcome to the RITC2026 GBE Energy Electricity Trading Case - practice server,,93,2026-02-01 01:39:13.379310,ELEC-day4,0.0,0.0,0.0,,
,,,,,,93,2026-02-01 01:39:13.379310,ELEC-day5,0.0,0.0,0.0,,
,,,,,,93,2026-02-01 01:39:13.379310,ELEC-day6,0.0,0.0,0.0,,
,,,,,,93,2026-02-01 01:39:13.379310,ELEC-F,0.0,0.0,0.0,,
4.0,1.0,43.0,,FACTORY TENDER REPORT,There is increased speculation of small sized factory tenders to BUY electricity from the local market.,94,2026-02-01 01:39:14.408349,NG,2.14,2.12,2.16,800000.0,800000.0
3.0,1.0,1.0,,You are logged in as a TRADER,,94,2026-02-01 01:39:14.408349,ELEC-day2,0.0,0.0,0.0,,
2.0,1.0,1.0,,FINES,"The fine for open positions of ELEC-dayX at the end of the day is $20,000/contract.",94,2026-02-01 01:39:14.408349,ELEC-day3,0.0,0.0,0.0,,
1.0,1.0,1.0,,Welcome to the RITC2026 GBE Energy Electricity Trading Case - practice server,,94,2026-02-01 01:39:14.408349,ELEC-day4,0.0,0.0,0.0,,
,,,,,,94,2026-02-01 01:39:14.408349,ELEC-day5,0.0,0.0,0.0,,
,,,,,,94,2026-02-01 01:39:14.408349,ELEC-day6,0.0,0.0,0.0,,
,,,,,,94,2026-02-01 01:39:14.408349,ELEC-F,0.0,0.0,0.0,,
4.0,1.0,43.0,,FACTORY TENDER REPORT,There is increased speculation of small sized factory tenders to BUY electricity from the local market.,95,2026-02-01 01:39:15.444992,NG,2.15,2.13,2.17,800000.0,800000.0
3.0,1.0,1.0,,You are logged in as a TRADER,,95,2026-02-01 01:39:15.444992,ELEC-day2,0.0,0.0,0.0,,
2.0,1.0,1.0,,FINES,"The fine for open positions of ELEC-dayX at the end of the day is $20,000/contract.",95,2026-02-01 01:39:15.444992,ELEC-day3,0.0,0.0,0.0,,
1.0,1.0,1.0,,Welcome to the RITC2026 GBE Energy Electricity Trading Case - practice server,,95,2026-02-01 01:39:15.444992,ELEC-day4,0.0,0.0,0.0,,
,,,,,,95,2026-02-01 01:39:15.444992,ELEC-day5,0.0,0.0,0.0,,
,,,,,,95,2026-02-01 01:39:15.444992,ELEC-day6,0.0,0.0,0.0,,
,,,,,,95,2026-02-01 01:39:15.444992,ELEC-F,0.0,0.0,0.0,,
4.0,1.0,43.0,,FACTORY TENDER REPORT,There is increased speculation of small sized factory tenders to BUY electricity from the local market.,96,2026-02-01 01:39:16.493713,NG,2.16,2.14,2.18,800000.0,800000.0
3.0,1.0,1.0,,You are logged in as a TRADER,,96,2026-02-01 01:39:16.493713,ELEC-day2,0.0,0.0,0.0,,
2.0,1.0,1.0,,FINES,"The fine for open positions of ELEC-dayX at the end of the day is $20,000/contract.",96,2026-02-01 01:39:16.493713,ELEC-day3,0.0,0.0,0.0,,
1.0,1.0,1.0,,Welcome to the RITC2026 GBE Energy Electricity Trading Case - practice server,,96,2026-02-01 01:39:16.493713,ELEC-day4,0.0,0.0,0.0,,
,,,,,,96,2026-02-01 01:39:16.493713,ELEC-day5,0.0,0.0,0.0,,
,,,,,,96,2026-02-01 01:39:16.493713,ELEC-day6,0.0,0.0,0.0,,
,,,,,,96,2026-02-01 01:39:16.493713,ELEC-F,0.0,0.0,0.0,,
4.0,1.0,43.0,,FACTORY TENDER REPORT,There is increased speculation of small sized factory tenders to BUY electricity from the local market.,97,2026-02-01 01:39:17.547282,NG,2.16,2.14,2.18,800000.0,800000.0
3.0,1.0,1.0,,You are logged in as a TRADER,,97,2026-02-01 01:39:17.547282,ELEC-day2,0.0,0.0,0.0,,
2.0,1.0,1.0,,FINES,"The fine for open positions of ELEC-dayX at the end of the day is $20,000/contract.",97,2026-02-01 01:39:17.547282,ELEC-day3,0.0,0.0,0.0,,
1.0,1.0,1.0,,Welcome to the RITC2026 GBE Energy Electricity Trading Case - practice server,,97,2026-02-01 01:39:17.547282,ELEC-day4,0.0,0.0,0.0,,
,,,,,,97,2026-02-01 01:39:17.547282,ELEC-day5,0.0,0.0,0.0,,
,,,,,,97,2026-02-01 01:39:17.547282,ELEC-day6,0.0,0.0,0.0,,
,,,,,,97,2026-02-01 01:39:17.547282,ELEC-F,0.0,0.0,0.0,,
4.0,1.0,43.0,,FACTORY TENDER REPORT,There is increased speculation of small sized factory tenders to BUY electricity from the local market.,98,2026-02-01 01:39:18.594244,NG,2.15,2.13,2.17,800000.0,800000.0
3.0,1.0,1.0,,You are logged in as a TRADER,,98,2026-02-01 01:39:18.594244,ELEC-day2,0.0,0.0,0.0,,
2.0,1.0,1.0,,FINES,"The fine for open positions of ELEC-dayX at the end of the day is $20,000/contract.",98,2026-02-01 01:39:18.594244,ELEC-day3,0.0,0.0,0.0,,
1.0,1.0,1.0,,Welcome to the RITC2026 GBE Energy Electricity Trading Case - practice server,,98,2026-02-01 01:39:18.594244,ELEC-day4,0.0,0.0,0.0,,
,,,,,,98,2026-02-01 01:39:18.594244,ELEC-day5,0.0,0.0,0.0,,
,,,,,,98,2026-02-01 01:39:18.594244,ELEC-day6,0.0,0.0,0.0,,
,,,,,,98,2026-02-01 01:39:18.594244,ELEC-F,0.0,0.0,0.0,,
4.0,1.0,43.0,,FACTORY TENDER REPORT,There is increased speculation of small sized factory tenders to BUY electricity from the local market.,99,2026-02-01 01:39:19.626511,NG,2.15,2.13,2.17,800000.0,800000.0
3.0,1.0,1.0,,You are logged in as a TRADER,,99,2026-02-01 01:39:19.626511,ELEC-day2,0.0,0.0,0.0,,
2.0,1.0,1.0,,FINES,"The fine for open positions of ELEC-dayX at the end of the day is $20,000/contract.",99,2026-02-01 01:39:19.626511,ELEC-day3,0.0,0.0,0.0,,
1.0,1.0,1.0,,Welcome to the RITC2026 GBE Energy Electricity Trading Case - practice server,,99,2026-02-01 01:39:19.626511,ELEC-day4,0.0,0.0,0.0,,
,,,,,,99,2026-02-01 01:39:19.626511,ELEC-day5,0.0,0.0,0.0,,
,,,,,,99,2026-02-01 01:39:19.626511,ELEC-day6,0.0,0.0,0.0,,
,,,,,,99,2026-02-01 01:39:19.626511,ELEC-F,0.0,0.0,0.0,,
4.0,1.0,43.0,,FACTORY TENDER REPORT,There is increased speculation of small sized factory tenders to BUY electricity from the local market.,100,2026-02-01 01:39:20.661499,NG,2.15,2.13,2.17,800000.0,800000.0
3.0,1.0,1.0,,You are logged in as a TRADER,,100,2026-02-01 01:39:20.661499,ELEC-day2,0.0,0.0,0.0,,
2.0,1.0,1.0,,FINES,"The fine for open positions of ELEC-dayX at the end of the day is $20,000/contract.",100,2026-02-01 01:39:20.661499,ELEC-day3,0.0,0.0,0.0,,
1.0,1.0,1.0,,Welcome to the RITC2026 GBE Energy Electricity Trading Case - practice server,,100,2026-02-01 01:39:20.661499,ELEC-day4,0.0,0.0,0.0,,
,,,,,,100,2026-02-01 01:39:20.661499,ELEC-day5,0.0,0.0,0.0,,
,,,,,,100,2026-02-01 01:39:20.661499,ELEC-day6,0.0,0.0,0.0,,
,,,,,,100,2026-02-01 01:39:20.661499,ELEC-F,0.0,0.0,0.0,,
4.0,1.0,43.0,,FACTORY TENDER REPORT,There is increased speculation of small sized factory tenders to BUY electricity from the local market.,101,2026-02-01 01:39:21.690894,NG,2.15,2.13,2.17,800000.0,800000.0
3.0,1.0,1.0,,You are logged in as a TRADER,,101,2026-02-01 01:39:21.690894,ELEC-day2,0.0,0.0,0.0,,
2.0,1.0,1.0,,FINES,"The fine for open positions of ELEC-dayX at the end of the day is $20,000/contract.",101,2026-02-01 01:39:21.690894,ELEC-day3,0.0,0.0,0.0,,
1.0,1.0,1.0,,Welcome to the RITC2026 GBE Energy Electricity Trading Case - practice server,,101,2026-02-01 01:39:21.690894,ELEC-day4,0.0,0.0,0.0,,
,,,,,,101,2026-02-01 01:39:21.690894,ELEC-day5,0.0,0.0,0.0,,
,,,,,,101,2026-02-01 01:39:21.690894,ELEC-day6,0.0,0.0,0.0,,
,,,,,,101,2026-02-01 01:39:21.690894,ELEC-F,0.0,0.0,0.0,,
4.0,1.0,43.0,,FACTORY TENDER REPORT,There is increased speculation of small sized factory tenders to BUY electricity from the local market.,102,2026-02-01 01:39:22.726441,NG,2.15,2.13,2.17,800000.0,800000.0
3.0,1.0,1.0,,You are logged in as a TRADER,,102,2026-02-01 01:39:22.726441,ELEC-day2,0.0,0.0,0.0,,
2.0,1.0,1.0,,FINES,"The fine for open positions of ELEC-dayX at the end of the day is $20,000/contract.",102,2026-02-01 01:39:22.726441,ELEC-day3,0.0,0.0,0.0,,
1.0,1.0,1.0,,Welcome to the RITC2026 GBE Energy Electricity Trading Case - practice server,,102,2026-02-01 01:39:22.726441,ELEC-day4,0.0,0.0,0.0,,
,,,,,,102,2026-02-01 01:39:22.726441,ELEC-day5,0.0,0.0,0.0,,
,,,,,,102,2026-02-01 01:39:22.726441,ELEC-day6,0.0,0.0,0.0,,
,,,,,,102,2026-02-01 01:39:22.726441,ELEC-F,0.0,0.0,0.0,,
4.0,1.0,43.0,,FACTORY TENDER REPORT,There is increased speculation of small sized factory tenders to BUY electricity from the local market.,103,2026-02-01 01:39:23.758391,NG,2.15,2.13,2.17,800000.0,800000.0
3.0,1.0,1.0,,You are logged in as a TRADER,,103,2026-02-01 01:39:23.758391,ELEC-day2,0.0,0.0,0.0,,
2.0,1.0,1.0,,FINES,"The fine for open positions of ELEC-dayX at the end of the day is $20,000/contract.",103,2026-02-01 01:39:23.758391,ELEC-day3,0.0,0.0,0.0,,
1.0,1.0,1.0,,Welcome to the RITC2026 GBE Energy Electricity Trading Case - practice server,,103,2026-02-01 01:39:23.758391,ELEC-day4,0.0,0.0,0.0,,
,,,,,,103,2026-02-01 01:39:23.758391,ELEC-day5,0.0,0.0,0.0,,
,,,,,,103,2026-02-01 01:39:23.758391,ELEC-day6,0.0,0.0,0.0,,
,,,,,,103,2026-02-01 01:39:23.758391,ELEC-F,0.0,0.0,0.0,,
4.0,1.0,43.0,,FACTORY TENDER REPORT,There is increased speculation of small sized factory tenders to BUY electricity from the local market.,104,2026-02-01 01:39:24.794189,NG,2.16,2.14,2.18,800000.0,800000.0
3.0,1.0,1.0,,You are logged in as a TRADER,,104,2026-02-01 01:39:24.794189,ELEC-day2,0.0,0.0,0.0,,
2.0,1.0,1.0,,FINES,"The fine for open positions of ELEC-dayX at the end of the day is $20,000/contract.",104,2026-02-01 01:39:24.794189,ELEC-day3,0.0,0.0,0.0,,
1.0,1.0,1.0,,Welcome to the RITC2026 GBE Energy Electricity Trading Case - practice server,,104,2026-02-01 01:39:24.794189,ELEC-day4,0.0,0.0,0.0,,
,,,,,,104,2026-02-01 01:39:24.794189,ELEC-day5,0.0,0.0,0.0,,
,,,,,,104,2026-02-01 01:39:24.794189,ELEC-day6,0.0,0.0,0.0,,
,,,,,,104,2026-02-01 01:39:24.794189,ELEC-F,0.0,0.0,0.0,,
4.0,1.0,43.0,,FACTORY TENDER REPORT,There is increased speculation of small sized factory tenders to BUY electricity from the local market.,105,2026-02-01 01:39:25.824528,NG,2.16,2.14,2.18,800000.0,800000.0
3.0,1.0,1.0,,You are logged in as a TRADER,,105,2026-02-01 01:39:25.824528,ELEC-day2,0.0,0.0,0.0,,
2.0,1.0,1.0,,FINES,"The fine for open positions of ELEC-dayX at the end of the day is $20,000/contract.",105,2026-02-01 01:39:25.824528,ELEC-day3,0.0,0.0,0.0,,
1.0,1.0,1.0,,Welcome to the RITC2026 GBE Energy Electricity Trading Case - practice server,,105,2026-02-01 01:39:25.824528,ELEC-day4,0.0,0.0,0.0,,
,,,,,,105,2026-02-01 01:39:25.824528,ELEC-day5,0.0,0.0,0.0,,
,,,,,,105,2026-02-01 01:39:25.824528,ELEC-day6,0.0,0.0,0.0,,
,,,,,,105,2026-02-01 01:39:25.824528,ELEC-F,0.0,0.0,0.0,,
4.0,1.0,43.0,,FACTORY TENDER REPORT,There is increased speculation of small sized factory tenders to BUY electricity from the local market.,106,2026-02-01 01:39:26.860888,NG,2.16,2.14,2.18,800000.0,800000.0
3.0,1.0,1.0,,You are logged in as a TRADER,,106,2026-02-01 01:39:26.860888,ELEC-day2,0.0,0.0,0.0,,
2.0,1.0,1.0,,FINES,"The fine for open positions of ELEC-dayX at the end of the day is $20,000/contract.",106,2026-02-01 01:39:26.860888,ELEC-day3,0.0,0.0,0.0,,
1.0,1.0,1.0,,Welcome to the RITC2026 GBE Energy Electricity Trading Case - practice server,,106,2026-02-01 01:39:26.860888,ELEC-day4,0.0,0.0,0.0,,
,,,,,,106,2026-02-01 01:39:26.860888,ELEC-day5,0.0,0.0,0.0,,
,,,,,,106,2026-02-01 01:39:26.860888,ELEC-day6,0.0,0.0,0.0,,
,,,,,,106,2026-02-01 01:39:26.860888,ELEC-F,0.0,0.0,0.0,,
4.0,1.0,43.0,,FACTORY TENDER REPORT,There is increased speculation of small sized factory tenders to BUY electricity from the local market.,107,2026-02-01 01:39:27.893922,NG,2.15,2.13,2.17,800000.0,800000.0
3.0,1.0,1.0,,You are logged in as a TRADER,,107,2026-02-01 01:39:27.893922,ELEC-day2,0.0,0.0,0.0,,
2.0,1.0,1.0,,FINES,"The fine for open positions of ELEC-dayX at the end of the day is $20,000/contract.",107,2026-02-01 01:39:27.893922,ELEC-day3,0.0,0.0,0.0,,
1.0,1.0,1.0,,Welcome to the RITC2026 GBE Energy Electricity Trading Case - practice server,,107,2026-02-01 01:39:27.893922,ELEC-day4,0.0,0.0,0.0,,
,,,,,,107,2026-02-01 01:39:27.893922,ELEC-day5,0.0,0.0,0.0,,
,,,,,,107,2026-02-01 01:39:27.893922,ELEC-day6,0.0,0.0,0.0,,
,,,,,,107,2026-02-01 01:39:27.893922,ELEC-F,0.0,0.0,0.0,,
4.0,1.0,43.0,,FACTORY TENDER REPORT,There is increased speculation of small sized factory tenders to BUY electricity from the local market.,108,2026-02-01 01:39:28.929484,NG,2.16,2.14,2.18,800000.0,800000.0
3.0,1.0,1.0,,You are logged in as a TRADER,,108,2026-02-01 01:39:28.929484,ELEC-day2,0.0,0.0,0.0,,
2.0,1.0,1.0,,FINES,"The fine for open positions of ELEC-dayX at the end of the day is $20,000/contract.",108,2026-02-01 01:39:28.929484,ELEC-day3,0.0,0.0,0.0,,
1.0,1.0,1.0,,Welcome to the RITC2026 GBE Energy Electricity Trading Case - practice server,,108,2026-02-01 01:39:28.929484,ELEC-day4,0.0,0.0,0.0,,
,,,,,,108,2026-02-01 01:39:28.929484,ELEC-day5,0.0,0.0,0.0,,
,,,,,,108,2026-02-01 01:39:28.929484,ELEC-day6,0.0,0.0,0.0,,
,,,,,,108,2026-02-01 01:39:28.929484,ELEC-F,0.0,0.0,0.0,,
4.0,1.0,43.0,,FACTORY TENDER REPORT,There is increased speculation of small sized factory tenders to BUY electricity from the local market.,109,2026-02-01 01:39:29.958055,NG,2.16,2.14,2.18,800000.0,800000.0
3.0,1.0,1.0,,You are logged in as a TRADER,,109,2026-02-01 01:39:29.958055,ELEC-day2,0.0,0.0,0.0,,
2.0,1.0,1.0,,FINES,"The fine for open positions of ELEC-dayX at the end of the day is $20,000/contract.",109,2026-02-01 01:39:29.958055,ELEC-day3,0.0,0.0,0.0,,
1.0,1.0,1.0,,Welcome to the RITC2026 GBE Energy Electricity Trading Case - practice server,,109,2026-02-01 01:39:29.958055,ELEC-day4,0.0,0.0,0.0,,
,,,,,,109,2026-02-01 01:39:29.958055,ELEC-day5,0.0,0.0,0.0,,
,,,,,,109,2026-02-01 01:39:29.958055,ELEC-day6,0.0,0.0,0.0,,
,,,,,,109,2026-02-01 01:39:29.958055,ELEC-F,0.0,0.0,0.0,,
4.0,1.0,43.0,,FACTORY TENDER REPORT,There is increased speculation of small sized factory tenders to BUY electricity from the local market.,110,2026-02-01 01:39:30.993688,NG,2.17,2.15,2.19,800000.0,800000.0
3.0,1.0,1.0,,You are logged in as a TRADER,,110,2026-02-01 01:39:30.993688,ELEC-day2,0.0,0.0,0.0,,
2.0,1.0,1.0,,FINES,"The fine for open positions of ELEC-dayX at the end of the day is $20,000/contract.",110,2026-02-01 01:39:30.993688,ELEC-day3,0.0,0.0,0.0,,
1.0,1.0,1.0,,Welcome to the RITC2026 GBE Energy Electricity Trading Case - practice server,,110,2026-02-01 01:39:30.993688,ELEC-day4,0.0,0.0,0.0,,
,,,,,,110,2026-02-01 01:39:30.993688,ELEC-day5,0.0,0.0,0.0,,
,,,,,,110,2026-02-01 01:39:30.993688,ELEC-day6,0.0,0.0,0.0,,
,,,,,,110,2026-02-01 01:39:30.993688,ELEC-F,0.0,0.0,0.0,,
4.0,1.0,43.0,,FACTORY TENDER REPORT,There is increased speculation of small sized factory tenders to BUY electricity from the local market.,111,2026-02-01 01:39:32.028959,NG,2.16,2.14,2.18,800000.0,800000.0
3.0,1.0,1.0,,You are logged in as a TRADER,,111,2026-02-01 01:39:32.028959,ELEC-day2,0.0,0.0,0.0,,
2.0,1.0,1.0,,FINES,"The fine for open positions of ELEC-dayX at the end of the day is $20,000/contract.",111,2026-02-01 01:39:32.028959,ELEC-day3,0.0,0.0,0.0,,
1.0,1.0,1.0,,Welcome to the RITC2026 GBE Energy Electricity Trading Case - practice server,,111,2026-02-01 01:39:32.028959,ELEC-day4,0.0,0.0,0.0,,
,,,,,,111,2026-02-01 01:39:32.028959,ELEC-day5,0.0,0.0,0.0,,
,,,,,,111,2026-02-01 01:39:32.028959,ELEC-day6,0.0,0.0,0.0,,
,,,,,,111,2026-02-01 01:39:32.028959,ELEC-F,0.0,0.0,0.0,,
4.0,1.0,43.0,,FACTORY TENDER REPORT,There is increased speculation of small sized factory tenders to BUY electricity from the local market.,112,2026-02-01 01:39:33.063849,NG,2.16,2.14,2.18,800000.0,800000.0
3.0,1.0,1.0,,You are logged in as a TRADER,,112,2026-02-01 01:39:33.063849,ELEC-day2,0.0,0.0,0.0,,
2.0,1.0,1.0,,FINES,"The fine for open positions of ELEC-dayX at the end of the day is $20,000/contract.",112,2026-02-01 01:39:33.063849,ELEC-day3,0.0,0.0,0.0,,
1.0,1.0,1.0,,Welcome to the RITC2026 GBE Energy Electricity Trading Case - practice server,,112,2026-02-01 01:39:33.063849,ELEC-day4,0.0,0.0,0.0,,
,,,,,,112,2026-02-01 01:39:33.063849,ELEC-day5,0.0,0.0,0.0,,
,,,,,,112,2026-02-01 01:39:33.063849,ELEC-day6,0.0,0.0,0.0,,
,,,,,,112,2026-02-01 01:39:33.063849,ELEC-F,0.0,0.0,0.0,,
4.0,1.0,43.0,,FACTORY TENDER REPORT,There is increased speculation of small sized factory tenders to BUY electricity from the local market.,113,2026-02-01 01:39:34.094118,NG,2.17,2.15,2.19,800000.0,800000.0
3.0,1.0,1.0,,You are logged in as a TRADER,,113,2026-02-01 01:39:34.094118,ELEC-day2,0.0,0.0,0.0,,
2.0,1.0,1.0,,FINES,"The fine for open positions of ELEC-dayX at the end of the day is $20,000/contract.",113,2026-02-01 01:39:34.094118,ELEC-day3,0.0,0.0,0.0,,
1.0,1.0,1.0,,Welcome to the RITC2026 GBE Energy Electricity Trading Case - practice server,,113,2026-02-01 01:39:34.094118,ELEC-day4,0.0,0.0,0.0,,
,,,,,,113,2026-02-01 01:39:34.094118,ELEC-day5,0.0,0.0,0.0,,
,,,,,,113,2026-02-01 01:39:34.094118,ELEC-day6,0.0,0.0,0.0,,
,,,,,,113,2026-02-01 01:39:34.094118,ELEC-F,0.0,0.0,0.0,,
4.0,1.0,43.0,,FACTORY TENDER REPORT,There is increased speculation of small sized factory tenders to BUY electricity from the local market.,114,2026-02-01 01:39:35.128899,NG,2.17,2.15,2.19,800000.0,800000.0
3.0,1.0,1.0,,You are logged in as a TRADER,,114,2026-02-01 01:39:35.128899,ELEC-day2,0.0,0.0,0.0,,
2.0,1.0,1.0,,FINES,"The fine for open positions of ELEC-dayX at the end of the day is $20,000/contract.",114,2026-02-01 01:39:35.128899,ELEC-day3,0.0,0.0,0.0,,
1.0,1.0,1.0,,Welcome to the RITC2026 GBE Energy Electricity Trading Case - practice server,,114,2026-02-01 01:39:35.128899,ELEC-day4,0.0,0.0,0.0,,
,,,,,,114,2026-02-01 01:39:35.128899,ELEC-day5,0.0,0.0,0.0,,
,,,,,,114,2026-02-01 01:39:35.128899,ELEC-day6,0.0,0.0,0.0,,
,,,,,,114,2026-02-01 01:39:35.128899,ELEC-F,0.0,0.0,0.0,,
4.0,1.0,43.0,,FACTORY TENDER REPORT,There is increased speculation of small sized factory tenders to BUY electricity from the local market.,115,2026-02-01 01:39:36.157968,NG,2.16,2.14,2.18,800000.0,800000.0
3.0,1.0,1.0,,You are logged in as a TRADER,,115,2026-02-01 01:39:36.157968,ELEC-day2,0.0,0.0,0.0,,
2.0,1.0,1.0,,FINES,"The fine for open positions of ELEC-dayX at the end of the day is $20,000/contract.",115,2026-02-01 01:39:36.157968,ELEC-day3,0.0,0.0,0.0,,
1.0,1.0,1.0,,Welcome to the RITC2026 GBE Energy Electricity Trading Case - practice server,,115,2026-02-01 01:39:36.157968,ELEC-day4,0.0,0.0,0.0,,
,,,,,,115,2026-02-01 01:39:36.157968,ELEC-day5,0.0,0.0,0.0,,
,,,,,,115,2026-02-01 01:39:36.157968,ELEC-day6,0.0,0.0,0.0,,
,,,,,,115,2026-02-01 01:39:36.157968,ELEC-F,0.0,0.0,0.0,,
4.0,1.0,43.0,,FACTORY TENDER REPORT,There is increased speculation of small sized factory tenders to BUY electricity from the local market.,116,2026-02-01 01:39:37.174790,NG,2.16,2.14,2.18,800000.0,800000.0
3.0,1.0,1.0,,You are logged in as a TRADER,,116,2026-02-01 01:39:37.174790,ELEC-day2,0.0,0.0,0.0,,
2.0,1.0,1.0,,FINES,"The fine for open positions of ELEC-dayX at the end of the day is $20,000/contract.",116,2026-02-01 01:39:37.174790,ELEC-day3,0.0,0.0,0.0,,
1.0,1.0,1.0,,Welcome to the RITC2026 GBE Energy Electricity Trading Case - practice server,,116,2026-02-01 01:39:37.174790,ELEC-day4,0.0,0.0,0.0,,
,,,,,,116,2026-02-01 01:39:37.174790,ELEC-day5,0.0,0.0,0.0,,
,,,,,,116,2026-02-01 01:39:37.174790,ELEC-day6,0.0,0.0,0.0,,
,,,,,,116,2026-02-01 01:39:37.174790,ELEC-F,0.0,0.0,0.0,,
4.0,1.0,43.0,,FACTORY TENDER REPORT,There is increased speculation of small sized factory tenders to BUY electricity from the local market.,117,2026-02-01 01:39:38.209079,NG,2.17,2.15,2.19,800000.0,800000.0
3.0,1.0,1.0,,You are logged in as a TRADER,,117,2026-02-01 01:39:38.209079,ELEC-day2,0.0,0.0,0.0,,
2.0,1.0,1.0,,FINES,"The fine for open positions of ELEC-dayX at the end of the day is $20,000/contract.",117,2026-02-01 01:39:38.209079,ELEC-day3,0.0,0.0,0.0,,
1.0,1.0,1.0,,Welcome to the RITC2026 GBE Energy Electricity Trading Case - practice server,,117,2026-02-01 01:39:38.209079,ELEC-day4,0.0,0.0,0.0,,
,,,,,,117,2026-02-01 01:39:38.209079,ELEC-day5,0.0,0.0,0.0,,
,,,,,,117,2026-02-01 01:39:38.209079,ELEC-day6,0.0,0.0,0.0,,
,,,,,,117,2026-02-01 01:39:38.209079,ELEC-F,0.0,0.0,0.0,,
4.0,1.0,43.0,,FACTORY TENDER REPORT,There is increased speculation of small sized factory tenders to BUY electricity from the local market.,118,2026-02-01 01:39:39.232847,NG,2.16,2.14,2.18,800000.0,800000.0
3.0,1.0,1.0,,You are logged in as a TRADER,,118,2026-02-01 01:39:39.232847,ELEC-day2,0.0,0.0,0.0,,
2.0,1.0,1.0,,FINES,"The fine for open positions of ELEC-dayX at the end of the day is $20,000/contract.",118,2026-02-01 01:39:39.232847,ELEC-day3,0.0,0.0,0.0,,
1.0,1.0,1.0,,Welcome to the RITC2026 GBE Energy Electricity Trading Case - practice server,,118,2026-02-01 01:39:39.232847,ELEC-day4,0.0,0.0,0.0,,
,,,,,,118,2026-02-01 01:39:39.232847,ELEC-day5,0.0,0.0,0.0,,
,,,,,,118,2026-02-01 01:39:39.232847,ELEC-day6,0.0,0.0,0.0,,
,,,,,,118,2026-02-01 01:39:39.232847,ELEC-F,0.0,0.0,0.0,,
4.0,1.0,43.0,,FACTORY TENDER REPORT,There is increased speculation of small sized factory tenders to BUY electricity from the local market.,119,2026-02-01 01:39:40.283877,NG,2.15,2.13,2.17,800000.0,800000.0
3.0,1.0,1.0,,You are logged in as a TRADER,,119,2026-02-01 01:39:40.283877,ELEC-day2,0.0,0.0,0.0,,
2.0,1.0,1.0,,FINES,"The fine for open positions of ELEC-dayX at the end of the day is $20,000/contract.",119,2026-02-01 01:39:40.283877,ELEC-day3,0.0,0.0,0.0,,
1.0,1.0,1.0,,Welcome to the RITC2026 GBE Energy Electricity Trading Case - practice server,,119,2026-02-01 01:39:40.283877,ELEC-day4,0.0,0.0,0.0,,
,,,,,,119,2026-02-01 01:39:40.283877,ELEC-day5,0.0,0.0,0.0,,
,,,,,,119,2026-02-01 01:39:40.283877,ELEC-day6,0.0,0.0,0.0,,
,,,,,,119,2026-02-01 01:39:40.283877,ELEC-F,0.0,0.0,0.0,,
4.0,1.0,43.0,,FACTORY TENDER REPORT,There is increased speculation of small sized factory tenders to BUY electricity from the local market.,121,2026-02-01 01:39:41.455738,NG,2.15,2.13,2.17,800000.0,800000.0
3.0,1.0,1.0,,You are logged in as a TRADER,,121,2026-02-01 01:39:41.455738,ELEC-day2,0.0,0.0,0.0,,
2.0,1.0,1.0,,FINES,"The fine for open positions of ELEC-dayX at the end of the day is $20,000/contract.",121,2026-02-01 01:39:41.455738,ELEC-day3,0.0,0.0,0.0,,
1.0,1.0,1.0,,Welcome to the RITC2026 GBE Energy Electricity Trading Case - practice server,,121,2026-02-01 01:39:41.455738,ELEC-day4,0.0,0.0,0.0,,
,,,,,,121,2026-02-01 01:39:41.455738,ELEC-day5,0.0,0.0,0.0,,
,,,,,,121,2026-02-01 01:39:41.455738,ELEC-day6,0.0,0.0,0.0,,
,,,,,,121,2026-02-01 01:39:41.455738,ELEC-F,0.0,0.0,0.0,,
4.0,1.0,43.0,,FACTORY TENDER REPORT,There is increased speculation of small sized factory tenders to BUY electricity from the local market.,122,2026-02-01 01:39:42.494011,NG,2.16,2.14,2.18,800000.0,800000.0
3.0,1.0,1.0,,You are logged in as a TRADER,,122,2026-02-01 01:39:42.494011,ELEC-day2,0.0,0.0,0.0,,
2.0,1.0,1.0,,FINES,"The fine for open positions of ELEC-dayX at the end of the day is $20,000/contract.",122,2026-02-01 01:39:42.494011,ELEC-day3,0.0,0.0,0.0,,
1.0,1.0,1.0,,Welcome to the RITC2026 GBE Energy Electricity Trading Case - practice server,,122,2026-02-01 01:39:42.494011,ELEC-day4,0.0,0.0,0.0,,
,,,,,,122,2026-02-01 01:39:42.494011,ELEC-day5,0.0,0.0,0.0,,
,,,,,,122,2026-02-01 01:39:42.494011,ELEC-day6,0.0,0.0,0.0,,
,,,,,,122,2026-02-01 01:39:42.494011,ELEC-F,0.0,0.0,0.0,,
4.0,1.0,43.0,,FACTORY TENDER REPORT,There is increased speculation of small sized factory tenders to BUY electricity from the local market.,123,2026-02-01 01:39:43.527345,NG,2.15,2.13,2.17,800000.0,800000.0
3.0,1.0,1.0,,You are logged in as a TRADER,,123,2026-02-01 01:39:43.527345,ELEC-day2,0.0,0.0,0.0,,
2.0,1.0,1.0,,FINES,"The fine for open positions of ELEC-dayX at the end of the day is $20,000/contract.",123,2026-02-01 01:39:43.527345,ELEC-day3,0.0,0.0,0.0,,
1.0,1.0,1.0,,Welcome to the RITC2026 GBE Energy Electricity Trading Case - practice server,,123,2026-02-01 01:39:43.527345,ELEC-day4,0.0,0.0,0.0,,
,,,,,,123,2026-02-01 01:39:43.527345,ELEC-day5,0.0,0.0,0.0,,
,,,,,,123,2026-02-01 01:39:43.527345,ELEC-day6,0.0,0.0,0.0,,
,,,,,,123,2026-02-01 01:39:43.527345,ELEC-F,0.0,0.0,0.0,,
4.0,1.0,43.0,,FACTORY TENDER REPORT,There is increased speculation of small sized factory tenders to BUY electricity from the local market.,124,2026-02-01 01:39:44.561079,NG,2.14,2.12,2.16,800000.0,800000.0
3.0,1.0,1.0,,You are logged in as a TRADER,,124,2026-02-01 01:39:44.561079,ELEC-day2,0.0,0.0,0.0,,
2.0,1.0,1.0,,FINES,"The fine for open positions of ELEC-dayX at the end of the day is $20,000/contract.",124,2026-02-01 01:39:44.561079,ELEC-day3,0.0,0.0,0.0,,
1.0,1.0,1.0,,Welcome to the RITC2026 GBE Energy Electricity Trading Case - practice server,,124,2026-02-01 01:39:44.561079,ELEC-day4,0.0,0.0,0.0,,
,,,,,,124,2026-02-01 01:39:44.561079,ELEC-day5,0.0,0.0,0.0,,
,,,,,,124,2026-02-01 01:39:44.561079,ELEC-day6,0.0,0.0,0.0,,
,,,,,,124,2026-02-01 01:39:44.561079,ELEC-F,0.0,0.0,0.0,,
4.0,1.0,43.0,,FACTORY TENDER REPORT,There is increased speculation of small sized factory tenders to BUY electricity from the local market.,125,2026-02-01 01:39:45.594023,NG,2.14,2.12,2.16,800000.0,800000.0
3.0,1.0,1.0,,You are logged in as a TRADER,,125,2026-02-01 01:39:45.594023,ELEC-day2,0.0,0.0,0.0,,
2.0,1.0,1.0,,FINES,"The fine for open positions of ELEC-dayX at the end of the day is $20,000/contract.",125,2026-02-01 01:39:45.594023,ELEC-day3,0.0,0.0,0.0,,
1.0,1.0,1.0,,Welcome to the RITC2026 GBE Energy Electricity Trading Case - practice server,,125,2026-02-01 01:39:45.594023,ELEC-day4,0.0,0.0,0.0,,
,,,,,,125,2026-02-01 01:39:45.594023,ELEC-day5,0.0,0.0,0.0,,
,,,,,,125,2026-02-01 01:39:45.594023,ELEC-day6,0.0,0.0,0.0,,
,,,,,,125,2026-02-01 01:39:45.594023,ELEC-F,0.0,0.0,0.0,,
4.0,1.0,43.0,,FACTORY TENDER REPORT,There is increased speculation of small sized factory tenders to BUY electricity from the local market.,126,2026-02-01 01:39:46.625888,NG,2.14,2.12,2.16,800000.0,800000.0
3.0,1.0,1.0,,You are logged in as a TRADER,,126,2026-02-01 01:39:46.625888,ELEC-day2,0.0,0.0,0.0,,
2.0,1.0,1.0,,FINES,"The fine for open positions of ELEC-dayX at the end of the day is $20,000/contract.",126,2026-02-01 01:39:46.625888,ELEC-day3,0.0,0.0,0.0,,
1.0,1.0,1.0,,Welcome to the RITC2026 GBE Energy Electricity Trading Case - practice server,,126,2026-02-01 01:39:46.625888,ELEC-day4,0.0,0.0,0.0,,
,,,,,,126,2026-02-01 01:39:46.625888,ELEC-day5,0.0,0.0,0.0,,
,,,,,,126,2026-02-01 01:39:46.625888,ELEC-day6,0.0,0.0,0.0,,
,,,,,,126,2026-02-01 01:39:46.625888,ELEC-F,0.0,0.0,0.0,,
4.0,1.0,43.0,,FACTORY TENDER REPORT,There is increased speculation of small sized factory tenders to BUY electricity from the local market.,127,2026-02-01 01:39:47.657959,NG,2.14,2.12,2.16,800000.0,800000.0
3.0,1.0,1.0,,You are logged in as a TRADER,,127,2026-02-01 01:39:47.657959,ELEC-day2,0.0,0.0,0.0,,
2.0,1.0,1.0,,FINES,"The fine for open positions of ELEC-dayX at the end of the day is $20,000/contract.",127,2026-02-01 01:39:47.657959,ELEC-day3,0.0,0.0,0.0,,
1.0,1.0,1.0,,Welcome to the RITC2026 GBE Energy Electricity Trading Case - practice server,,127,2026-02-01 01:39:47.657959,ELEC-day4,0.0,0.0,0.0,,
,,,,,,127,2026-02-01 01:39:47.657959,ELEC-day5,0.0,0.0,0.0,,
,,,,,,127,2026-02-01 01:39:47.657959,ELEC-day6,0.0,0.0,0.0,,
,,,,,,127,2026-02-01 01:39:47.657959,ELEC-F,0.0,0.0,0.0,,
4.0,1.0,43.0,,FACTORY TENDER REPORT,There is increased speculation of small sized factory tenders to BUY electricity from the local market.,128,2026-02-01 01:39:48.693951,NG,2.14,2.12,2.16,800000.0,800000.0
3.0,1.0,1.0,,You are logged in as a TRADER,,128,2026-02-01 01:39:48.693951,ELEC-day2,0.0,0.0,0.0,,
2.0,1.0,1.0,,FINES,"The fine for open positions of ELEC-dayX at the end of the day is $20,000/contract.",128,2026-02-01 01:39:48.693951,ELEC-day3,0.0,0.0,0.0,,
1.0,1.0,1.0,,Welcome to the RITC2026 GBE Energy Electricity Trading Case - practice server,,128,2026-02-01 01:39:48.693951,ELEC-day4,0.0,0.0,0.0,,
,,,,,,128,2026-02-01 01:39:48.693951,ELEC-day5,0.0,0.0,0.0,,
,,,,,,128,2026-02-01 01:39:48.693951,ELEC-day6,0.0,0.0,0.0,,
,,,,,,128,2026-02-01 01:39:48.693951,ELEC-F,0.0,0.0,0.0,,
4.0,1.0,43.0,,FACTORY TENDER REPORT,There is increased speculation of small sized factory tenders to BUY electricity from the local market.,129,2026-02-01 01:39:49.733963,NG,2.14,2.12,2.16,800000.0,800000.0
3.0,1.0,1.0,,You are logged in as a TRADER,,129,2026-02-01 01:39:49.733963,ELEC-day2,0.0,0.0,0.0,,
2.0,1.0,1.0,,FINES,"The fine for open positions of ELEC-dayX at the end of the day is $20,000/contract.",129,2026-02-01 01:39:49.733963,ELEC-day3,0.0,0.0,0.0,,
1.0,1.0,1.0,,Welcome to the RITC2026 GBE Energy Electricity Trading Case - practice server,,129,2026-02-01 01:39:49.733963,ELEC-day4,0.0,0.0,0.0,,
,,,,,,129,2026-02-01 01:39:49.733963,ELEC-day5,0.0,0.0,0.0,,
,,,,,,129,2026-02-01 01:39:49.733963,ELEC-day6,0.0,0.0,0.0,,
,,,,,,129,2026-02-01 01:39:49.733963,ELEC-F,0.0,0.0,0.0,,
4.0,1.0,43.0,,FACTORY TENDER REPORT,There is increased speculation of small sized factory tenders to BUY electricity from the local market.,130,2026-02-01 01:39:50.775251,NG,2.13,2.11,2.15,800000.0,800000.0
3.0,1.0,1.0,,You are logged in as a TRADER,,130,2026-02-01 01:39:50.775251,ELEC-day2,0.0,0.0,0.0,,
2.0,1.0,1.0,,FINES,"The fine for open positions of ELEC-dayX at the end of the day is $20,000/contract.",130,2026-02-01 01:39:50.775251,ELEC-day3,0.0,0.0,0.0,,
1.0,1.0,1.0,,Welcome to the RITC2026 GBE Energy Electricity Trading Case - practice server,,130,2026-02-01 01:39:50.775251,ELEC-day4,0.0,0.0,0.0,,
,,,,,,130,2026-02-01 01:39:50.775251,ELEC-day5,0.0,0.0,0.0,,
,,,,,,130,2026-02-01 01:39:50.775251,ELEC-day6,0.0,0.0,0.0,,
,,,,,,130,2026-02-01 01:39:50.775251,ELEC-F,0.0,0.0,0.0,,
4.0,1.0,43.0,,FACTORY TENDER REPORT,There is increased speculation of small sized factory tenders to BUY electricity from the local market.,131,2026-02-01 01:39:51.809317,NG,2.15,2.13,2.17,800000.0,800000.0
3.0,1.0,1.0,,You are logged in as a TRADER,,131,2026-02-01 01:39:51.809317,ELEC-day2,0.0,0.0,0.0,,
2.0,1.0,1.0,,FINES,"The fine for open positions of ELEC-dayX at the end of the day is $20,000/contract.",131,2026-02-01 01:39:51.809317,ELEC-day3,0.0,0.0,0.0,,
1.0,1.0,1.0,,Welcome to the RITC2026 GBE Energy Electricity Trading Case - practice server,,131,2026-02-01 01:39:51.809317,ELEC-day4,0.0,0.0,0.0,,
,,,,,,131,2026-02-01 01:39:51.809317,ELEC-day5,0.0,0.0,0.0,,
,,,,,,131,2026-02-01 01:39:51.809317,ELEC-day6,0.0,0.0,0.0,,
,,,,,,131,2026-02-01 01:39:51.809317,ELEC-F,0.0,0.0,0.0,,
4.0,1.0,43.0,,FACTORY TENDER REPORT,There is increased speculation of small sized factory tenders to BUY electricity from the local market.,132,2026-02-01 01:39:52.843976,NG,2.14,2.12,2.16,800000.0,800000.0
3.0,1.0,1.0,,You are logged in as a TRADER,,132,2026-02-01 01:39:52.843976,ELEC-day2,0.0,0.0,0.0,,
2.0,1.0,1.0,,FINES,"The fine for open positions of ELEC-dayX at the end of the day is $20,000/contract.",132,2026-02-01 01:39:52.843976,ELEC-day3,0.0,0.0,0.0,,
1.0,1.0,1.0,,Welcome to the RITC2026 GBE Energy Electricity Trading Case - practice server,,132,2026-02-01 01:39:52.843976,ELEC-day4,0.0,0.0,0.0,,
,,,,,,132,2026-02-01 01:39:52.843976,ELEC-day5,0.0,0.0,0.0,,
,,,,,,132,2026-02-01 01:39:52.843976,ELEC-day6,0.0,0.0,0.0,,
,,,,,,132,2026-02-01 01:39:52.843976,ELEC-F,0.0,0.0,0.0,,
4.0,1.0,43.0,,FACTORY TENDER REPORT,There is increased speculation of small sized factory tenders to BUY electricity from the local market.,133,2026-02-01 01:39:53.891745,NG,2.15,2.13,2.17,800000.0,800000.0
3.0,1.0,1.0,,You are logged in as a TRADER,,133,2026-02-01 01:39:53.891745,ELEC-day2,0.0,0.0,0.0,,
2.0,1.0,1.0,,FINES,"The fine for open positions of ELEC-dayX at the end of the day is $20,000/contract.",133,2026-02-01 01:39:53.891745,ELEC-day3,0.0,0.0,0.0,,
1.0,1.0,1.0,,Welcome to the RITC2026 GBE Energy Electricity Trading Case - practice server,,133,2026-02-01 01:39:53.891745,ELEC-day4,0.0,0.0,0.0,,
,,,,,,133,2026-02-01 01:39:53.891745,ELEC-day5,0.0,0.0,0.0,,
,,,,,,133,2026-02-01 01:39:53.891745,ELEC-day6,0.0,0.0,0.0,,
,,,,,,133,2026-02-01 01:39:53.891745,ELEC-F,0.0,0.0,0.0,,
4.0,1.0,43.0,,FACTORY TENDER REPORT,There is increased speculation of small sized factory tenders to BUY electricity from the local market.,134,2026-02-01 01:39:54.926296,NG,2.15,2.13,2.17,800000.0,800000.0
3.0,1.0,1.0,,You are logged in as a TRADER,,134,2026-02-01 01:39:54.926296,ELEC-day2,0.0,0.0,0.0,,
2.0,1.0,1.0,,FINES,"The fine for open positions of ELEC-dayX at the end of the day is $20,000/contract.",134,2026-02-01 01:39:54.926296,ELEC-day3,0.0,0.0,0.0,,
1.0,1.0,1.0,,Welcome to the RITC2026 GBE Energy Electricity Trading Case - practice server,,134,2026-02-01 01:39:54.926296,ELEC-day4,0.0,0.0,0.0,,
,,,,,,134,2026-02-01 01:39:54.926296,ELEC-day5,0.0,0.0,0.0,,
,,,,,,134,2026-02-01 01:39:54.926296,ELEC-day6,0.0,0.0,0.0,,
,,,,,,134,2026-02-01 01:39:54.926296,ELEC-F,0.0,0.0,0.0,,
4.0,1.0,43.0,,FACTORY TENDER REPORT,There is increased speculation of small sized factory tenders to BUY electricity from the local market.,135,2026-02-01 01:39:55.967202,NG,2.16,2.14,2.18,800000.0,800000.0
3.0,1.0,1.0,,You are logged in as a TRADER,,135,2026-02-01 01:39:55.967202,ELEC-day2,0.0,0.0,0.0,,
2.0,1.0,1.0,,FINES,"The fine for open positions of ELEC-dayX at the end of the day is $20,000/contract.",135,2026-02-01 01:39:55.967202,ELEC-day3,0.0,0.0,0.0,,
1.0,1.0,1.0,,Welcome to the RITC2026 GBE Energy Electricity Trading Case - practice server,,135,2026-02-01 01:39:55.967202,ELEC-day4,0.0,0.0,0.0,,
,,,,,,135,2026-02-01 01:39:55.967202,ELEC-day5,0.0,0.0,0.0,,
,,,,,,135,2026-02-01 01:39:55.967202,ELEC-day6,0.0,0.0,0.0,,
,,,,,,135,2026-02-01 01:39:55.967202,ELEC-F,0.0,0.0,0.0,,
4.0,1.0,43.0,,FACTORY TENDER REPORT,There is increased speculation of small sized factory tenders to BUY electricity from the local market.,136,2026-02-01 01:39:57.028477,NG,2.16,2.14,2.18,800000.0,800000.0
3.0,1.0,1.0,,You are logged in as a TRADER,,136,2026-02-01 01:39:57.028477,ELEC-day2,0.0,0.0,0.0,,
2.0,1.0,1.0,,FINES,"The fine for open positions of ELEC-dayX at the end of the day is $20,000/contract.",136,2026-02-01 01:39:57.028477,ELEC-day3,0.0,0.0,0.0,,
1.0,1.0,1.0,,Welcome to the RITC2026 GBE Energy Electricity Trading Case - practice server,,136,2026-02-01 01:39:57.028477,ELEC-day4,0.0,0.0,0.0,,
,,,,,,136,2026-02-01 01:39:57.028477,ELEC-day5,0.0,0.0,0.0,,
,,,,,,136,2026-02-01 01:39:57.028477,ELEC-day6,0.0,0.0,0.0,,
,,,,,,136,2026-02-01 01:39:57.028477,ELEC-F,0.0,0.0,0.0,,
4.0,1.0,43.0,,FACTORY TENDER REPORT,There is increased speculation of small sized factory tenders to BUY electricity from the local market.,137,2026-02-01 01:39:58.099378,NG,2.15,2.13,2.17,800000.0,800000.0
3.0,1.0,1.0,,You are logged in as a TRADER,,137,2026-02-01 01:39:58.099378,ELEC-day2,0.0,0.0,0.0,,
2.0,1.0,1.0,,FINES,"The fine for open positions of ELEC-dayX at the end of the day is $20,000/contract.",137,2026-02-01 01:39:58.099378,ELEC-day3,0.0,0.0,0.0,,
1.0,1.0,1.0,,Welcome to the RITC2026 GBE Energy Electricity Trading Case - practice server,,137,2026-02-01 01:39:58.099378,ELEC-day4,0.0,0.0,0.0,,
,,,,,,137,2026-02-01 01:39:58.099378,ELEC-day5,0.0,0.0,0.0,,
,,,,,,137,2026-02-01 01:39:58.099378,ELEC-day6,0.0,0.0,0.0,,
,,,,,,137,2026-02-01 01:39:58.099378,ELEC-F,0.0,0.0,0.0,,
4.0,1.0,43.0,,FACTORY TENDER REPORT,There is increased speculation of small sized factory tenders to BUY electricity from the local market.,138,2026-02-01 01:39:59.156481,NG,2.16,2.14,2.18,800000.0,800000.0
3.0,1.0,1.0,,You are logged in as a TRADER,,138,2026-02-01 01:39:59.156481,ELEC-day2,0.0,0.0,0.0,,
2.0,1.0,1.0,,FINES,"The fine for open positions of ELEC-dayX at the end of the day is $20,000/contract.",138,2026-02-01 01:39:59.156481,ELEC-day3,0.0,0.0,0.0,,
1.0,1.0,1.0,,Welcome to the RITC2026 GBE Energy Electricity Trading Case - practice server,,138,2026-02-01 01:39:59.156481,ELEC-day4,0.0,0.0,0.0,,
,,,,,,138,2026-02-01 01:39:59.156481,ELEC-day5,0.0,0.0,0.0,,
,,,,,,138,2026-02-01 01:39:59.156481,ELEC-day6,0.0,0.0,0.0,,
,,,,,,138,2026-02-01 01:39:59.156481,ELEC-F,0.0,0.0,0.0,,
4.0,1.0,43.0,,FACTORY TENDER REPORT,There is increased speculation of small sized factory tenders to BUY electricity from the local market.,139,2026-02-01 01:40:00.199296,NG,2.16,2.14,2.18,800000.0,800000.0
3.0,1.0,1.0,,You are logged in as a TRADER,,139,2026-02-01 01:40:00.199296,ELEC-day2,0.0,0.0,0.0,,
