news_id,period,tick,ticker,headline,body,tick,timestamp,ticker,last_price,bid_price,ask_price,BUY_ANON,SELL_ANON,SELL_GIOT-P,BUY_LUIS-T2,BUY_LUIS-T1,BUY_GIOT-P,SELL_LUIS-T1
3.0,1.0,1.0,,You are logged in as a TRADER,,1,2026-02-01 05:41:59.479536,NG,2.2,0.0,0.0,800000.0,800000.0,0,0,0,0,0
2.0,1.0,1.0,,FINES,"The fine for open positions of ELEC-dayX at the end of the day is $20,000/contract.",1,2026-02-01 05:41:59.479536,ELEC-day2,0.0,0.0,0.0,,,0,0,0,0,0
1.0,1.0,1.0,,Welcome to the RITC2026 GBE Energy Electricity Trading Case - practice server,,1,2026-02-01 05:41:59.479536,ELEC-day3,0.0,0.0,0.0,,,0,0,0,0,0
,,,,,,1,2026-02-01 05:41:59.479536,ELEC-day4,0.0,0.0,0.0,,,0,0,0,0,0
,,,,,,1,2026-02-01 05:41:59.479536,ELEC-day5,0.0,0.0,0.0,,,0,0,0,0,0
,,,,,,1,2026-02-01 05:41:59.479536,ELEC-day6,0.0,0.0,0.0,,,0,0,0,0,0
,,,,,,1,2026-02-01 05:41:59.479536,ELEC-F,0.0,0.0,0.0,,,0,0,0,0,0
3.0,1.0,1.0,,You are logged in as a TRADER,,2,2026-02-01 05:42:00.526049,NG,2.2,2.18,2.22,800000.0,800000.0,0,0,0,0,0
2.0,1.0,1.0,,FINES,"The fine for open positions of ELEC-dayX at the end of the day is $20,000/contract.",2,2026-02-01 05:42:00.526049,ELEC-day2,0.0,0.0,0.0,,,0,0,0,0,0
1.0,1.0,1.0,,Welcome to the RITC2026 GBE Energy Electricity Trading Case - practice server,,2,2026-02-01 05:42:00.526049,ELEC-day3,0.0,0.0,0.0,,,0,0,0,0,0
,,,,,,2,2026-02-01 05:42:00.526049,ELEC-day4,0.0,0.0,0.0,,,0,0,0,0,0
,,,,,,2,2026-02-01 05:42:00.526049,ELEC-day5,0.0,0.0,0.0,,,0,0,0,0,0
,,,,,,2,2026-02-01 05:42:00.526049,ELEC-day6,0.0,0.0,0.0,,,0,0,0,0,0
,,,,,,2,2026-02-01 05:42:00.526049,ELEC-F,0.0,0.0,0.0,,,0,0,0,0,0
3.0,1.0,1.0,,You are logged in as a TRADER,,3,2026-02-01 05:42:01.553336,NG,2.2,2.18,2.22,800000.0,800000.0,0,0,0,0,0
2.0,1.0,1.0,,FINES,"The fine for open positions of ELEC-dayX at the end of the day is $20,000/contract.",3,2026-02-01 05:42:01.553336,ELEC-day2,0.0,0.0,0.0,,,0,0,0,0,0
1.0,1.0,1.0,,Welcome to the RITC2026 GBE Energy Electricity Trading Case - practice server,,3,2026-02-01 05:42:01.553336,ELEC-day3,0.0,0.0,0.0,,,0,0,0,0,0
,,,,,,3,2026-02-01 05:42:01.553336,ELEC-day4,0.0,0.0,0.0,,,0,0,0,0,0
,,,,,,3,2026-02-01 05:42:01.553336,ELEC-day5,0.0,0.0,0.0,,,0,0,0,0,0
,,,,,,3,2026-02-01 05:42:01.553336,ELEC-day6,0.0,0.0,0.0,,,0,0,0,0,0
,,,,,,3,2026-02-01 05:42:01.553336,ELEC-F,0.0,0.0,0.0,,,0,0,0,0,0
3.0,1.0,1.0,,You are logged in as a TRADER,,4,2026-02-01 05:42:02.585092,NG,2.2,2.18,2.22,800000.0,800000.0,0,0,0,0,0
2.0,1.0,1.0,,FINES,"The fine for open positions of ELEC-dayX at the end of the day is $20,000/contract.",4,2026-02-01 05:42:02.585092,ELEC-day2,0.0,0.0,0.0,,,0,0,0,0,0
1.0,1.0,1.0,,Welcome to the RITC2026 GBE Energy Electricity Trading Case - practice server,,4,2026-02-01 05:42:02.585092,ELEC-day3,0.0,0.0,0.0,,,0,0,0,0,0
,,,,,,4,2026-02-01 05:42:02.585092,ELEC-day4,0.0,0.0,0.0,,,0,0,0,0,0
,,,,,,4,2026-02-01 05:42:02.585092,ELEC-day5,0.0,0.0,0.0,,,0,0,0,0,0
,,,,,,4,2026-02-01 05:42:02.585092,ELEC-day6,0.0,0.0,0.0,,,0,0,0,0,0
,,,,,,4,2026-02-01 05:42:02.585092,ELEC-F,0.0,0.0,0.0,,,0,0,0,0,0
3.0,1.0,1.0,,You are logged in as a TRADER,,5,2026-02-01 05:42:03.614993,NG,2.2,2.18,2.22,800000.0,800000.0,0,0,0,0,0
2.0,1.0,1.0,,FINES,"The fine for open positions of ELEC-dayX at the end of the day is $20,000/contract.",5,2026-02-01 05:42:03.614993,ELEC-day2,0.0,0.0,0.0,,,0,0,0,0,0
1.0,1.0,1.0,,Welcome to the RITC2026 GBE Energy Electricity Trading Case - practice server,,5,2026-02-01 05:42:03.614993,ELEC-day3,0.0,0.0,0.0,,,0,0,0,0,0
,,,,,,5,2026-02-01 05:42:03.614993,ELEC-day4,0.0,0.0,0.0,,,0,0,0,0,0
,,,,,,5,2026-02-01 05:42:03.614993,ELEC-day5,0.0,0.0,0.0,,,0,0,0,0,0
,,,,,,5,2026-02-01 05:42:03.614993,ELEC-day6,0.0,0.0,0.0,,,0,0,0,0,0
,,,,,,5,2026-02-01 05:42:03.614993,ELEC-F,0.0,0.0,0.0,,,0,0,0,0,0
3.0,1.0,1.0,,You are logged in as a TRADER,,6,2026-02-01 05:42:04.648555,NG,2.19,2.17,2.21,800000.0,800000.0,0,0,0,0,0
2.0,1.0,1.0,,FINES,"The fine for open positions of ELEC-dayX at the end of the day is $20,000/contract.",6,2026-02-01 05:42:04.648555,ELEC-day2,0.0,0.0,0.0,,,0,0,0,0,0
1.0,1.0,1.0,,Welcome to the RITC2026 GBE Energy Electricity Trading Case - practice server,,6,2026-02-01 05:42:04.648555,ELEC-day3,0.0,0.0,0.0,,,0,0,0,0,0
,,,,,,6,2026-02-01 05:42:04.648555,ELEC-day4,0.0,0.0,0.0,,,0,0,0,0,0
,,,,,,6,2026-02-01 05:42:04.648555,ELEC-day5,0.0,0.0,0.0,,,0,0,0,0,0
,,,,,,6,2026-02-01 05:42:04.648555,ELEC-day6,0.0,0.0,0.0,,,0,0,0,0,0
,,,,,,6,2026-02-01 05:42:04.648555,ELEC-F,0.0,0.0,0.0,,,0,0,0,0,0
3.0,1.0,1.0,,You are logged in as a TRADER,,7,2026-02-01 05:42:05.695630,NG,2.19,2.17,2.21,800000.0,800000.0,0,0,0,0,0
2.0,1.0,1.0,,FINES,"The fine for open positions of ELEC-dayX at the end of the day is $20,000/contract.",7,2026-02-01 05:42:05.695630,ELEC-day2,0.0,0.0,0.0,,,0,0,0,0,0
1.0,1.0,1.0,,Welcome to the RITC2026 GBE Energy Electricity Trading Case - practice server,,7,2026-02-01 05:42:05.695630,ELEC-day3,0.0,0.0,0.0,,,0,0,0,0,0
,,,,,,7,2026-02-01 05:42:05.695630,ELEC-day4,0.0,0.0,0.0,,,0,0,0,0,0
,,,,,,7,2026-02-01 05:42:05.695630,ELEC-day5,0.0,0.0,0.0,,,0,0,0,0,0
,,,,,,7,2026-02-01 05:42:05.695630,ELEC-day6,0.0,0.0,0.0,,,0,0,0,0,0
,,,,,,7,2026-02-01 05:42:05.695630,ELEC-F,0.0,0.0,0.0,,,0,0,0,0,0
3.0,1.0,1.0,,You are logged in as a TRADER,,8,2026-02-01 05:42:06.731071,NG,2.19,2.17,2.21,800000.0,800000.0,0,0,0,0,0
2.0,1.0,1.0,,FINES,"The fine for open positions of ELEC-dayX at the end of the day is $20,000/contract.",8,2026-02-01 05:42:06.731071,ELEC-day2,0.0,0.0,0.0,,,0,0,0,0,0
1.0,1.0,1.0,,Welcome to the RITC2026 GBE Energy Electricity Trading Case - practice server,,8,2026-02-01 05:42:06.731071,ELEC-day3,0.0,0.0,0.0,,,0,0,0,0,0
,,,,,,8,2026-02-01 05:42:06.731071,ELEC-day4,0.0,0.0,0.0,,,0,0,0,0,0
,,,,,,8,2026-02-01 05:42:06.731071,ELEC-day5,0.0,0.0,0.0,,,0,0,0,0,0
,,,,,,8,2026-02-01 05:42:06.731071,ELEC-day6,0.0,0.0,0.0,,,0,0,0,0,0
,,,,,,8,2026-02-01 05:42:06.731071,ELEC-F,0.0,0.0,0.0,,,0,0,0,0,0
3.0,1.0,1.0,,You are logged in as a TRADER,,9,2026-02-01 05:42:07.780071,NG,2.19,2.17,2.21,800000.0,800000.0,0,0,0,0,0
2.0,1.0,1.0,,FINES,"The fine for open positions of ELEC-dayX at the end of the day is $20,000/contract.",9,2026-02-01 05:42:07.780071,ELEC-day2,0.0,0.0,0.0,,,0,0,0,0,0
1.0,1.0,1.0,,Welcome to the RITC2026 GBE Energy Electricity Trading Case - practice server,,9,2026-02-01 05:42:07.780071,ELEC-day3,0.0,0.0,0.0,,,0,0,0,0,0
,,,,,,9,2026-02-01 05:42:07.780071,ELEC-day4,0.0,0.0,0.0,,,0,0,0,0,0
,,,,,,9,2026-02-01 05:42:07.780071,ELEC-day5,0.0,0.0,0.0,,,0,0,0,0,0
,,,,,,9,2026-02-01 05:42:07.780071,ELEC-day6,0.0,0.0,0.0,,,0,0,0,0,0
,,,,,,9,2026-02-01 05:42:07.780071,ELEC-F,0.0,0.0,0.0,,,0,0,0,0,0
3.0,1.0,1.0,,You are logged in as a TRADER,,10,2026-02-01 05:42:08.811817,NG,2.19,2.17,2.21,800000.0,800000.0,0,0,0,0,0
2.0,1.0,1.0,,FINES,"The fine for open positions of ELEC-dayX at the end of the day is $20,000/contract.",10,2026-02-01 05:42:08.811817,ELEC-day2,0.0,0.0,0.0,,,0,0,0,0,0
1.0,1.0,1.0,,Welcome to the RITC2026 GBE Energy Electricity Trading Case - practice server,,10,2026-02-01 05:42:08.811817,ELEC-day3,0.0,0.0,0.0,,,0,0,0,0,0
,,,,,,10,2026-02-01 05:42:08.811817,ELEC-day4,0.0,0.0,0.0,,,0,0,0,0,0
,,,,,,10,2026-02-01 05:42:08.811817,ELEC-day5,0.0,0.0,0.0,,,0,0,0,0,0
,,,,,,10,2026-02-01 05:42:08.811817,ELEC-day6,0.0,0.0,0.0,,,0,0,0,0,0
,,,,,,10,2026-02-01 05:42:08.811817,ELEC-F,0.0,0.0,0.0,,,0,0,0,0,0
3.0,1.0,1.0,,You are logged in as a TRADER,,11,2026-02-01 05:42:09.847553,NG,2.17,2.15,2.19,800000.0,800000.0,0,0,0,0,0
2.0,1.0,1.0,,FINES,"The fine for open positions of ELEC-dayX at the end of the day is $20,000/contract.",11,2026-02-01 05:42:09.847553,ELEC-day2,0.0,0.0,0.0,,,0,0,0,0,0
1.0,1.0,1.0,,Welcome to the RITC2026 GBE Energy Electricity Trading Case - practice server,,11,2026-02-01 05:42:09.847553,ELEC-day3,0.0,0.0,0.0,,,0,0,0,0,0
,,,,,,11,2026-02-01 05:42:09.847553,ELEC-day4,0.0,0.0,0.0,,,0,0,0,0,0
,,,,,,11,2026-02-01 05:42:09.847553,ELEC-day5,0.0,0.0,0.0,,,0,0,0,0,0
,,,,,,11,2026-02-01 05:42:09.847553,ELEC-day6,0.0,0.0,0.0,,,0,0,0,0,0
,,,,,,11,2026-02-01 05:42:09.847553,ELEC-F,0.0,0.0,0.0,,,0,0,0,0,0
3.0,1.0,1.0,,You are logged in as a TRADER,,12,2026-02-01 05:42:10.883714,NG,2.17,2.15,2.19,800000.0,800000.0,0,0,0,0,0
2.0,1.0,1.0,,FINES,"The fine for open positions of ELEC-dayX at the end of the day is $20,000/contract.",12,2026-02-01 05:42:10.883714,ELEC-day2,0.0,0.0,0.0,,,0,0,0,0,0
1.0,1.0,1.0,,Welcome to the RITC2026 GBE Energy Electricity Trading Case - practice server,,12,2026-02-01 05:42:10.883714,ELEC-day3,0.0,0.0,0.0,,,0,0,0,0,0
,,,,,,12,2026-02-01 05:42:10.883714,ELEC-day4,0.0,0.0,0.0,,,0,0,0,0,0
,,,,,,12,2026-02-01 05:42:10.883714,ELEC-day5,0.0,0.0,0.0,,,0,0,0,0,0
,,,,,,12,2026-02-01 05:42:10.883714,ELEC-day6,0.0,0.0,0.0,,,0,0,0,0,0
,,,,,,12,2026-02-01 05:42:10.883714,ELEC-F,0.0,0.0,0.0,,,0,0,0,0,0
3.0,1.0,1.0,,You are logged in as a TRADER,,13,2026-02-01 05:42:11.920220,NG,2.16,2.14,2.18,800000.0,800000.0,0,0,0,0,0
2.0,1.0,1.0,,FINES,"The fine for open positions of ELEC-dayX at the end of the day is $20,000/contract.",13,2026-02-01 05:42:11.920220,ELEC-day2,0.0,0.0,0.0,,,0,0,0,0,0
1.0,1.0,1.0,,Welcome to the RITC2026 GBE Energy Electricity Trading Case - practice server,,13,2026-02-01 05:42:11.920220,ELEC-day3,0.0,0.0,0.0,,,0,0,0,0,0
,,,,,,13,2026-02-01 05:42:11.920220,ELEC-day4,0.0,0.0,0.0,,,0,0,0,0,0
,,,,,,13,2026-02-01 05:42:11.920220,ELEC-day5,0.0,0.0,0.0,,,0,0,0,0,0
,,,,,,13,2026-02-01 05:42:11.920220,ELEC-day6,0.0,0.0,0.0,,,0,0,0,0,0
,,,,,,13,2026-02-01 05:42:11.920220,ELEC-F,0.0,0.0,0.0,,,0,0,0,0,0
3.0,1.0,1.0,,You are logged in as a TRADER,,15,2026-02-01 05:42:13.108422,NG,2.16,2.14,2.18,800000.0,800000.0,0,0,0,0,0
2.0,1.0,1.0,,FINES,"The fine for open positions of ELEC-dayX at the end of the day is $20,000/contract.",15,2026-02-01 05:42:13.108422,ELEC-day2,0.0,0.0,0.0,,,0,0,0,0,0
1.0,1.0,1.0,,Welcome to the RITC2026 GBE Energy Electricity Trading Case - practice server,,15,2026-02-01 05:42:13.108422,ELEC-day3,0.0,0.0,0.0,,,0,0,0,0,0
,,,,,,15,2026-02-01 05:42:13.108422,ELEC-day4,0.0,0.0,0.0,,,0,0,0,0,0
,,,,,,15,2026-02-01 05:42:13.108422,ELEC-day5,0.0,0.0,0.0,,,0,0,0,0,0
,,,,,,15,2026-02-01 05:42:13.108422,ELEC-day6,0.0,0.0,0.0,,,0,0,0,0,0
,,,,,,15,2026-02-01 05:42:13.108422,ELEC-F,0.0,0.0,0.0,,,0,0,0,0,0
3.0,1.0,1.0,,You are logged in as a TRADER,,16,2026-02-01 05:42:14.153926,NG,2.16,2.14,2.18,800000.0,800000.0,0,0,0,0,0
2.0,1.0,1.0,,FINES,"The fine for open positions of ELEC-dayX at the end of the day is $20,000/contract.",16,2026-02-01 05:42:14.153926,ELEC-day2,0.0,0.0,0.0,,,0,0,0,0,0
1.0,1.0,1.0,,Welcome to the RITC2026 GBE Energy Electricity Trading Case - practice server,,16,2026-02-01 05:42:14.153926,ELEC-day3,0.0,0.0,0.0,,,0,0,0,0,0
,,,,,,16,2026-02-01 05:42:14.153926,ELEC-day4,0.0,0.0,0.0,,,0,0,0,0,0
,,,,,,16,2026-02-01 05:42:14.153926,ELEC-day5,0.0,0.0,0.0,,,0,0,0,0,0
,,,,,,16,2026-02-01 05:42:14.153926,ELEC-day6,0.0,0.0,0.0,,,0,0,0,0,0
,,,,,,16,2026-02-01 05:42:14.153926,ELEC-F,0.0,0.0,0.0,,,0,0,0,0,0
3.0,1.0,1.0,,You are logged in as a TRADER,,17,2026-02-01 05:42:15.191256,NG,2.17,2.15,2.19,800000.0,800000.0,0,0,0,0,0
2.0,1.0,1.0,,FINES,"The fine for open positions of ELEC-dayX at the end of the day is $20,000/contract.",17,2026-02-01 05:42:15.191256,ELEC-day2,0.0,0.0,0.0,,,0,0,0,0,0
1.0,1.0,1.0,,Welcome to the RITC2026 GBE Energy Electricity Trading Case - practice server,,17,2026-02-01 05:42:15.191256,ELEC-day3,0.0,0.0,0.0,,,0,0,0,0,0
,,,,,,17,2026-02-01 05:42:15.191256,ELEC-day4,0.0,0.0,0.0,,,0,0,0,0,0
,,,,,,17,2026-02-01 05:42:15.191256,ELEC-day5,0.0,0.0,0.0,,,0,0,0,0,0
,,,,,,17,2026-02-01 05:42:15.191256,ELEC-day6,0.0,0.0,0.0,,,0,0,0,0,0
,,,,,,17,2026-02-01 05:42:15.191256,ELEC-F,0.0,0.0,0.0,,,0,0,0,0,0
3.0,1.0,1.0,,You are logged in as a TRADER,,18,2026-02-01 05:42:16.222719,NG,2.16,2.14,2.18,800000.0,800000.0,0,0,0,0,0
2.0,1.0,1.0,,FINES,"The fine for open positions of ELEC-dayX at the end of the day is $20,000/contract.",18,2026-02-01 05:42:16.222719,ELEC-day2,0.0,0.0,0.0,,,0,0,0,0,0
1.0,1.0,1.0,,Welcome to the RITC2026 GBE Energy Electricity Trading Case - practice server,,18,2026-02-01 05:42:16.222719,ELEC-day3,0.0,0.0,0.0,,,0,0,0,0,0
,,,,,,18,2026-02-01 05:42:16.222719,ELEC-day4,0.0,0.0,0.0,,,0,0,0,0,0
,,,,,,18,2026-02-01 05:42:16.222719,ELEC-day5,0.0,0.0,0.0,,,0,0,0,0,0
,,,,,,18,2026-02-01 05:42:16.222719,ELEC-day6,0.0,0.0,0.0,,,0,0,0,0,0
,,,,,,18,2026-02-01 05:42:16.222719,ELEC-F,0.0,0.0,0.0,,,0,0,0,0,0
3.0,1.0,1.0,,You are logged in as a TRADER,,19,2026-02-01 05:42:17.258357,NG,2.16,2.14,2.18,800000.0,800000.0,0,0,0,0,0
2.0,1.0,1.0,,FINES,"The fine for open positions of ELEC-dayX at the end of the day is $20,000/contract.",19,2026-02-01 05:42:17.258357,ELEC-day2,0.0,0.0,0.0,,,0,0,0,0,0
1.0,1.0,1.0,,Welcome to the RITC2026 GBE Energy Electricity Trading Case - practice server,,19,2026-02-01 05:42:17.258357,ELEC-day3,0.0,0.0,0.0,,,0,0,0,0,0
,,,,,,19,2026-02-01 05:42:17.258357,ELEC-day4,0.0,0.0,0.0,,,0,0,0,0,0
,,,,,,19,2026-02-01 05:42:17.258357,ELEC-day5,0.0,0.0,0.0,,,0,0,0,0,0
,,,,,,19,2026-02-01 05:42:17.258357,ELEC-day6,0.0,0.0,0.0,,,0,0,0,0,0
,,,,,,19,2026-02-01 05:42:17.258357,ELEC-F,0.0,0.0,0.0,,,0,0,0,0,0
3.0,1.0,1.0,,You are logged in as a TRADER,,20,2026-02-01 05:42:18.286090,NG,2.15,2.13,2.17,800000.0,800000.0,0,0,0,0,0
2.0,1.0,1.0,,FINES,"The fine for open positions of ELEC-dayX at the end of the day is $20,000/contract.",20,2026-02-01 05:42:18.286090,ELEC-day2,0.0,0.0,0.0,,,0,0,0,0,0
1.0,1.0,1.0,,Welcome to the RITC2026 GBE Energy Electricity Trading Case - practice server,,20,2026-02-01 05:42:18.286090,ELEC-day3,0.0,0.0,0.0,,,0,0,0,0,0
,,,,,,20,2026-02-01 05:42:18.286090,ELEC-day4,0.0,0.0,0.0,,,0,0,0,0,0
,,,,,,20,2026-02-01 05:42:18.286090,ELEC-day5,0.0,0.0,0.0,,,0,0,0,0,0
,,,,,,20,2026-02-01 05:42:18.286090,ELEC-day6,0.0,0.0,0.0,,,0,0,0,0,0
,,,,,,20,2026-02-01 05:42:18.286090,ELEC-F,0.0,0.0,0.0,,,0,0,0,0,0
3.0,1.0,1.0,,You are logged in as a TRADER,,21,2026-02-01 05:42:19.314321,NG,2.15,2.13,2.17,800000.0,800000.0,0,0,0,0,0
2.0,1.0,1.0,,FINES,"The fine for open positions of ELEC-dayX at the end of the day is $20,000/contract.",21,2026-02-01 05:42:19.314321,ELEC-day2,0.0,0.0,0.0,,,0,0,0,0,0
1.0,1.0,1.0,,Welcome to the RITC2026 GBE Energy Electricity Trading Case - practice server,,21,2026-02-01 05:42:19.314321,ELEC-day3,0.0,0.0,0.0,,,0,0,0,0,0
,,,,,,21,2026-02-01 05:42:19.314321,ELEC-day4,0.0,0.0,0.0,,,0,0,0,0,0
,,,,,,21,2026-02-01 05:42:19.314321,ELEC-day5,0.0,0.0,0.0,,,0,0,0,0,0
,,,,,,21,2026-02-01 05:42:19.314321,ELEC-day6,0.0,0.0,0.0,,,0,0,0,0,0
,,,,,,21,2026-02-01 05:42:19.314321,ELEC-F,0.0,0.0,0.0,,,0,0,0,0,0
3.0,1.0,1.0,,You are logged in as a TRADER,,22,2026-02-01 05:42:20.352127,NG,2.15,2.13,2.17,800000.0,800000.0,0,0,0,0,0
2.0,1.0,1.0,,FINES,"The fine for open positions of ELEC-dayX at the end of the day is $20,000/contract.",22,2026-02-01 05:42:20.352127,ELEC-day2,0.0,0.0,0.0,,,0,0,0,0,0
1.0,1.0,1.0,,Welcome to the RITC2026 GBE Energy Electricity Trading Case - practice server,,22,2026-02-01 05:42:20.352127,ELEC-day3,0.0,0.0,0.0,,,0,0,0,0,0
,,,,,,22,2026-02-01 05:42:20.352127,ELEC-day4,0.0,0.0,0.0,,,0,0,0,0,0
,,,,,,22,2026-02-01 05:42:20.352127,ELEC-day5,0.0,0.0,0.0,,,0,0,0,0,0
,,,,,,22,2026-02-01 05:42:20.352127,ELEC-day6,0.0,0.0,0.0,,,0,0,0,0,0
,,,,,,22,2026-02-01 05:42:20.352127,ELEC-F,0.0,0.0,0.0,,,0,0,0,0,0
3.0,1.0,1.0,,You are logged in as a TRADER,,23,2026-02-01 05:42:21.378334,NG,2.15,2.13,2.17,800000.0,800000.0,0,0,0,0,0
2.0,1.0,1.0,,FINES,"The fine for open positions of ELEC-dayX at the end of the day is $20,000/contract.",23,2026-02-01 05:42:21.378334,ELEC-day2,0.0,0.0,0.0,,,0,0,0,0,0
1.0,1.0,1.0,,Welcome to the RITC2026 GBE Energy Electricity Trading Case - practice server,,23,2026-02-01 05:42:21.378334,ELEC-day3,0.0,0.0,0.0,,,0,0,0,0,0
,,,,,,23,2026-02-01 05:42:21.378334,ELEC-day4,0.0,0.0,0.0,,,0,0,0,0,0
,,,,,,23,2026-02-01 05:42:21.378334,ELEC-day5,0.0,0.0,0.0,,,0,0,0,0,0
,,,,,,23,2026-02-01 05:42:21.378334,ELEC-day6,0.0,0.0,0.0,,,0,0,0,0,0
,,,,,,23,2026-02-01 05:42:21.378334,ELEC-F,0.0,0.0,0.0,,,0,0,0,0,0
3.0,1.0,1.0,,You are logged in as a TRADER,,24,2026-02-01 05:42:22.413371,NG,2.14,2.12,2.16,800000.0,800000.0,0,0,0,0,0
2.0,1.0,1.0,,FINES,"The fine for open positions of ELEC-dayX at the end of the day is $20,000/contract.",24,2026-02-01 05:42:22.413371,ELEC-day2,0.0,0.0,0.0,,,0,0,0,0,0
1.0,1.0,1.0,,Welcome to the RITC2026 GBE Energy Electricity Trading Case - practice server,,24,2026-02-01 05:42:22.413371,ELEC-day3,0.0,0.0,0.0,,,0,0,0,0,0
,,,,,,24,2026-02-01 05:42:22.413371,ELEC-day4,0.0,0.0,0.0,,,0,0,0,0,0
,,,,,,24,2026-02-01 05:42:22.413371,ELEC-day5,0.0,0.0,0.0,,,0,0,0,0,0
,,,,,,24,2026-02-01 05:42:22.413371,ELEC-day6,0.0,0.0,0.0,,,0,0,0,0,0
,,,,,,24,2026-02-01 05:42:22.413371,ELEC-F,0.0,0.0,0.0,,,0,0,0,0,0
3.0,1.0,1.0,,You are logged in as a TRADER,,25,2026-02-01 05:42:23.442868,NG,2.14,2.12,2.16,800000.0,800000.0,0,0,0,0,0
2.0,1.0,1.0,,FINES,"The fine for open positions of ELEC-dayX at the end of the day is $20,000/contract.",25,2026-02-01 05:42:23.442868,ELEC-day2,0.0,0.0,0.0,,,0,0,0,0,0
1.0,1.0,1.0,,Welcome to the RITC2026 GBE Energy Electricity Trading Case - practice server,,25,2026-02-01 05:42:23.442868,ELEC-day3,0.0,0.0,0.0,,,0,0,0,0,0
,,,,,,25,2026-02-01 05:42:23.442868,ELEC-day4,0.0,0.0,0.0,,,0,0,0,0,0
,,,,,,25,2026-02-01 05:42:23.442868,ELEC-day5,0.0,0.0,0.0,,,0,0,0,0,0
,,,,,,25,2026-02-01 05:42:23.442868,ELEC-day6,0.0,0.0,0.0,,,0,0,0,0,0
,,,,,,25,2026-02-01 05:42:23.442868,ELEC-F,0.0,0.0,0.0,,,0,0,0,0,0
3.0,1.0,1.0,,You are logged in as a TRADER,,26,2026-02-01 05:42:24.463256,NG,2.14,2.12,2.16,800000.0,800000.0,0,0,0,0,0
2.0,1.0,1.0,,FINES,"The fine for open positions of ELEC-dayX at the end of the day is $20,000/contract.",26,2026-02-01 05:42:24.463256,ELEC-day2,0.0,0.0,0.0,,,0,0,0,0,0
1.0,1.0,1.0,,Welcome to the RITC2026 GBE Energy Electricity Trading Case - practice server,,26,2026-02-01 05:42:24.463256,ELEC-day3,0.0,0.0,0.0,,,0,0,0,0,0
,,,,,,26,2026-02-01 05:42:24.463256,ELEC-day4,0.0,0.0,0.0,,,0,0,0,0,0
,,,,,,26,2026-02-01 05:42:24.463256,ELEC-day5,0.0,0.0,0.0,,,0,0,0,0,0
,,,,,,26,2026-02-01 05:42:24.463256,ELEC-day6,0.0,0.0,0.0,,,0,0,0,0,0
,,,,,,26,2026-02-01 05:42:24.463256,ELEC-F,0.0,0.0,0.0,,,0,0,0,0,0
3.0,1.0,1.0,,You are logged in as a TRADER,,27,2026-02-01 05:42:25.492864,NG,2.14,2.12,2.16,800000.0,800000.0,0,0,0,0,0
2.0,1.0,1.0,,FINES,"The fine for open positions of ELEC-dayX at the end of the day is $20,000/contract.",27,2026-02-01 05:42:25.492864,ELEC-day2,0.0,0.0,0.0,,,0,0,0,0,0
1.0,1.0,1.0,,Welcome to the RITC2026 GBE Energy Electricity Trading Case - practice server,,27,2026-02-01 05:42:25.492864,ELEC-day3,0.0,0.0,0.0,,,0,0,0,0,0
,,,,,,27,2026-02-01 05:42:25.492864,ELEC-day4,0.0,0.0,0.0,,,0,0,0,0,0
,,,,,,27,2026-02-01 05:42:25.492864,ELEC-day5,0.0,0.0,0.0,,,0,0,0,0,0
,,,,,,27,2026-02-01 05:42:25.492864,ELEC-day6,0.0,0.0,0.0,,,0,0,0,0,0
,,,,,,27,2026-02-01 05:42:25.492864,ELEC-F,0.0,0.0,0.0,,,0,0,0,0,0
3.0,1.0,1.0,,You are logged in as a TRADER,,28,2026-02-01 05:42:26.515753,NG,2.13,2.11,2.15,800000.0,800000.0,0,0,0,0,0
2.0,1.0,1.0,,FINES,"The fine for open positions of ELEC-dayX at the end of the day is $20,000/contract.",28,2026-02-01 05:42:26.515753,ELEC-day2,0.0,0.0,0.0,,,0,0,0,0,0
1.0,1.0,1.0,,Welcome to the RITC2026 GBE Energy Electricity Trading Case - practice server,,28,2026-02-01 05:42:26.515753,ELEC-day3,0.0,0.0,0.0,,,0,0,0,0,0
,,,,,,28,2026-02-01 05:42:26.515753,ELEC-day4,0.0,0.0,0.0,,,0,0,0,0,0
,,,,,,28,2026-02-01 05:42:26.515753,ELEC-day5,0.0,0.0,0.0,,,0,0,0,0,0
,,,,,,28,2026-02-01 05:42:26.515753,ELEC-day6,0.0,0.0,0.0,,,0,0,0,0,0
,,,,,,28,2026-02-01 05:42:26.515753,ELEC-F,0.0,0.0,0.0,,,0,0,0,0,0
3.0,1.0,1.0,,You are logged in as a TRADER,,29,2026-02-01 05:42:27.541107,NG,2.13,2.11,2.15,800000.0,800000.0,0,0,0,0,0
2.0,1.0,1.0,,FINES,"The fine for open positions of ELEC-dayX at the end of the day is $20,000/contract.",29,2026-02-01 05:42:27.541107,ELEC-day2,0.0,0.0,0.0,,,0,0,0,0,0
1.0,1.0,1.0,,Welcome to the RITC2026 GBE Energy Electricity Trading Case - practice server,,29,2026-02-01 05:42:27.541107,ELEC-day3,0.0,0.0,0.0,,,0,0,0,0,0
,,,,,,29,2026-02-01 05:42:27.541107,ELEC-day4,0.0,0.0,0.0,,,0,0,0,0,0
,,,,,,29,2026-02-01 05:42:27.541107,ELEC-day5,0.0,0.0,0.0,,,0,0,0,0,0
,,,,,,29,2026-02-01 05:42:27.541107,ELEC-day6,0.0,0.0,0.0,,,0,0,0,0,0
,,,,,,29,2026-02-01 05:42:27.541107,ELEC-F,0.0,0.0,0.0,,,0,0,0,0,0
3.0,1.0,1.0,,You are logged in as a TRADER,,30,2026-02-01 05:42:28.568482,NG,2.13,2.11,2.15,800000.0,800000.0,0,0,0,0,0
2.0,1.0,1.0,,FINES,"The fine for open positions of ELEC-dayX at the end of the day is $20,000/contract.",30,2026-02-01 05:42:28.568482,ELEC-day2,0.0,0.0,0.0,,,0,0,0,0,0
1.0,1.0,1.0,,Welcome to the RITC2026 GBE Energy Electricity Trading Case - practice server,,30,2026-02-01 05:42:28.568482,ELEC-day3,0.0,0.0,0.0,,,0,0,0,0,0
,,,,,,30,2026-02-01 05:42:28.568482,ELEC-day4,0.0,0.0,0.0,,,0,0,0,0,0
,,,,,,30,2026-02-01 05:42:28.568482,ELEC-day5,0.0,0.0,0.0,,,0,0,0,0,0
,,,,,,30,2026-02-01 05:42:28.568482,ELEC-day6,0.0,0.0,0.0,,,0,0,0,0,0
,,,,,,30,2026-02-01 05:42:28.568482,ELEC-F,0.0,0.0,0.0,,,0,0,0,0,0
3.0,1.0,1.0,,You are logged in as a TRADER,,31,2026-02-01 05:42:29.602260,NG,2.14,2.12,2.16,800000.0,800000.0,0,0,0,0,0
2.0,1.0,1.0,,FINES,"The fine for open positions of ELEC-dayX at the end of the day is $20,000/contract.",31,2026-02-01 05:42:29.602260,ELEC-day2,0.0,0.0,0.0,,,0,0,0,0,0
1.0,1.0,1.0,,Welcome to the RITC2026 GBE Energy Electricity Trading Case - practice server,,31,2026-02-01 05:42:29.602260,ELEC-day3,0.0,0.0,0.0,,,0,0,0,0,0
,,,,,,31,2026-02-01 05:42:29.602260,ELEC-day4,0.0,0.0,0.0,,,0,0,0,0,0
,,,,,,31,2026-02-01 05:42:29.602260,ELEC-day5,0.0,0.0,0.0,,,0,0,0,0,0
,,,,,,31,2026-02-01 05:42:29.602260,ELEC-day6,0.0,0.0,0.0,,,0,0,0,0,0
,,,,,,31,2026-02-01 05:42:29.602260,ELEC-F,0.0,0.0,0.0,,,0,0,0,0,0
3.0,1.0,1.0,,You are logged in as a TRADER,,32,2026-02-01 05:42:30.632185,NG,2.13,2.11,2.15,800000.0,800000.0,0,0,0,0,0
2.0,1.0,1.0,,FINES,"The fine for open positions of ELEC-dayX at the end of the day is $20,000/contract.",32,2026-02-01 05:42:30.632185,ELEC-day2,0.0,0.0,0.0,,,0,0,0,0,0
1.0,1.0,1.0,,Welcome to the RITC2026 GBE Energy Electricity Trading Case - practice server,,32,2026-02-01 05:42:30.632185,ELEC-day3,0.0,0.0,0.0,,,0,0,0,0,0
,,,,,,32,2026-02-01 05:42:30.632185,ELEC-day4,0.0,0.0,0.0,,,0,0,0,0,0
,,,,,,32,2026-02-01 05:42:30.632185,ELEC-day5,0.0,0.0,0.0,,,0,0,0,0,0
,,,,,,32,2026-02-01 05:42:30.632185,ELEC-day6,0.0,0.0,0.0,,,0,0,0,0,0
,,,,,,32,2026-02-01 05:42:30.632185,ELEC-F,0.0,0.0,0.0,,,0,0,0,0,0
3.0,1.0,1.0,,You are logged in as a TRADER,,33,2026-02-01 05:42:31.670006,NG,2.14,2.12,2.16,800000.0,800000.0,0,0,0,0,0
2.0,1.0,1.0,,FINES,"The fine for open positions of ELEC-dayX at the end of the day is $20,000/contract.",33,2026-02-01 05:42:31.670006,ELEC-day2,0.0,0.0,0.0,,,0,0,0,0,0
1.0,1.0,1.0,,Welcome to the RITC2026 GBE Energy Electricity Trading Case - practice server,,33,2026-02-01 05:42:31.670006,ELEC-day3,0.0,0.0,0.0,,,0,0,0,0,0
,,,,,,33,2026-02-01 05:42:31.670006,ELEC-day4,0.0,0.0,0.0,,,0,0,0,0,0
,,,,,,33,2026-02-01 05:42:31.670006,ELEC-day5,0.0,0.0,0.0,,,0,0,0,0,0
,,,,,,33,2026-02-01 05:42:31.670006,ELEC-day6,0.0,0.0,0.0,,,0,0,0,0,0
,,,,,,33,2026-02-01 05:42:31.670006,ELEC-F,0.0,0.0,0.0,,,0,0,0,0,0
3.0,1.0,1.0,,You are logged in as a TRADER,,34,2026-02-01 05:42:32.701967,NG,2.13,2.11,2.15,800000.0,800000.0,0,0,0,0,0
2.0,1.0,1.0,,FINES,"The fine for open positions of ELEC-dayX at the end of the day is $20,000/contract.",34,2026-02-01 05:42:32.701967,ELEC-day2,0.0,0.0,0.0,,,0,0,0,0,0
1.0,1.0,1.0,,Welcome to the RITC2026 GBE Energy Electricity Trading Case - practice server,,34,2026-02-01 05:42:32.701967,ELEC-day3,0.0,0.0,0.0,,,0,0,0,0,0
,,,,,,34,2026-02-01 05:42:32.701967,ELEC-day4,0.0,0.0,0.0,,,0,0,0,0,0
,,,,,,34,2026-02-01 05:42:32.701967,ELEC-day5,0.0,0.0,0.0,,,0,0,0,0,0
,,,,,,34,2026-02-01 05:42:32.701967,ELEC-day6,0.0,0.0,0.0,,,0,0,0,0,0
,,,,,,34,2026-02-01 05:42:32.701967,ELEC-F,0.0,0.0,0.0,,,0,0,0,0,0
3.0,1.0,1.0,,You are logged in as a TRADER,,35,2026-02-01 05:42:33.732111,NG,2.13,2.11,2.15,800000.0,800000.0,0,0,0,0,0
2.0,1.0,1.0,,FINES,"The fine for open positions of ELEC-dayX at the end of the day is $20,000/contract.",35,2026-02-01 05:42:33.732111,ELEC-day2,0.0,0.0,0.0,,,0,0,0,0,0
1.0,1.0,1.0,,Welcome to the RITC2026 GBE Energy Electricity Trading Case - practice server,,35,2026-02-01 05:42:33.732111,ELEC-day3,0.0,0.0,0.0,,,0,0,0,0,0
,,,,,,35,2026-02-01 05:42:33.732111,ELEC-day4,0.0,0.0,0.0,,,0,0,0,0,0
,,,,,,35,2026-02-01 05:42:33.732111,ELEC-day5,0.0,0.0,0.0,,,0,0,0,0,0
,,,,,,35,2026-02-01 05:42:33.732111,ELEC-day6,0.0,0.0,0.0,,,0,0,0,0,0
,,,,,,35,2026-02-01 05:42:33.732111,ELEC-F,0.0,0.0,0.0,,,0,0,0,0,0
3.0,1.0,1.0,,You are logged in as a TRADER,,36,2026-02-01 05:42:34.758624,NG,2.13,2.11,2.15,800000.0,800000.0,0,0,0,0,0
2.0,1.0,1.0,,FINES,"The fine for open positions of ELEC-dayX at the end of the day is $20,000/contract.",36,2026-02-01 05:42:34.758624,ELEC-day2,0.0,0.0,0.0,,,0,0,0,0,0
1.0,1.0,1.0,,Welcome to the RITC2026 GBE Energy Electricity Trading Case - practice server,,36,2026-02-01 05:42:34.758624,ELEC-day3,0.0,0.0,0.0,,,0,0,0,0,0
,,,,,,36,2026-02-01 05:42:34.758624,ELEC-day4,0.0,0.0,0.0,,,0,0,0,0,0
,,,,,,36,2026-02-01 05:42:34.758624,ELEC-day5,0.0,0.0,0.0,,,0,0,0,0,0
,,,,,,36,2026-02-01 05:42:34.758624,ELEC-day6,0.0,0.0,0.0,,,0,0,0,0,0
,,,,,,36,2026-02-01 05:42:34.758624,ELEC-F,0.0,0.0,0.0,,,0,0,0,0,0
3.0,1.0,1.0,,You are logged in as a TRADER,,37,2026-02-01 05:42:35.793613,NG,2.14,2.12,2.16,800000.0,800000.0,0,0,0,0,0
2.0,1.0,1.0,,FINES,"The fine for open positions of ELEC-dayX at the end of the day is $20,000/contract.",37,2026-02-01 05:42:35.793613,ELEC-day2,0.0,0.0,0.0,,,0,0,0,0,0
1.0,1.0,1.0,,Welcome to the RITC2026 GBE Energy Electricity Trading Case - practice server,,37,2026-02-01 05:42:35.793613,ELEC-day3,0.0,0.0,0.0,,,0,0,0,0,0
,,,,,,37,2026-02-01 05:42:35.793613,ELEC-day4,0.0,0.0,0.0,,,0,0,0,0,0
,,,,,,37,2026-02-01 05:42:35.793613,ELEC-day5,0.0,0.0,0.0,,,0,0,0,0,0
,,,,,,37,2026-02-01 05:42:35.793613,ELEC-day6,0.0,0.0,0.0,,,0,0,0,0,0
,,,,,,37,2026-02-01 05:42:35.793613,ELEC-F,0.0,0.0,0.0,,,0,0,0,0,0
3.0,1.0,1.0,,You are logged in as a TRADER,,38,2026-02-01 05:42:36.833052,NG,2.13,2.11,2.15,800000.0,800000.0,0,0,0,0,0
2.0,1.0,1.0,,FINES,"The fine for open positions of ELEC-dayX at the end of the day is $20,000/contract.",38,2026-02-01 05:42:36.833052,ELEC-day2,0.0,0.0,0.0,,,0,0,0,0,0
1.0,1.0,1.0,,Welcome to the RITC2026 GBE Energy Electricity Trading Case - practice server,,38,2026-02-01 05:42:36.833052,ELEC-day3,0.0,0.0,0.0,,,0,0,0,0,0
,,,,,,38,2026-02-01 05:42:36.833052,ELEC-day4,0.0,0.0,0.0,,,0,0,0,0,0
,,,,,,38,2026-02-01 05:42:36.833052,ELEC-day5,0.0,0.0,0.0,,,0,0,0,0,0
,,,,,,38,2026-02-01 05:42:36.833052,ELEC-day6,0.0,0.0,0.0,,,0,0,0,0,0
,,,,,,38,2026-02-01 05:42:36.833052,ELEC-F,0.0,0.0,0.0,,,0,0,0,0,0
3.0,1.0,1.0,,You are logged in as a TRADER,,39,2026-02-01 05:42:37.863507,NG,2.12,2.1,2.14,800000.0,800000.0,0,0,0,0,0
2.0,1.0,1.0,,FINES,"The fine for open positions of ELEC-dayX at the end of the day is $20,000/contract.",39,2026-02-01 05:42:37.863507,ELEC-day2,0.0,0.0,0.0,,,0,0,0,0,0
1.0,1.0,1.0,,Welcome to the RITC2026 GBE Energy Electricity Trading Case - practice server,,39,2026-02-01 05:42:37.863507,ELEC-day3,0.0,0.0,0.0,,,0,0,0,0,0
,,,,,,39,2026-02-01 05:42:37.863507,ELEC-day4,0.0,0.0,0.0,,,0,0,0,0,0
,,,,,,39,2026-02-01 05:42:37.863507,ELEC-day5,0.0,0.0,0.0,,,0,0,0,0,0
,,,,,,39,2026-02-01 05:42:37.863507,ELEC-day6,0.0,0.0,0.0,,,0,0,0,0,0
,,,,,,39,2026-02-01 05:42:37.863507,ELEC-F,0.0,0.0,0.0,,,0,0,0,0,0
3.0,1.0,1.0,,You are logged in as a TRADER,,40,2026-02-01 05:42:38.898288,NG,2.13,2.11,2.15,800000.0,800000.0,0,0,0,0,0
2.0,1.0,1.0,,FINES,"The fine for open positions of ELEC-dayX at the end of the day is $20,000/contract.",40,2026-02-01 05:42:38.898288,ELEC-day2,0.0,0.0,0.0,,,0,0,0,0,0
1.0,1.0,1.0,,Welcome to the RITC2026 GBE Energy Electricity Trading Case - practice server,,40,2026-02-01 05:42:38.898288,ELEC-day3,0.0,0.0,0.0,,,0,0,0,0,0
,,,,,,40,2026-02-01 05:42:38.898288,ELEC-day4,0.0,0.0,0.0,,,0,0,0,0,0
,,,,,,40,2026-02-01 05:42:38.898288,ELEC-day5,0.0,0.0,0.0,,,0,0,0,0,0
,,,,,,40,2026-02-01 05:42:38.898288,ELEC-day6,0.0,0.0,0.0,,,0,0,0,0,0
,,,,,,40,2026-02-01 05:42:38.898288,ELEC-F,0.0,0.0,0.0,,,0,0,0,0,0
3.0,1.0,1.0,,You are logged in as a TRADER,,41,2026-02-01 05:42:39.930973,NG,2.14,2.12,2.16,800000.0,800000.0,0,0,0,0,0
2.0,1.0,1.0,,FINES,"The fine for open positions of ELEC-dayX at the end of the day is $20,000/contract.",41,2026-02-01 05:42:39.930973,ELEC-day2,0.0,0.0,0.0,,,0,0,0,0,0
1.0,1.0,1.0,,Welcome to the RITC2026 GBE Energy Electricity Trading Case - practice server,,41,2026-02-01 05:42:39.930973,ELEC-day3,0.0,0.0,0.0,,,0,0,0,0,0
,,,,,,41,2026-02-01 05:42:39.930973,ELEC-day4,0.0,0.0,0.0,,,0,0,0,0,0
,,,,,,41,2026-02-01 05:42:39.930973,ELEC-day5,0.0,0.0,0.0,,,0,0,0,0,0
,,,,,,41,2026-02-01 05:42:39.930973,ELEC-day6,0.0,0.0,0.0,,,0,0,0,0,0
,,,,,,41,2026-02-01 05:42:39.930973,ELEC-F,0.0,0.0,0.0,,,0,0,0,0,0
3.0,1.0,1.0,,You are logged in as a TRADER,,42,2026-02-01 05:42:40.964922,NG,2.14,2.12,2.16,800000.0,800000.0,0,0,0,0,0
2.0,1.0,1.0,,FINES,"The fine for open positions of ELEC-dayX at the end of the day is $20,000/contract.",42,2026-02-01 05:42:40.964922,ELEC-day2,0.0,0.0,0.0,,,0,0,0,0,0
1.0,1.0,1.0,,Welcome to the RITC2026 GBE Energy Electricity Trading Case - practice server,,42,2026-02-01 05:42:40.964922,ELEC-day3,0.0,0.0,0.0,,,0,0,0,0,0
,,,,,,42,2026-02-01 05:42:40.964922,ELEC-day4,0.0,0.0,0.0,,,0,0,0,0,0
,,,,,,42,2026-02-01 05:42:40.964922,ELEC-day5,0.0,0.0,0.0,,,0,0,0,0,0
,,,,,,42,2026-02-01 05:42:40.964922,ELEC-day6,0.0,0.0,0.0,,,0,0,0,0,0
,,,,,,42,2026-02-01 05:42:40.964922,ELEC-F,0.0,0.0,0.0,,,0,0,0,0,0
3.0,1.0,1.0,,You are logged in as a TRADER,,43,2026-02-01 05:42:41.997879,NG,2.14,2.12,2.16,800000.0,800000.0,0,0,0,0,0
2.0,1.0,1.0,,FINES,"The fine for open positions of ELEC-dayX at the end of the day is $20,000/contract.",43,2026-02-01 05:42:41.997879,ELEC-day2,0.0,0.0,0.0,,,0,0,0,0,0
1.0,1.0,1.0,,Welcome to the RITC2026 GBE Energy Electricity Trading Case - practice server,,43,2026-02-01 05:42:41.997879,ELEC-day3,0.0,0.0,0.0,,,0,0,0,0,0
,,,,,,43,2026-02-01 05:42:41.997879,ELEC-day4,0.0,0.0,0.0,,,0,0,0,0,0
,,,,,,43,2026-02-01 05:42:41.997879,ELEC-day5,0.0,0.0,0.0,,,0,0,0,0,0
,,,,,,43,2026-02-01 05:42:41.997879,ELEC-day6,0.0,0.0,0.0,,,0,0,0,0,0
,,,,,,43,2026-02-01 05:42:41.997879,ELEC-F,0.0,0.0,0.0,,,0,0,0,0,0
4.0,1.0,43.0,,FACTORY TENDER REPORT,There is increased speculation of small sized factory tenders to BUY electricity from the local market.,44,2026-02-01 05:42:43.034086,NG,2.14,2.12,2.16,800000.0,800000.0,0,0,0,0,0
3.0,1.0,1.0,,You are logged in as a TRADER,,44,2026-02-01 05:42:43.034086,ELEC-day2,0.0,0.0,0.0,,,0,0,0,0,0
2.0,1.0,1.0,,FINES,"The fine for open positions of ELEC-dayX at the end of the day is $20,000/contract.",44,2026-02-01 05:42:43.034086,ELEC-day3,0.0,0.0,0.0,,,0,0,0,0,0
1.0,1.0,1.0,,Welcome to the RITC2026 GBE Energy Electricity Trading Case - practice server,,44,2026-02-01 05:42:43.034086,ELEC-day4,0.0,0.0,0.0,,,0,0,0,0,0
,,,,,,44,2026-02-01 05:42:43.034086,ELEC-day5,0.0,0.0,0.0,,,0,0,0,0,0
,,,,,,44,2026-02-01 05:42:43.034086,ELEC-day6,0.0,0.0,0.0,,,0,0,0,0,0
,,,,,,44,2026-02-01 05:42:43.034086,ELEC-F,0.0,0.0,0.0,,,0,0,0,0,0
4.0,1.0,43.0,,FACTORY TENDER REPORT,There is increased speculation of small sized factory tenders to BUY electricity from the local market.,45,2026-02-01 05:42:44.066536,NG,2.14,2.12,2.16,800000.0,800000.0,0,0,0,0,0
3.0,1.0,1.0,,You are logged in as a TRADER,,45,2026-02-01 05:42:44.066536,ELEC-day2,0.0,0.0,0.0,,,0,0,0,0,0
2.0,1.0,1.0,,FINES,"The fine for open positions of ELEC-dayX at the end of the day is $20,000/contract.",45,2026-02-01 05:42:44.066536,ELEC-day3,0.0,0.0,0.0,,,0,0,0,0,0
1.0,1.0,1.0,,Welcome to the RITC2026 GBE Energy Electricity Trading Case - practice server,,45,2026-02-01 05:42:44.066536,ELEC-day4,0.0,0.0,0.0,,,0,0,0,0,0
,,,,,,45,2026-02-01 05:42:44.066536,ELEC-day5,0.0,0.0,0.0,,,0,0,0,0,0
,,,,,,45,2026-02-01 05:42:44.066536,ELEC-day6,0.0,0.0,0.0,,,0,0,0,0,0
,,,,,,45,2026-02-01 05:42:44.066536,ELEC-F,0.0,0.0,0.0,,,0,0,0,0,0
4.0,1.0,43.0,,FACTORY TENDER REPORT,There is increased speculation of small sized factory tenders to BUY electricity from the local market.,46,2026-02-01 05:42:45.101995,NG,2.14,2.12,2.16,800000.0,800000.0,0,0,0,0,0
3.0,1.0,1.0,,You are logged in as a TRADER,,46,2026-02-01 05:42:45.101995,ELEC-day2,0.0,0.0,0.0,,,0,0,0,0,0
2.0,1.0,1.0,,FINES,"The fine for open positions of ELEC-dayX at the end of the day is $20,000/contract.",46,2026-02-01 05:42:45.101995,ELEC-day3,0.0,0.0,0.0,,,0,0,0,0,0
1.0,1.0,1.0,,Welcome to the RITC2026 GBE Energy Electricity Trading Case - practice server,,46,2026-02-01 05:42:45.101995,ELEC-day4,0.0,0.0,0.0,,,0,0,0,0,0
,,,,,,46,2026-02-01 05:42:45.101995,ELEC-day5,0.0,0.0,0.0,,,0,0,0,0,0
,,,,,,46,2026-02-01 05:42:45.101995,ELEC-day6,0.0,0.0,0.0,,,0,0,0,0,0
,,,,,,46,2026-02-01 05:42:45.101995,ELEC-F,0.0,0.0,0.0,,,0,0,0,0,0
4.0,1.0,43.0,,FACTORY TENDER REPORT,There is increased speculation of small sized factory tenders to BUY electricity from the local market.,48,2026-02-01 05:42:46.343139,NG,2.14,2.12,2.16,800000.0,800000.0,0,0,0,0,0
3.0,1.0,1.0,,You are logged in as a TRADER,,48,2026-02-01 05:42:46.343139,ELEC-day2,0.0,0.0,0.0,,,0,0,0,0,0
2.0,1.0,1.0,,FINES,"The fine for open positions of ELEC-dayX at the end of the day is $20,000/contract.",48,2026-02-01 05:42:46.343139,ELEC-day3,0.0,0.0,0.0,,,0,0,0,0,0
1.0,1.0,1.0,,Welcome to the RITC2026 GBE Energy Electricity Trading Case - practice server,,48,2026-02-01 05:42:46.343139,ELEC-day4,0.0,0.0,0.0,,,0,0,0,0,0
,,,,,,48,2026-02-01 05:42:46.343139,ELEC-day5,0.0,0.0,0.0,,,0,0,0,0,0
,,,,,,48,2026-02-01 05:42:46.343139,ELEC-day6,0.0,0.0,0.0,,,0,0,0,0,0
,,,,,,48,2026-02-01 05:42:46.343139,ELEC-F,0.0,0.0,0.0,,,0,0,0,0,0
4.0,1.0,43.0,,FACTORY TENDER REPORT,There is increased speculation of small sized factory tenders to BUY electricity from the local market.,49,2026-02-01 05:42:47.390410,NG,2.14,2.12,2.16,800000.0,800000.0,0,0,0,0,0
3.0,1.0,1.0,,You are logged in as a TRADER,,49,2026-02-01 05:42:47.390410,ELEC-day2,0.0,0.0,0.0,,,0,0,0,0,0
2.0,1.0,1.0,,FINES,"The fine for open positions of ELEC-dayX at the end of the day is $20,000/contract.",49,2026-02-01 05:42:47.390410,ELEC-day3,0.0,0.0,0.0,,,0,0,0,0,0
1.0,1.0,1.0,,Welcome to the RITC2026 GBE Energy Electricity Trading Case - practice server,,49,2026-02-01 05:42:47.390410,ELEC-day4,0.0,0.0,0.0,,,0,0,0,0,0
,,,,,,49,2026-02-01 05:42:47.390410,ELEC-day5,0.0,0.0,0.0,,,0,0,0,0,0
,,,,,,49,2026-02-01 05:42:47.390410,ELEC-day6,0.0,0.0,0.0,,,0,0,0,0,0
,,,,,,49,2026-02-01 05:42:47.390410,ELEC-F,0.0,0.0,0.0,,,0,0,0,0,0
4.0,1.0,43.0,,FACTORY TENDER REPORT,There is increased speculation of small sized factory tenders to BUY electricity from the local market.,50,2026-02-01 05:42:48.428252,NG,2.15,2.13,2.17,800000.0,800000.0,0,0,0,0,0
3.0,1.0,1.0,,You are logged in as a TRADER,,50,2026-02-01 05:42:48.428252,ELEC-day2,0.0,0.0,0.0,,,0,0,0,0,0
2.0,1.0,1.0,,FINES,"The fine for open positions of ELEC-dayX at the end of the day is $20,000/contract.",50,2026-02-01 05:42:48.428252,ELEC-day3,0.0,0.0,0.0,,,0,0,0,0,0
1.0,1.0,1.0,,Welcome to the RITC2026 GBE Energy Electricity Trading Case - practice server,,50,2026-02-01 05:42:48.428252,ELEC-day4,0.0,0.0,0.0,,,0,0,0,0,0
,,,,,,50,2026-02-01 05:42:48.428252,ELEC-day5,0.0,0.0,0.0,,,0,0,0,0,0
,,,,,,50,2026-02-01 05:42:48.428252,ELEC-day6,0.0,0.0,0.0,,,0,0,0,0,0
,,,,,,50,2026-02-01 05:42:48.428252,ELEC-F,0.0,0.0,0.0,,,0,0,0,0,0
4.0,1.0,43.0,,FACTORY TENDER REPORT,There is increased speculation of small sized factory tenders to BUY electricity from the local market.,51,2026-02-01 05:42:49.456114,NG,2.15,2.13,2.17,800000.0,800000.0,0,0,0,0,0
3.0,1.0,1.0,,You are logged in as a TRADER,,51,2026-02-01 05:42:49.456114,ELEC-day2,0.0,0.0,0.0,,,0,0,0,0,0
2.0,1.0,1.0,,FINES,"The fine for open positions of ELEC-dayX at the end of the day is $20,000/contract.",51,2026-02-01 05:42:49.456114,ELEC-day3,0.0,0.0,0.0,,,0,0,0,0,0
1.0,1.0,1.0,,Welcome to the RITC2026 GBE Energy Electricity Trading Case - practice server,,51,2026-02-01 05:42:49.456114,ELEC-day4,0.0,0.0,0.0,,,0,0,0,0,0
,,,,,,51,2026-02-01 05:42:49.456114,ELEC-day5,0.0,0.0,0.0,,,0,0,0,0,0
,,,,,,51,2026-02-01 05:42:49.456114,ELEC-day6,0.0,0.0,0.0,,,0,0,0,0,0
,,,,,,51,2026-02-01 05:42:49.456114,ELEC-F,0.0,0.0,0.0,,,0,0,0,0,0
4.0,1.0,43.0,,FACTORY TENDER REPORT,There is increased speculation of small sized factory tenders to BUY electricity from the local market.,52,2026-02-01 05:42:50.492176,NG,2.15,2.13,2.17,800000.0,800000.0,0,0,0,0,0
3.0,1.0,1.0,,You are logged in as a TRADER,,52,2026-02-01 05:42:50.492176,ELEC-day2,0.0,0.0,0.0,,,0,0,0,0,0
2.0,1.0,1.0,,FINES,"The fine for open positions of ELEC-dayX at the end of the day is $20,000/contract.",52,2026-02-01 05:42:50.492176,ELEC-day3,0.0,0.0,0.0,,,0,0,0,0,0
1.0,1.0,1.0,,Welcome to the RITC2026 GBE Energy Electricity Trading Case - practice server,,52,2026-02-01 05:42:50.492176,ELEC-day4,0.0,0.0,0.0,,,0,0,0,0,0
,,,,,,52,2026-02-01 05:42:50.492176,ELEC-day5,0.0,0.0,0.0,,,0,0,0,0,0
,,,,,,52,2026-02-01 05:42:50.492176,ELEC-day6,0.0,0.0,0.0,,,0,0,0,0,0
,,,,,,52,2026-02-01 05:42:50.492176,ELEC-F,0.0,0.0,0.0,,,0,0,0,0,0
4.0,1.0,43.0,,FACTORY TENDER REPORT,There is increased speculation of small sized factory tenders to BUY electricity from the local market.,53,2026-02-01 05:42:51.525802,NG,2.15,2.13,2.17,800000.0,800000.0,0,0,0,0,0
3.0,1.0,1.0,,You are logged in as a TRADER,,53,2026-02-01 05:42:51.525802,ELEC-day2,0.0,0.0,0.0,,,0,0,0,0,0
2.0,1.0,1.0,,FINES,"The fine for open positions of ELEC-dayX at the end of the day is $20,000/contract.",53,2026-02-01 05:42:51.525802,ELEC-day3,0.0,0.0,0.0,,,0,0,0,0,0
1.0,1.0,1.0,,Welcome to the RITC2026 GBE Energy Electricity Trading Case - practice server,,53,2026-02-01 05:42:51.525802,ELEC-day4,0.0,0.0,0.0,,,0,0,0,0,0
,,,,,,53,2026-02-01 05:42:51.525802,ELEC-day5,0.0,0.0,0.0,,,0,0,0,0,0
,,,,,,53,2026-02-01 05:42:51.525802,ELEC-day6,0.0,0.0,0.0,,,0,0,0,0,0
,,,,,,53,2026-02-01 05:42:51.525802,ELEC-F,0.0,0.0,0.0,,,0,0,0,0,0
4.0,1.0,43.0,,FACTORY TENDER REPORT,There is increased speculation of small sized factory tenders to BUY electricity from the local market.,54,2026-02-01 05:42:52.551160,NG,2.15,2.13,2.17,800000.0,800000.0,0,0,0,0,0
3.0,1.0,1.0,,You are logged in as a TRADER,,54,2026-02-01 05:42:52.551160,ELEC-day2,0.0,0.0,0.0,,,0,0,0,0,0
2.0,1.0,1.0,,FINES,"The fine for open positions of ELEC-dayX at the end of the day is $20,000/contract.",54,2026-02-01 05:42:52.551160,ELEC-day3,0.0,0.0,0.0,,,0,0,0,0,0
1.0,1.0,1.0,,Welcome to the RITC2026 GBE Energy Electricity Trading Case - practice server,,54,2026-02-01 05:42:52.551160,ELEC-day4,0.0,0.0,0.0,,,0,0,0,0,0
,,,,,,54,2026-02-01 05:42:52.551160,ELEC-day5,0.0,0.0,0.0,,,0,0,0,0,0
,,,,,,54,2026-02-01 05:42:52.551160,ELEC-day6,0.0,0.0,0.0,,,0,0,0,0,0
,,,,,,54,2026-02-01 05:42:52.551160,ELEC-F,0.0,0.0,0.0,,,0,0,0,0,0
4.0,1.0,43.0,,FACTORY TENDER REPORT,There is increased speculation of small sized factory tenders to BUY electricity from the local market.,55,2026-02-01 05:42:53.583327,NG,2.14,2.12,2.16,800000.0,800000.0,0,0,0,0,0
3.0,1.0,1.0,,You are logged in as a TRADER,,55,2026-02-01 05:42:53.583327,ELEC-day2,0.0,0.0,0.0,,,0,0,0,0,0
2.0,1.0,1.0,,FINES,"The fine for open positions of ELEC-dayX at the end of the day is $20,000/contract.",55,2026-02-01 05:42:53.583327,ELEC-day3,0.0,0.0,0.0,,,0,0,0,0,0
1.0,1.0,1.0,,Welcome to the RITC2026 GBE Energy Electricity Trading Case - practice server,,55,2026-02-01 05:42:53.583327,ELEC-day4,0.0,0.0,0.0,,,0,0,0,0,0
,,,,,,55,2026-02-01 05:42:53.583327,ELEC-day5,0.0,0.0,0.0,,,0,0,0,0,0
,,,,,,55,2026-02-01 05:42:53.583327,ELEC-day6,0.0,0.0,0.0,,,0,0,0,0,0
,,,,,,55,2026-02-01 05:42:53.583327,ELEC-F,0.0,0.0,0.0,,,0,0,0,0,0
4.0,1.0,43.0,,FACTORY TENDER REPORT,There is increased speculation of small sized factory tenders to BUY electricity from the local market.,56,2026-02-01 05:42:54.614815,NG,2.15,2.13,2.17,800000.0,800000.0,,0,0,0,0,0
3.0,1.0,1.0,,You are logged in as a TRADER,,56,2026-02-01 05:42:54.614815,ELEC-day2,0.0,0.0,0.0,,,,0,0,0,0,0
2.0,1.0,1.0,,FINES,"The fine for open positions of ELEC-dayX at the end of the day is $20,000/contract.",56,2026-02-01 05:42:54.614815,ELEC-day3,0.0,0.0,0.0,,,,0,0,0,0,0
1.0,1.0,1.0,,Welcome to the RITC2026 GBE Energy Electricity Trading Case - practice server,,56,2026-02-01 05:42:54.614815,ELEC-day4,0.0,0.0,0.0,,,,0,0,0,0,0
,,,,,,56,2026-02-01 05:42:54.614815,ELEC-day5,0.0,0.0,0.0,,,,0,0,0,0,0
,,,,,,56,2026-02-01 05:42:54.614815,ELEC-day6,0.0,0.0,0.0,,,,0,0,0,0,0
,,,,,,56,2026-02-01 05:42:54.614815,ELEC-F,0.0,0.0,60.0,,,40.0,0,0,0,0,0
4.0,1.0,43.0,,FACTORY TENDER REPORT,There is increased speculation of small sized factory tenders to BUY electricity from the local market.,57,2026-02-01 05:42:55.653760,NG,2.15,2.13,2.17,800000.0,800000.0,,0,0,0,0,0
3.0,1.0,1.0,,You are logged in as a TRADER,,57,2026-02-01 05:42:55.653760,ELEC-day2,0.0,0.0,0.0,,,,0,0,0,0,0
2.0,1.0,1.0,,FINES,"The fine for open positions of ELEC-dayX at the end of the day is $20,000/contract.",57,2026-02-01 05:42:55.653760,ELEC-day3,0.0,0.0,0.0,,,,0,0,0,0,0
1.0,1.0,1.0,,Welcome to the RITC2026 GBE Energy Electricity Trading Case - practice server,,57,2026-02-01 05:42:55.653760,ELEC-day4,0.0,0.0,0.0,,,,0,0,0,0,0
,,,,,,57,2026-02-01 05:42:55.653760,ELEC-day5,0.0,0.0,0.0,,,,0,0,0,0,0
,,,,,,57,2026-02-01 05:42:55.653760,ELEC-day6,0.0,0.0,0.0,,,,0,0,0,0,0
,,,,,,57,2026-02-01 05:42:55.653760,ELEC-F,0.0,0.0,60.0,,,60.0,0,0,0,0,0
4.0,1.0,43.0,,FACTORY TENDER REPORT,There is increased speculation of small sized factory tenders to BUY electricity from the local market.,58,2026-02-01 05:42:56.678025,NG,2.15,2.13,2.17,800000.0,800000.0,,0,0,0,0,0
3.0,1.0,1.0,,You are logged in as a TRADER,,58,2026-02-01 05:42:56.678025,ELEC-day2,0.0,0.0,0.0,,,,0,0,0,0,0
2.0,1.0,1.0,,FINES,"The fine for open positions of ELEC-dayX at the end of the day is $20,000/contract.",58,2026-02-01 05:42:56.678025,ELEC-day3,0.0,0.0,0.0,,,,0,0,0,0,0
1.0,1.0,1.0,,Welcome to the RITC2026 GBE Energy Electricity Trading Case - practice server,,58,2026-02-01 05:42:56.678025,ELEC-day4,0.0,0.0,0.0,,,,0,0,0,0,0
,,,,,,58,2026-02-01 05:42:56.678025,ELEC-day5,0.0,0.0,0.0,,,,0,0,0,0,0
,,,,,,58,2026-02-01 05:42:56.678025,ELEC-day6,0.0,0.0,0.0,,,,0,0,0,0,0
,,,,,,58,2026-02-01 05:42:56.678025,ELEC-F,0.0,0.0,60.0,,,60.0,0,0,0,0,0
4.0,1.0,43.0,,FACTORY TENDER REPORT,There is increased speculation of small sized factory tenders to BUY electricity from the local market.,59,2026-02-01 05:42:57.723414,NG,2.15,2.13,2.17,800000.0,800000.0,,0,0,0,0,0
3.0,1.0,1.0,,You are logged in as a TRADER,,59,2026-02-01 05:42:57.723414,ELEC-day2,0.0,0.0,0.0,,,,0,0,0,0,0
2.0,1.0,1.0,,FINES,"The fine for open positions of ELEC-dayX at the end of the day is $20,000/contract.",59,2026-02-01 05:42:57.723414,ELEC-day3,0.0,0.0,0.0,,,,0,0,0,0,0
1.0,1.0,1.0,,Welcome to the RITC2026 GBE Energy Electricity Trading Case - practice server,,59,2026-02-01 05:42:57.723414,ELEC-day4,0.0,0.0,0.0,,,,0,0,0,0,0
,,,,,,59,2026-02-01 05:42:57.723414,ELEC-day5,0.0,0.0,0.0,,,,0,0,0,0,0
,,,,,,59,2026-02-01 05:42:57.723414,ELEC-day6,0.0,0.0,0.0,,,,0,0,0,0,0
,,,,,,59,2026-02-01 05:42:57.723414,ELEC-F,0.0,0.0,60.0,,,60.0,0,0,0,0,0
4.0,1.0,43.0,,FACTORY TENDER REPORT,There is increased speculation of small sized factory tenders to BUY electricity from the local market.,60,2026-02-01 05:42:58.757916,NG,2.15,2.13,2.17,800000.0,800000.0,,0,0,0,0,0
3.0,1.0,1.0,,You are logged in as a TRADER,,60,2026-02-01 05:42:58.757916,ELEC-day2,0.0,0.0,0.0,,,,0,0,0,0,0
2.0,1.0,1.0,,FINES,"The fine for open positions of ELEC-dayX at the end of the day is $20,000/contract.",60,2026-02-01 05:42:58.757916,ELEC-day3,0.0,0.0,0.0,,,,0,0,0,0,0
1.0,1.0,1.0,,Welcome to the RITC2026 GBE Energy Electricity Trading Case - practice server,,60,2026-02-01 05:42:58.757916,ELEC-day4,0.0,0.0,0.0,,,,0,0,0,0,0
,,,,,,60,2026-02-01 05:42:58.757916,ELEC-day5,0.0,0.0,0.0,,,,0,0,0,0,0
,,,,,,60,2026-02-01 05:42:58.757916,ELEC-day6,0.0,0.0,0.0,,,,0,0,0,0,0
,,,,,,60,2026-02-01 05:42:58.757916,ELEC-F,60.0,0.0,60.0,,,50.0,0,0,0,0,0
4.0,1.0,43.0,,FACTORY TENDER REPORT,There is increased speculation of small sized factory tenders to BUY electricity from the local market.,61,2026-02-01 05:42:59.799657,NG,2.16,2.14,2.18,800000.0,800000.0,,0,0,0,0,0
3.0,1.0,1.0,,You are logged in as a TRADER,,61,2026-02-01 05:42:59.799657,ELEC-day2,0.0,0.0,0.0,,,,0,0,0,0,0
2.0,1.0,1.0,,FINES,"The fine for open positions of ELEC-dayX at the end of the day is $20,000/contract.",61,2026-02-01 05:42:59.799657,ELEC-day3,0.0,0.0,0.0,,,,0,0,0,0,0
1.0,1.0,1.0,,Welcome to the RITC2026 GBE Energy Electricity Trading Case - practice server,,61,2026-02-01 05:42:59.799657,ELEC-day4,0.0,0.0,0.0,,,,0,0,0,0,0
,,,,,,61,2026-02-01 05:42:59.799657,ELEC-day5,0.0,0.0,0.0,,,,0,0,0,0,0
,,,,,,61,2026-02-01 05:42:59.799657,ELEC-day6,0.0,0.0,0.0,,,,0,0,0,0,0
,,,,,,61,2026-02-01 05:42:59.799657,ELEC-F,60.0,0.0,60.0,,,30.0,0,0,0,0,0
4.0,1.0,43.0,,FACTORY TENDER REPORT,There is increased speculation of small sized factory tenders to BUY electricity from the local market.,62,2026-02-01 05:43:00.835310,NG,2.14,2.12,2.16,800000.0,800000.0,,0,0,0,0,0
3.0,1.0,1.0,,You are logged in as a TRADER,,62,2026-02-01 05:43:00.835310,ELEC-day2,0.0,0.0,0.0,,,,0,0,0,0,0
2.0,1.0,1.0,,FINES,"The fine for open positions of ELEC-dayX at the end of the day is $20,000/contract.",62,2026-02-01 05:43:00.835310,ELEC-day3,0.0,0.0,0.0,,,,0,0,0,0,0
1.0,1.0,1.0,,Welcome to the RITC2026 GBE Energy Electricity Trading Case - practice server,,62,2026-02-01 05:43:00.835310,ELEC-day4,0.0,0.0,0.0,,,,0,0,0,0,0
,,,,,,62,2026-02-01 05:43:00.835310,ELEC-day5,0.0,0.0,0.0,,,,0,0,0,0,0
,,,,,,62,2026-02-01 05:43:00.835310,ELEC-day6,0.0,0.0,0.0,,,,0,0,0,0,0
,,,,,,62,2026-02-01 05:43:00.835310,ELEC-F,60.0,0.0,60.0,,,30.0,0,0,0,0,0
4.0,1.0,43.0,,FACTORY TENDER REPORT,There is increased speculation of small sized factory tenders to BUY electricity from the local market.,63,2026-02-01 05:43:01.863326,NG,2.14,2.12,2.16,800000.0,800000.0,,0,0,0,0,0
3.0,1.0,1.0,,You are logged in as a TRADER,,63,2026-02-01 05:43:01.863326,ELEC-day2,0.0,0.0,0.0,,,,0,0,0,0,0
2.0,1.0,1.0,,FINES,"The fine for open positions of ELEC-dayX at the end of the day is $20,000/contract.",63,2026-02-01 05:43:01.863326,ELEC-day3,0.0,0.0,0.0,,,,0,0,0,0,0
1.0,1.0,1.0,,Welcome to the RITC2026 GBE Energy Electricity Trading Case - practice server,,63,2026-02-01 05:43:01.863326,ELEC-day4,0.0,0.0,0.0,,,,0,0,0,0,0
,,,,,,63,2026-02-01 05:43:01.863326,ELEC-day5,0.0,0.0,0.0,,,,0,0,0,0,0
,,,,,,63,2026-02-01 05:43:01.863326,ELEC-day6,0.0,0.0,0.0,,,,0,0,0,0,0
,,,,,,63,2026-02-01 05:43:01.863326,ELEC-F,60.0,0.0,60.0,,,30.0,0,0,0,0,0
4.0,1.0,43.0,,FACTORY TENDER REPORT,There is increased speculation of small sized factory tenders to BUY electricity from the local market.,64,2026-02-01 05:43:02.894245,NG,2.14,2.12,2.16,800000.0,800000.0,,0,0,0,0,0
3.0,1.0,1.0,,You are logged in as a TRADER,,64,2026-02-01 05:43:02.894245,ELEC-day2,0.0,0.0,0.0,,,,0,0,0,0,0
2.0,1.0,1.0,,FINES,"The fine for open positions of ELEC-dayX at the end of the day is $20,000/contract.",64,2026-02-01 05:43:02.894245,ELEC-day3,0.0,0.0,0.0,,,,0,0,0,0,0
1.0,1.0,1.0,,Welcome to the RITC2026 GBE Energy Electricity Trading Case - practice server,,64,2026-02-01 05:43:02.894245,ELEC-day4,0.0,0.0,0.0,,,,0,0,0,0,0
,,,,,,64,2026-02-01 05:43:02.894245,ELEC-day5,0.0,0.0,0.0,,,,0,0,0,0,0
,,,,,,64,2026-02-01 05:43:02.894245,ELEC-day6,0.0,0.0,0.0,,,,0,0,0,0,0
,,,,,,64,2026-02-01 05:43:02.894245,ELEC-F,60.0,0.0,60.0,,,30.0,0,0,0,0,0
4.0,1.0,43.0,,FACTORY TENDER REPORT,There is increased speculation of small sized factory tenders to BUY electricity from the local market.,65,2026-02-01 05:43:03.925392,NG,2.14,2.12,2.16,800000.0,800000.0,,0,0,0,0,0
3.0,1.0,1.0,,You are logged in as a TRADER,,65,2026-02-01 05:43:03.925392,ELEC-day2,0.0,0.0,0.0,,,,0,0,0,0,0
2.0,1.0,1.0,,FINES,"The fine for open positions of ELEC-dayX at the end of the day is $20,000/contract.",65,2026-02-01 05:43:03.925392,ELEC-day3,0.0,0.0,0.0,,,,0,0,0,0,0
1.0,1.0,1.0,,Welcome to the RITC2026 GBE Energy Electricity Trading Case - practice server,,65,2026-02-01 05:43:03.925392,ELEC-day4,0.0,0.0,0.0,,,,0,0,0,0,0
,,,,,,65,2026-02-01 05:43:03.925392,ELEC-day5,0.0,0.0,0.0,,,,0,0,0,0,0
,,,,,,65,2026-02-01 05:43:03.925392,ELEC-day6,0.0,0.0,0.0,,,,0,0,0,0,0
,,,,,,65,2026-02-01 05:43:03.925392,ELEC-F,60.0,0.0,60.0,,,30.0,0,0,0,0,0
4.0,1.0,43.0,,FACTORY TENDER REPORT,There is increased speculation of small sized factory tenders to BUY electricity from the local market.,66,2026-02-01 05:43:04.948169,NG,2.14,2.12,2.16,800000.0,800000.0,,0,0,0,0,0
3.0,1.0,1.0,,You are logged in as a TRADER,,66,2026-02-01 05:43:04.948169,ELEC-day2,0.0,0.0,0.0,,,,0,0,0,0,0
2.0,1.0,1.0,,FINES,"The fine for open positions of ELEC-dayX at the end of the day is $20,000/contract.",66,2026-02-01 05:43:04.948169,ELEC-day3,0.0,0.0,0.0,,,,0,0,0,0,0
1.0,1.0,1.0,,Welcome to the RITC2026 GBE Energy Electricity Trading Case - practice server,,66,2026-02-01 05:43:04.948169,ELEC-day4,0.0,0.0,0.0,,,,0,0,0,0,0
,,,,,,66,2026-02-01 05:43:04.948169,ELEC-day5,0.0,0.0,0.0,,,,0,0,0,0,0
,,,,,,66,2026-02-01 05:43:04.948169,ELEC-day6,0.0,0.0,0.0,,,,0,0,0,0,0
,,,,,,66,2026-02-01 05:43:04.948169,ELEC-F,60.0,0.0,60.0,,,30.0,0,0,0,0,0
4.0,1.0,43.0,,FACTORY TENDER REPORT,There is increased speculation of small sized factory tenders to BUY electricity from the local market.,67,2026-02-01 05:43:05.988241,NG,2.14,2.12,2.16,800000.0,800000.0,,0,0,0,0,0
3.0,1.0,1.0,,You are logged in as a TRADER,,67,2026-02-01 05:43:05.988241,ELEC-day2,0.0,0.0,0.0,,,,0,0,0,0,0
2.0,1.0,1.0,,FINES,"The fine for open positions of ELEC-dayX at the end of the day is $20,000/contract.",67,2026-02-01 05:43:05.988241,ELEC-day3,0.0,0.0,0.0,,,,0,0,0,0,0
1.0,1.0,1.0,,Welcome to the RITC2026 GBE Energy Electricity Trading Case - practice server,,67,2026-02-01 05:43:05.988241,ELEC-day4,0.0,0.0,0.0,,,,0,0,0,0,0
,,,,,,67,2026-02-01 05:43:05.988241,ELEC-day5,0.0,0.0,0.0,,,,0,0,0,0,0
,,,,,,67,2026-02-01 05:43:05.988241,ELEC-day6,0.0,0.0,0.0,,,,0,0,0,0,0
,,,,,,67,2026-02-01 05:43:05.988241,ELEC-F,60.0,0.0,60.0,,,40.0,0,0,0,0,0
4.0,1.0,43.0,,FACTORY TENDER REPORT,There is increased speculation of small sized factory tenders to BUY electricity from the local market.,68,2026-02-01 05:43:07.028073,NG,2.13,2.11,2.15,800000.0,800000.0,,0,0,0,0,0
3.0,1.0,1.0,,You are logged in as a TRADER,,68,2026-02-01 05:43:07.028073,ELEC-day2,0.0,0.0,0.0,,,,0,0,0,0,0
2.0,1.0,1.0,,FINES,"The fine for open positions of ELEC-dayX at the end of the day is $20,000/contract.",68,2026-02-01 05:43:07.028073,ELEC-day3,0.0,0.0,0.0,,,,0,0,0,0,0
1.0,1.0,1.0,,Welcome to the RITC2026 GBE Energy Electricity Trading Case - practice server,,68,2026-02-01 05:43:07.028073,ELEC-day4,0.0,0.0,0.0,,,,0,0,0,0,0
,,,,,,68,2026-02-01 05:43:07.028073,ELEC-day5,0.0,0.0,0.0,,,,0,0,0,0,0
,,,,,,68,2026-02-01 05:43:07.028073,ELEC-day6,0.0,0.0,0.0,,,,0,0,0,0,0
,,,,,,68,2026-02-01 05:43:07.028073,ELEC-F,60.0,0.0,60.0,,,60.0,0,0,0,0,0
4.0,1.0,43.0,,FACTORY TENDER REPORT,There is increased speculation of small sized factory tenders to BUY electricity from the local market.,69,2026-02-01 05:43:08.065669,NG,2.13,2.11,2.15,800000.0,800000.0,,0,0,0,0,0
3.0,1.0,1.0,,You are logged in as a TRADER,,69,2026-02-01 05:43:08.065669,ELEC-day2,0.0,0.0,0.0,,,,0,0,0,0,0
2.0,1.0,1.0,,FINES,"The fine for open positions of ELEC-dayX at the end of the day is $20,000/contract.",69,2026-02-01 05:43:08.065669,ELEC-day3,0.0,0.0,0.0,,,,0,0,0,0,0
1.0,1.0,1.0,,Welcome to the RITC2026 GBE Energy Electricity Trading Case - practice server,,69,2026-02-01 05:43:08.065669,ELEC-day4,0.0,0.0,0.0,,,,0,0,0,0,0
,,,,,,69,2026-02-01 05:43:08.065669,ELEC-day5,0.0,0.0,0.0,,,,0,0,0,0,0
,,,,,,69,2026-02-01 05:43:08.065669,ELEC-day6,0.0,0.0,0.0,,,,0,0,0,0,0
,,,,,,69,2026-02-01 05:43:08.065669,ELEC-F,60.0,0.0,60.0,,,60.0,0,0,0,0,0
4.0,1.0,43.0,,FACTORY TENDER REPORT,There is increased speculation of small sized factory tenders to BUY electricity from the local market.,70,2026-02-01 05:43:09.114199,NG,2.12,2.1,2.14,800000.0,800000.0,,0,0,0,0,0
3.0,1.0,1.0,,You are logged in as a TRADER,,70,2026-02-01 05:43:09.114199,ELEC-day2,0.0,0.0,0.0,,,,0,0,0,0,0
2.0,1.0,1.0,,FINES,"The fine for open positions of ELEC-dayX at the end of the day is $20,000/contract.",70,2026-02-01 05:43:09.114199,ELEC-day3,0.0,0.0,0.0,,,,0,0,0,0,0
1.0,1.0,1.0,,Welcome to the RITC2026 GBE Energy Electricity Trading Case - practice server,,70,2026-02-01 05:43:09.114199,ELEC-day4,0.0,0.0,0.0,,,,0,0,0,0,0
,,,,,,70,2026-02-01 05:43:09.114199,ELEC-day5,0.0,0.0,0.0,,,,0,0,0,0,0
,,,,,,70,2026-02-01 05:43:09.114199,ELEC-day6,0.0,0.0,0.0,,,,0,0,0,0,0
,,,,,,70,2026-02-01 05:43:09.114199,ELEC-F,60.0,0.0,60.0,,,60.0,0,0,0,0,0
4.0,1.0,43.0,,FACTORY TENDER REPORT,There is increased speculation of small sized factory tenders to BUY electricity from the local market.,71,2026-02-01 05:43:10.153173,NG,2.12,2.1,2.14,800000.0,800000.0,,0,0,0,0,0
3.0,1.0,1.0,,You are logged in as a TRADER,,71,2026-02-01 05:43:10.153173,ELEC-day2,0.0,0.0,0.0,,,,0,0,0,0,0
2.0,1.0,1.0,,FINES,"The fine for open positions of ELEC-dayX at the end of the day is $20,000/contract.",71,2026-02-01 05:43:10.153173,ELEC-day3,0.0,0.0,0.0,,,,0,0,0,0,0
1.0,1.0,1.0,,Welcome to the RITC2026 GBE Energy Electricity Trading Case - practice server,,71,2026-02-01 05:43:10.153173,ELEC-day4,0.0,0.0,0.0,,,,0,0,0,0,0
,,,,,,71,2026-02-01 05:43:10.153173,ELEC-day5,0.0,0.0,0.0,,,,0,0,0,0,0
,,,,,,71,2026-02-01 05:43:10.153173,ELEC-day6,0.0,0.0,0.0,,,,0,0,0,0,0
,,,,,,71,2026-02-01 05:43:10.153173,ELEC-F,60.0,0.0,60.0,,,60.0,0,0,0,0,0
4.0,1.0,43.0,,FACTORY TENDER REPORT,There is increased speculation of small sized factory tenders to BUY electricity from the local market.,72,2026-02-01 05:43:11.194830,NG,2.13,2.11,2.15,800000.0,800000.0,,0,0,0,0,0
3.0,1.0,1.0,,You are logged in as a TRADER,,72,2026-02-01 05:43:11.194830,ELEC-day2,0.0,0.0,0.0,,,,0,0,0,0,0
2.0,1.0,1.0,,FINES,"The fine for open positions of ELEC-dayX at the end of the day is $20,000/contract.",72,2026-02-01 05:43:11.194830,ELEC-day3,0.0,0.0,0.0,,,,0,0,0,0,0
1.0,1.0,1.0,,Welcome to the RITC2026 GBE Energy Electricity Trading Case - practice server,,72,2026-02-01 05:43:11.194830,ELEC-day4,0.0,0.0,0.0,,,,0,0,0,0,0
,,,,,,72,2026-02-01 05:43:11.194830,ELEC-day5,0.0,0.0,0.0,,,,0,0,0,0,0
,,,,,,72,2026-02-01 05:43:11.194830,ELEC-day6,0.0,0.0,0.0,,,,0,0,0,0,0
,,,,,,72,2026-02-01 05:43:11.194830,ELEC-F,60.0,0.0,60.0,,,60.0,0,0,0,0,0
4.0,1.0,43.0,,FACTORY TENDER REPORT,There is increased speculation of small sized factory tenders to BUY electricity from the local market.,73,2026-02-01 05:43:12.294079,NG,2.14,2.12,2.16,800000.0,800000.0,,0,0,0,0,0
3.0,1.0,1.0,,You are logged in as a TRADER,,73,2026-02-01 05:43:12.294079,ELEC-day2,0.0,0.0,0.0,,,,0,0,0,0,0
2.0,1.0,1.0,,FINES,"The fine for open positions of ELEC-dayX at the end of the day is $20,000/contract.",73,2026-02-01 05:43:12.294079,ELEC-day3,0.0,0.0,0.0,,,,0,0,0,0,0
1.0,1.0,1.0,,Welcome to the RITC2026 GBE Energy Electricity Trading Case - practice server,,73,2026-02-01 05:43:12.294079,ELEC-day4,0.0,0.0,0.0,,,,0,0,0,0,0
,,,,,,73,2026-02-01 05:43:12.294079,ELEC-day5,0.0,0.0,0.0,,,,0,0,0,0,0
,,,,,,73,2026-02-01 05:43:12.294079,ELEC-day6,0.0,0.0,0.0,,,,0,0,0,0,0
,,,,,,73,2026-02-01 05:43:12.294079,ELEC-F,60.0,0.0,60.0,,,60.0,0,0,0,0,0
4.0,1.0,43.0,,FACTORY TENDER REPORT,There is increased speculation of small sized factory tenders to BUY electricity from the local market.,75,2026-02-01 05:43:13.427570,NG,2.14,2.12,2.16,800000.0,800000.0,,0,0,0,0,0
3.0,1.0,1.0,,You are logged in as a TRADER,,75,2026-02-01 05:43:13.427570,ELEC-day2,0.0,0.0,0.0,,,,0,0,0,0,0
2.0,1.0,1.0,,FINES,"The fine for open positions of ELEC-dayX at the end of the day is $20,000/contract.",75,2026-02-01 05:43:13.427570,ELEC-day3,0.0,0.0,0.0,,,,0,0,0,0,0
1.0,1.0,1.0,,Welcome to the RITC2026 GBE Energy Electricity Trading Case - practice server,,75,2026-02-01 05:43:13.427570,ELEC-day4,0.0,0.0,0.0,,,,0,0,0,0,0
,,,,,,75,2026-02-01 05:43:13.427570,ELEC-day5,0.0,0.0,0.0,,,,0,0,0,0,0
,,,,,,75,2026-02-01 05:43:13.427570,ELEC-day6,0.0,0.0,0.0,,,,0,0,0,0,0
,,,,,,75,2026-02-01 05:43:13.427570,ELEC-F,60.0,0.0,60.0,,,60.0,0,0,0,0,0
4.0,1.0,43.0,,FACTORY TENDER REPORT,There is increased speculation of small sized factory tenders to BUY electricity from the local market.,76,2026-02-01 05:43:14.467484,NG,2.14,2.12,2.16,800000.0,800000.0,,0,0,0,0,0
3.0,1.0,1.0,,You are logged in as a TRADER,,76,2026-02-01 05:43:14.467484,ELEC-day2,0.0,0.0,0.0,,,,0,0,0,0,0
2.0,1.0,1.0,,FINES,"The fine for open positions of ELEC-dayX at the end of the day is $20,000/contract.",76,2026-02-01 05:43:14.467484,ELEC-day3,0.0,0.0,0.0,,,,0,0,0,0,0
1.0,1.0,1.0,,Welcome to the RITC2026 GBE Energy Electricity Trading Case - practice server,,76,2026-02-01 05:43:14.467484,ELEC-day4,0.0,0.0,0.0,,,,0,0,0,0,0
,,,,,,76,2026-02-01 05:43:14.467484,ELEC-day5,0.0,0.0,0.0,,,,0,0,0,0,0
,,,,,,76,2026-02-01 05:43:14.467484,ELEC-day6,0.0,0.0,0.0,,,,0,0,0,0,0
,,,,,,76,2026-02-01 05:43:14.467484,ELEC-F,60.0,0.0,60.0,,,60.0,0,0,0,0,0
4.0,1.0,43.0,,FACTORY TENDER REPORT,There is increased speculation of small sized factory tenders to BUY electricity from the local market.,77,2026-02-01 05:43:15.510197,NG,2.15,2.13,2.17,800000.0,800000.0,,0,0,0,0,0
3.0,1.0,1.0,,You are logged in as a TRADER,,77,2026-02-01 05:43:15.510197,ELEC-day2,0.0,0.0,0.0,,,,0,0,0,0,0
2.0,1.0,1.0,,FINES,"The fine for open positions of ELEC-dayX at the end of the day is $20,000/contract.",77,2026-02-01 05:43:15.510197,ELEC-day3,0.0,0.0,0.0,,,,0,0,0,0,0
1.0,1.0,1.0,,Welcome to the RITC2026 GBE Energy Electricity Trading Case - practice server,,77,2026-02-01 05:43:15.510197,ELEC-day4,0.0,0.0,0.0,,,,0,0,0,0,0
,,,,,,77,2026-02-01 05:43:15.510197,ELEC-day5,0.0,0.0,0.0,,,,0,0,0,0,0
,,,,,,77,2026-02-01 05:43:15.510197,ELEC-day6,0.0,0.0,0.0,,,,0,0,0,0,0
,,,,,,77,2026-02-01 05:43:15.510197,ELEC-F,60.0,0.0,60.0,,,60.0,0,0,0,0,0
4.0,1.0,43.0,,FACTORY TENDER REPORT,There is increased speculation of small sized factory tenders to BUY electricity from the local market.,78,2026-02-01 05:43:16.545519,NG,2.15,2.13,2.17,800000.0,800000.0,,0,0,0,0,0
3.0,1.0,1.0,,You are logged in as a TRADER,,78,2026-02-01 05:43:16.545519,ELEC-day2,0.0,0.0,0.0,,,,0,0,0,0,0
2.0,1.0,1.0,,FINES,"The fine for open positions of ELEC-dayX at the end of the day is $20,000/contract.",78,2026-02-01 05:43:16.545519,ELEC-day3,0.0,0.0,0.0,,,,0,0,0,0,0
1.0,1.0,1.0,,Welcome to the RITC2026 GBE Energy Electricity Trading Case - practice server,,78,2026-02-01 05:43:16.545519,ELEC-day4,0.0,0.0,0.0,,,,0,0,0,0,0
,,,,,,78,2026-02-01 05:43:16.545519,ELEC-day5,0.0,0.0,0.0,,,,0,0,0,0,0
,,,,,,78,2026-02-01 05:43:16.545519,ELEC-day6,0.0,0.0,0.0,,,,0,0,0,0,0
,,,,,,78,2026-02-01 05:43:16.545519,ELEC-F,60.0,0.0,60.0,,,60.0,0,0,0,0,0
4.0,1.0,43.0,,FACTORY TENDER REPORT,There is increased speculation of small sized factory tenders to BUY electricity from the local market.,79,2026-02-01 05:43:17.572561,NG,2.14,2.12,2.16,800000.0,800000.0,,,0,0,0,0
3.0,1.0,1.0,,You are logged in as a TRADER,,79,2026-02-01 05:43:17.572561,ELEC-day2,0.0,0.0,0.0,,,,,0,0,0,0
2.0,1.0,1.0,,FINES,"The fine for open positions of ELEC-dayX at the end of the day is $20,000/contract.",79,2026-02-01 05:43:17.572561,ELEC-day3,0.0,0.0,0.0,,,,,0,0,0,0
1.0,1.0,1.0,,Welcome to the RITC2026 GBE Energy Electricity Trading Case - practice server,,79,2026-02-01 05:43:17.572561,ELEC-day4,0.0,0.0,0.0,,,,,0,0,0,0
,,,,,,79,2026-02-01 05:43:17.572561,ELEC-day5,0.0,0.0,0.0,,,,,0,0,0,0
,,,,,,79,2026-02-01 05:43:17.572561,ELEC-day6,0.0,0.0,0.0,,,,,0,0,0,0
,,,,,,79,2026-02-01 05:43:17.572561,ELEC-F,60.0,30.0,60.0,,,30.0,60.0,0,0,0,0
4.0,1.0,43.0,,FACTORY TENDER REPORT,There is increased speculation of small sized factory tenders to BUY electricity from the local market.,80,2026-02-01 05:43:18.602093,NG,2.14,2.12,2.16,800000.0,800000.0,,,0,0,0,0
3.0,1.0,1.0,,You are logged in as a TRADER,,80,2026-02-01 05:43:18.602093,ELEC-day2,0.0,0.0,0.0,,,,,0,0,0,0
2.0,1.0,1.0,,FINES,"The fine for open positions of ELEC-dayX at the end of the day is $20,000/contract.",80,2026-02-01 05:43:18.602093,ELEC-day3,0.0,0.0,0.0,,,,,0,0,0,0
1.0,1.0,1.0,,Welcome to the RITC2026 GBE Energy Electricity Trading Case - practice server,,80,2026-02-01 05:43:18.602093,ELEC-day4,0.0,0.0,0.0,,,,,0,0,0,0
,,,,,,80,2026-02-01 05:43:18.602093,ELEC-day5,0.0,0.0,0.0,,,,,0,0,0,0
,,,,,,80,2026-02-01 05:43:18.602093,ELEC-day6,0.0,0.0,0.0,,,,,0,0,0,0
,,,,,,80,2026-02-01 05:43:18.602093,ELEC-F,60.0,30.0,60.0,,,60.0,60.0,0,0,0,0
4.0,1.0,43.0,,FACTORY TENDER REPORT,There is increased speculation of small sized factory tenders to BUY electricity from the local market.,81,2026-02-01 05:43:19.641020,NG,2.15,2.13,2.17,800000.0,800000.0,,,0,0,0,0
3.0,1.0,1.0,,You are logged in as a TRADER,,81,2026-02-01 05:43:19.641020,ELEC-day2,0.0,0.0,0.0,,,,,0,0,0,0
2.0,1.0,1.0,,FINES,"The fine for open positions of ELEC-dayX at the end of the day is $20,000/contract.",81,2026-02-01 05:43:19.641020,ELEC-day3,0.0,0.0,0.0,,,,,0,0,0,0
1.0,1.0,1.0,,Welcome to the RITC2026 GBE Energy Electricity Trading Case - practice server,,81,2026-02-01 05:43:19.641020,ELEC-day4,0.0,0.0,0.0,,,,,0,0,0,0
,,,,,,81,2026-02-01 05:43:19.641020,ELEC-day5,0.0,0.0,0.0,,,,,0,0,0,0
,,,,,,81,2026-02-01 05:43:19.641020,ELEC-day6,0.0,0.0,0.0,,,,,0,0,0,0
,,,,,,81,2026-02-01 05:43:19.641020,ELEC-F,60.0,30.0,60.0,,,60.0,60.0,0,0,0,0
4.0,1.0,43.0,,FACTORY TENDER REPORT,There is increased speculation of small sized factory tenders to BUY electricity from the local market.,82,2026-02-01 05:43:20.678661,NG,2.15,2.13,2.17,800000.0,800000.0,,,0,0,0,0
3.0,1.0,1.0,,You are logged in as a TRADER,,82,2026-02-01 05:43:20.678661,ELEC-day2,0.0,0.0,0.0,,,,,0,0,0,0
2.0,1.0,1.0,,FINES,"The fine for open positions of ELEC-dayX at the end of the day is $20,000/contract.",82,2026-02-01 05:43:20.678661,ELEC-day3,0.0,0.0,0.0,,,,,0,0,0,0
1.0,1.0,1.0,,Welcome to the RITC2026 GBE Energy Electricity Trading Case - practice server,,82,2026-02-01 05:43:20.678661,ELEC-day4,0.0,0.0,0.0,,,,,0,0,0,0
,,,,,,82,2026-02-01 05:43:20.678661,ELEC-day5,0.0,0.0,0.0,,,,,0,0,0,0
,,,,,,82,2026-02-01 05:43:20.678661,ELEC-day6,0.0,0.0,0.0,,,,,0,0,0,0
,,,,,,82,2026-02-01 05:43:20.678661,ELEC-F,60.0,30.0,60.0,,,60.0,60.0,0,0,0,0
4.0,1.0,43.0,,FACTORY TENDER REPORT,There is increased speculation of small sized factory tenders to BUY electricity from the local market.,83,2026-02-01 05:43:21.709904,NG,2.15,2.13,2.17,800000.0,800000.0,,,0,0,0,0
3.0,1.0,1.0,,You are logged in as a TRADER,,83,2026-02-01 05:43:21.709904,ELEC-day2,0.0,0.0,0.0,,,,,0,0,0,0
2.0,1.0,1.0,,FINES,"The fine for open positions of ELEC-dayX at the end of the day is $20,000/contract.",83,2026-02-01 05:43:21.709904,ELEC-day3,0.0,0.0,0.0,,,,,0,0,0,0
1.0,1.0,1.0,,Welcome to the RITC2026 GBE Energy Electricity Trading Case - practice server,,83,2026-02-01 05:43:21.709904,ELEC-day4,0.0,0.0,0.0,,,,,0,0,0,0
,,,,,,83,2026-02-01 05:43:21.709904,ELEC-day5,0.0,0.0,0.0,,,,,0,0,0,0
,,,,,,83,2026-02-01 05:43:21.709904,ELEC-day6,0.0,0.0,0.0,,,,,0,0,0,0
,,,,,,83,2026-02-01 05:43:21.709904,ELEC-F,60.0,30.0,60.0,,,60.0,60.0,0,0,0,0
4.0,1.0,43.0,,FACTORY TENDER REPORT,There is increased speculation of small sized factory tenders to BUY electricity from the local market.,84,2026-02-01 05:43:22.739977,NG,2.15,2.13,2.17,800000.0,800000.0,,,0,0,0,0
3.0,1.0,1.0,,You are logged in as a TRADER,,84,2026-02-01 05:43:22.739977,ELEC-day2,0.0,0.0,0.0,,,,,0,0,0,0
2.0,1.0,1.0,,FINES,"The fine for open positions of ELEC-dayX at the end of the day is $20,000/contract.",84,2026-02-01 05:43:22.739977,ELEC-day3,0.0,0.0,0.0,,,,,0,0,0,0
1.0,1.0,1.0,,Welcome to the RITC2026 GBE Energy Electricity Trading Case - practice server,,84,2026-02-01 05:43:22.739977,ELEC-day4,0.0,0.0,0.0,,,,,0,0,0,0
,,,,,,84,2026-02-01 05:43:22.739977,ELEC-day5,0.0,0.0,0.0,,,,,0,0,0,0
,,,,,,84,2026-02-01 05:43:22.739977,ELEC-day6,0.0,0.0,0.0,,,,,0,0,0,0
,,,,,,84,2026-02-01 05:43:22.739977,ELEC-F,60.0,30.0,60.0,,,60.0,60.0,0,0,0,0
4.0,1.0,43.0,,FACTORY TENDER REPORT,There is increased speculation of small sized factory tenders to BUY electricity from the local market.,85,2026-02-01 05:43:23.770385,NG,2.15,2.13,2.17,800000.0,800000.0,,,0,0,0,0
3.0,1.0,1.0,,You are logged in as a TRADER,,85,2026-02-01 05:43:23.770385,ELEC-day2,0.0,0.0,0.0,,,,,0,0,0,0
2.0,1.0,1.0,,FINES,"The fine for open positions of ELEC-dayX at the end of the day is $20,000/contract.",85,2026-02-01 05:43:23.770385,ELEC-day3,0.0,0.0,0.0,,,,,0,0,0,0
1.0,1.0,1.0,,Welcome to the RITC2026 GBE Energy Electricity Trading Case - practice server,,85,2026-02-01 05:43:23.770385,ELEC-day4,0.0,0.0,0.0,,,,,0,0,0,0
,,,,,,85,2026-02-01 05:43:23.770385,ELEC-day5,0.0,0.0,0.0,,,,,0,0,0,0
,,,,,,85,2026-02-01 05:43:23.770385,ELEC-day6,0.0,0.0,0.0,,,,,0,0,0,0
,,,,,,85,2026-02-01 05:43:23.770385,ELEC-F,60.0,30.0,60.0,,,60.0,60.0,0,0,0,0
4.0,1.0,43.0,,FACTORY TENDER REPORT,There is increased speculation of small sized factory tenders to BUY electricity from the local market.,86,2026-02-01 05:43:24.793557,NG,2.16,2.14,2.18,800000.0,800000.0,,,0,0,0,0
3.0,1.0,1.0,,You are logged in as a TRADER,,86,2026-02-01 05:43:24.793557,ELEC-day2,0.0,0.0,0.0,,,,,0,0,0,0
2.0,1.0,1.0,,FINES,"The fine for open positions of ELEC-dayX at the end of the day is $20,000/contract.",86,2026-02-01 05:43:24.793557,ELEC-day3,0.0,0.0,0.0,,,,,0,0,0,0
1.0,1.0,1.0,,Welcome to the RITC2026 GBE Energy Electricity Trading Case - practice server,,86,2026-02-01 05:43:24.793557,ELEC-day4,0.0,0.0,0.0,,,,,0,0,0,0
,,,,,,86,2026-02-01 05:43:24.793557,ELEC-day5,0.0,0.0,0.0,,,,,0,0,0,0
,,,,,,86,2026-02-01 05:43:24.793557,ELEC-day6,0.0,0.0,0.0,,,,,0,0,0,0
,,,,,,86,2026-02-01 05:43:24.793557,ELEC-F,60.0,30.0,60.0,,,60.0,60.0,0,0,0,0
4.0,1.0,43.0,,FACTORY TENDER REPORT,There is increased speculation of small sized factory tenders to BUY electricity from the local market.,87,2026-02-01 05:43:25.828788,NG,2.16,2.14,2.18,800000.0,800000.0,,,0,0,0,0
3.0,1.0,1.0,,You are logged in as a TRADER,,87,2026-02-01 05:43:25.828788,ELEC-day2,0.0,0.0,0.0,,,,,0,0,0,0
2.0,1.0,1.0,,FINES,"The fine for open positions of ELEC-dayX at the end of the day is $20,000/contract.",87,2026-02-01 05:43:25.828788,ELEC-day3,0.0,0.0,0.0,,,,,0,0,0,0
1.0,1.0,1.0,,Welcome to the RITC2026 GBE Energy Electricity Trading Case - practice server,,87,2026-02-01 05:43:25.828788,ELEC-day4,0.0,0.0,0.0,,,,,0,0,0,0
,,,,,,87,2026-02-01 05:43:25.828788,ELEC-day5,0.0,0.0,0.0,,,,,0,0,0,0
,,,,,,87,2026-02-01 05:43:25.828788,ELEC-day6,0.0,0.0,0.0,,,,,0,0,0,0
,,,,,,87,2026-02-01 05:43:25.828788,ELEC-F,60.0,30.0,60.0,,,60.0,60.0,0,0,0,0
4.0,1.0,43.0,,FACTORY TENDER REPORT,There is increased speculation of small sized factory tenders to BUY electricity from the local market.,88,2026-02-01 05:43:26.861453,NG,2.16,2.14,2.18,800000.0,800000.0,,,0,0,0,0
3.0,1.0,1.0,,You are logged in as a TRADER,,88,2026-02-01 05:43:26.861453,ELEC-day2,0.0,0.0,0.0,,,,,0,0,0,0
2.0,1.0,1.0,,FINES,"The fine for open positions of ELEC-dayX at the end of the day is $20,000/contract.",88,2026-02-01 05:43:26.861453,ELEC-day3,0.0,0.0,0.0,,,,,0,0,0,0
1.0,1.0,1.0,,Welcome to the RITC2026 GBE Energy Electricity Trading Case - practice server,,88,2026-02-01 05:43:26.861453,ELEC-day4,0.0,0.0,0.0,,,,,0,0,0,0
,,,,,,88,2026-02-01 05:43:26.861453,ELEC-day5,0.0,0.0,0.0,,,,,0,0,0,0
,,,,,,88,2026-02-01 05:43:26.861453,ELEC-day6,0.0,0.0,0.0,,,,,0,0,0,0
,,,,,,88,2026-02-01 05:43:26.861453,ELEC-F,60.0,30.0,60.0,,,60.0,60.0,0,0,0,0
4.0,1.0,43.0,,FACTORY TENDER REPORT,There is increased speculation of small sized factory tenders to BUY electricity from the local market.,89,2026-02-01 05:43:27.894676,NG,2.17,2.15,2.19,800000.0,800000.0,,,0,0,0,0
3.0,1.0,1.0,,You are logged in as a TRADER,,89,2026-02-01 05:43:27.894676,ELEC-day2,0.0,0.0,0.0,,,,,0,0,0,0
2.0,1.0,1.0,,FINES,"The fine for open positions of ELEC-dayX at the end of the day is $20,000/contract.",89,2026-02-01 05:43:27.894676,ELEC-day3,0.0,0.0,0.0,,,,,0,0,0,0
1.0,1.0,1.0,,Welcome to the RITC2026 GBE Energy Electricity Trading Case - practice server,,89,2026-02-01 05:43:27.894676,ELEC-day4,0.0,0.0,0.0,,,,,0,0,0,0
,,,,,,89,2026-02-01 05:43:27.894676,ELEC-day5,0.0,0.0,0.0,,,,,0,0,0,0
,,,,,,89,2026-02-01 05:43:27.894676,ELEC-day6,0.0,0.0,0.0,,,,,0,0,0,0
,,,,,,89,2026-02-01 05:43:27.894676,ELEC-F,60.0,30.0,60.0,,,60.0,60.0,0,0,0,0
4.0,1.0,43.0,,FACTORY TENDER REPORT,There is increased speculation of small sized factory tenders to BUY electricity from the local market.,90,2026-02-01 05:43:28.918488,NG,2.16,2.14,2.18,800000.0,800000.0,,,0,0,0,0
3.0,1.0,1.0,,You are logged in as a TRADER,,90,2026-02-01 05:43:28.918488,ELEC-day2,0.0,0.0,0.0,,,,,0,0,0,0
2.0,1.0,1.0,,FINES,"The fine for open positions of ELEC-dayX at the end of the day is $20,000/contract.",90,2026-02-01 05:43:28.918488,ELEC-day3,0.0,0.0,0.0,,,,,0,0,0,0
1.0,1.0,1.0,,Welcome to the RITC2026 GBE Energy Electricity Trading Case - practice server,,90,2026-02-01 05:43:28.918488,ELEC-day4,0.0,0.0,0.0,,,,,0,0,0,0
,,,,,,90,2026-02-01 05:43:28.918488,ELEC-day5,0.0,0.0,0.0,,,,,0,0,0,0
,,,,,,90,2026-02-01 05:43:28.918488,ELEC-day6,0.0,0.0,0.0,,,,,0,0,0,0
,,,,,,90,2026-02-01 05:43:28.918488,ELEC-F,60.0,30.0,60.0,,,60.0,60.0,0,0,0,0
4.0,1.0,43.0,,FACTORY TENDER REPORT,There is increased speculation of small sized factory tenders to BUY electricity from the local market.,91,2026-02-01 05:43:29.942471,NG,2.16,2.14,2.18,800000.0,800000.0,,,0,0,0,0
3.0,1.0,1.0,,You are logged in as a TRADER,,91,2026-02-01 05:43:29.942471,ELEC-day2,0.0,0.0,0.0,,,,,0,0,0,0
2.0,1.0,1.0,,FINES,"The fine for open positions of ELEC-dayX at the end of the day is $20,000/contract.",91,2026-02-01 05:43:29.942471,ELEC-day3,0.0,0.0,0.0,,,,,0,0,0,0
1.0,1.0,1.0,,Welcome to the RITC2026 GBE Energy Electricity Trading Case - practice server,,91,2026-02-01 05:43:29.942471,ELEC-day4,0.0,0.0,0.0,,,,,0,0,0,0
,,,,,,91,2026-02-01 05:43:29.942471,ELEC-day5,0.0,0.0,0.0,,,,,0,0,0,0
,,,,,,91,2026-02-01 05:43:29.942471,ELEC-day6,0.0,0.0,0.0,,,,,0,0,0,0
,,,,,,91,2026-02-01 05:43:29.942471,ELEC-F,60.0,30.0,60.0,,,60.0,60.0,0,0,0,0
4.0,1.0,43.0,,FACTORY TENDER REPORT,There is increased speculation of small sized factory tenders to BUY electricity from the local market.,92,2026-02-01 05:43:30.975348,NG,2.15,2.13,2.17,800000.0,800000.0,,,0,0,0,0
3.0,1.0,1.0,,You are logged in as a TRADER,,92,2026-02-01 05:43:30.975348,ELEC-day2,0.0,0.0,0.0,,,,,0,0,0,0
2.0,1.0,1.0,,FINES,"The fine for open positions of ELEC-dayX at the end of the day is $20,000/contract.",92,2026-02-01 05:43:30.975348,ELEC-day3,0.0,0.0,0.0,,,,,0,0,0,0
1.0,1.0,1.0,,Welcome to the RITC2026 GBE Energy Electricity Trading Case - practice server,,92,2026-02-01 05:43:30.975348,ELEC-day4,0.0,0.0,0.0,,,,,0,0,0,0
,,,,,,92,2026-02-01 05:43:30.975348,ELEC-day5,0.0,0.0,0.0,,,,,0,0,0,0
,,,,,,92,2026-02-01 05:43:30.975348,ELEC-day6,0.0,0.0,0.0,,,,,0,0,0,0
,,,,,,92,2026-02-01 05:43:30.975348,ELEC-F,60.0,30.0,60.0,,,60.0,60.0,0,0,0,0
4.0,1.0,43.0,,FACTORY TENDER REPORT,There is increased speculation of small sized factory tenders to BUY electricity from the local market.,93,2026-02-01 05:43:32.005374,NG,2.14,2.12,2.16,800000.0,800000.0,,,0,0,0,0
3.0,1.0,1.0,,You are logged in as a TRADER,,93,2026-02-01 05:43:32.005374,ELEC-day2,0.0,0.0,0.0,,,,,0,0,0,0
2.0,1.0,1.0,,FINES,"The fine for open positions of ELEC-dayX at the end of the day is $20,000/contract.",93,2026-02-01 05:43:32.005374,ELEC-day3,0.0,0.0,0.0,,,,,0,0,0,0
1.0,1.0,1.0,,Welcome to the RITC2026 GBE Energy Electricity Trading Case - practice server,,93,2026-02-01 05:43:32.005374,ELEC-day4,0.0,0.0,0.0,,,,,0,0,0,0
,,,,,,93,2026-02-01 05:43:32.005374,ELEC-day5,0.0,0.0,0.0,,,,,0,0,0,0
,,,,,,93,2026-02-01 05:43:32.005374,ELEC-day6,0.0,0.0,0.0,,,,,0,0,0,0
,,,,,,93,2026-02-01 05:43:32.005374,ELEC-F,60.0,30.0,60.0,,,60.0,60.0,0,0,0,0
4.0,1.0,43.0,,FACTORY TENDER REPORT,There is increased speculation of small sized factory tenders to BUY electricity from the local market.,94,2026-02-01 05:43:33.038375,NG,2.14,2.12,2.16,800000.0,800000.0,,,0,0,0,0
3.0,1.0,1.0,,You are logged in as a TRADER,,94,2026-02-01 05:43:33.038375,ELEC-day2,0.0,0.0,0.0,,,,,0,0,0,0
2.0,1.0,1.0,,FINES,"The fine for open positions of ELEC-dayX at the end of the day is $20,000/contract.",94,2026-02-01 05:43:33.038375,ELEC-day3,0.0,0.0,0.0,,,,,0,0,0,0
1.0,1.0,1.0,,Welcome to the RITC2026 GBE Energy Electricity Trading Case - practice server,,94,2026-02-01 05:43:33.038375,ELEC-day4,0.0,0.0,0.0,,,,,0,0,0,0
,,,,,,94,2026-02-01 05:43:33.038375,ELEC-day5,0.0,0.0,0.0,,,,,0,0,0,0
,,,,,,94,2026-02-01 05:43:33.038375,ELEC-day6,0.0,0.0,0.0,,,,,0,0,0,0
,,,,,,94,2026-02-01 05:43:33.038375,ELEC-F,60.0,30.0,60.0,,,60.0,60.0,0,0,0,0
4.0,1.0,43.0,,FACTORY TENDER REPORT,There is increased speculation of small sized factory tenders to BUY electricity from the local market.,95,2026-02-01 05:43:34.085994,NG,2.15,2.13,2.17,800000.0,800000.0,,,0,0,0,0
3.0,1.0,1.0,,You are logged in as a TRADER,,95,2026-02-01 05:43:34.085994,ELEC-day2,0.0,0.0,0.0,,,,,0,0,0,0
2.0,1.0,1.0,,FINES,"The fine for open positions of ELEC-dayX at the end of the day is $20,000/contract.",95,2026-02-01 05:43:34.085994,ELEC-day3,0.0,0.0,0.0,,,,,0,0,0,0
1.0,1.0,1.0,,Welcome to the RITC2026 GBE Energy Electricity Trading Case - practice server,,95,2026-02-01 05:43:34.085994,ELEC-day4,0.0,0.0,0.0,,,,,0,0,0,0
,,,,,,95,2026-02-01 05:43:34.085994,ELEC-day5,0.0,0.0,0.0,,,,,0,0,0,0
,,,,,,95,2026-02-01 05:43:34.085994,ELEC-day6,0.0,0.0,0.0,,,,,0,0,0,0
,,,,,,95,2026-02-01 05:43:34.085994,ELEC-F,60.0,30.0,60.0,,,60.0,60.0,0,0,0,0
4.0,1.0,43.0,,FACTORY TENDER REPORT,There is increased speculation of small sized factory tenders to BUY electricity from the local market.,96,2026-02-01 05:43:35.280824,NG,2.16,2.14,2.18,800000.0,800000.0,,,0,0,0,0
3.0,1.0,1.0,,You are logged in as a TRADER,,96,2026-02-01 05:43:35.280824,ELEC-day2,0.0,0.0,0.0,,,,,0,0,0,0
2.0,1.0,1.0,,FINES,"The fine for open positions of ELEC-dayX at the end of the day is $20,000/contract.",96,2026-02-01 05:43:35.280824,ELEC-day3,0.0,0.0,0.0,,,,,0,0,0,0
1.0,1.0,1.0,,Welcome to the RITC2026 GBE Energy Electricity Trading Case - practice server,,96,2026-02-01 05:43:35.280824,ELEC-day4,0.0,0.0,0.0,,,,,0,0,0,0
,,,,,,96,2026-02-01 05:43:35.280824,ELEC-day5,0.0,0.0,0.0,,,,,0,0,0,0
,,,,,,96,2026-02-01 05:43:35.280824,ELEC-day6,0.0,0.0,0.0,,,,,0,0,0,0
,,,,,,96,2026-02-01 05:43:35.280824,ELEC-F,60.0,30.0,60.0,,,60.0,60.0,0,0,0,0
4.0,1.0,43.0,,FACTORY TENDER REPORT,There is increased speculation of small sized factory tenders to BUY electricity from the local market.,101,2026-02-01 05:43:39.839008,NG,2.15,2.13,2.17,800000.0,800000.0,,,0,0,0,0
3.0,1.0,1.0,,You are logged in as a TRADER,,101,2026-02-01 05:43:39.839008,ELEC-day2,0.0,0.0,0.0,,,,,0,0,0,0
2.0,1.0,1.0,,FINES,"The fine for open positions of ELEC-dayX at the end of the day is $20,000/contract.",101,2026-02-01 05:43:39.839008,ELEC-day3,0.0,0.0,0.0,,,,,0,0,0,0
1.0,1.0,1.0,,Welcome to the RITC2026 GBE Energy Electricity Trading Case - practice server,,101,2026-02-01 05:43:39.839008,ELEC-day4,0.0,0.0,0.0,,,,,0,0,0,0
,,,,,,101,2026-02-01 05:43:39.839008,ELEC-day5,0.0,0.0,0.0,,,,,0,0,0,0
,,,,,,101,2026-02-01 05:43:39.839008,ELEC-day6,0.0,0.0,0.0,,,,,0,0,0,0
,,,,,,101,2026-02-01 05:43:39.839008,ELEC-F,60.0,30.0,60.0,,,60.0,60.0,0,0,0,0
4.0,1.0,43.0,,FACTORY TENDER REPORT,There is increased speculation of small sized factory tenders to BUY electricity from the local market.,102,2026-02-01 05:43:40.990764,NG,2.15,2.13,2.17,800000.0,800000.0,,,0,0,0,0
3.0,1.0,1.0,,You are logged in as a TRADER,,102,2026-02-01 05:43:40.990764,ELEC-day2,0.0,0.0,0.0,,,,,0,0,0,0
2.0,1.0,1.0,,FINES,"The fine for open positions of ELEC-dayX at the end of the day is $20,000/contract.",102,2026-02-01 05:43:40.990764,ELEC-day3,0.0,0.0,0.0,,,,,0,0,0,0
1.0,1.0,1.0,,Welcome to the RITC2026 GBE Energy Electricity Trading Case - practice server,,102,2026-02-01 05:43:40.990764,ELEC-day4,0.0,0.0,0.0,,,,,0,0,0,0
,,,,,,102,2026-02-01 05:43:40.990764,ELEC-day5,0.0,0.0,0.0,,,,,0,0,0,0
,,,,,,102,2026-02-01 05:43:40.990764,ELEC-day6,0.0,0.0,0.0,,,,,0,0,0,0
,,,,,,102,2026-02-01 05:43:40.990764,ELEC-F,60.0,30.0,60.0,,,60.0,60.0,0,0,0,0
4.0,1.0,43.0,,FACTORY TENDER REPORT,There is increased speculation of small sized factory tenders to BUY electricity from the local market.,103,2026-02-01 05:43:42.030714,NG,2.15,2.13,2.17,800000.0,800000.0,,,0,0,0,0
3.0,1.0,1.0,,You are logged in as a TRADER,,103,2026-02-01 05:43:42.030714,ELEC-day2,0.0,0.0,0.0,,,,,0,0,0,0
2.0,1.0,1.0,,FINES,"The fine for open positions of ELEC-dayX at the end of the day is $20,000/contract.",103,2026-02-01 05:43:42.030714,ELEC-day3,0.0,0.0,0.0,,,,,0,0,0,0
1.0,1.0,1.0,,Welcome to the RITC2026 GBE Energy Electricity Trading Case - practice server,,103,2026-02-01 05:43:42.030714,ELEC-day4,0.0,0.0,0.0,,,,,0,0,0,0
,,,,,,103,2026-02-01 05:43:42.030714,ELEC-day5,0.0,0.0,0.0,,,,,0,0,0,0
,,,,,,103,2026-02-01 05:43:42.030714,ELEC-day6,0.0,0.0,0.0,,,,,0,0,0,0
,,,,,,103,2026-02-01 05:43:42.030714,ELEC-F,60.0,30.0,60.0,,,60.0,60.0,0,0,0,0
4.0,1.0,43.0,,FACTORY TENDER REPORT,There is increased speculation of small sized factory tenders to BUY electricity from the local market.,104,2026-02-01 05:43:43.061346,NG,2.16,2.14,2.18,800000.0,800000.0,,,0,0,0,0
3.0,1.0,1.0,,You are logged in as a TRADER,,104,2026-02-01 05:43:43.061346,ELEC-day2,0.0,0.0,0.0,,,,,0,0,0,0
2.0,1.0,1.0,,FINES,"The fine for open positions of ELEC-dayX at the end of the day is $20,000/contract.",104,2026-02-01 05:43:43.061346,ELEC-day3,0.0,0.0,0.0,,,,,0,0,0,0
1.0,1.0,1.0,,Welcome to the RITC2026 GBE Energy Electricity Trading Case - practice server,,104,2026-02-01 05:43:43.061346,ELEC-day4,0.0,0.0,0.0,,,,,0,0,0,0
,,,,,,104,2026-02-01 05:43:43.061346,ELEC-day5,0.0,0.0,0.0,,,,,0,0,0,0
,,,,,,104,2026-02-01 05:43:43.061346,ELEC-day6,0.0,0.0,0.0,,,,,0,0,0,0
,,,,,,104,2026-02-01 05:43:43.061346,ELEC-F,60.0,30.0,60.0,,,60.0,60.0,0,0,0,0
4.0,1.0,43.0,,FACTORY TENDER REPORT,There is increased speculation of small sized factory tenders to BUY electricity from the local market.,105,2026-02-01 05:43:44.103478,NG,2.16,2.14,2.18,800000.0,800000.0,,,0,0,0,0
3.0,1.0,1.0,,You are logged in as a TRADER,,105,2026-02-01 05:43:44.103478,ELEC-day2,0.0,0.0,0.0,,,,,0,0,0,0
2.0,1.0,1.0,,FINES,"The fine for open positions of ELEC-dayX at the end of the day is $20,000/contract.",105,2026-02-01 05:43:44.103478,ELEC-day3,0.0,0.0,0.0,,,,,0,0,0,0
1.0,1.0,1.0,,Welcome to the RITC2026 GBE Energy Electricity Trading Case - practice server,,105,2026-02-01 05:43:44.103478,ELEC-day4,0.0,0.0,0.0,,,,,0,0,0,0
,,,,,,105,2026-02-01 05:43:44.103478,ELEC-day5,0.0,0.0,0.0,,,,,0,0,0,0
,,,,,,105,2026-02-01 05:43:44.103478,ELEC-day6,0.0,0.0,0.0,,,,,0,0,0,0
,,,,,,105,2026-02-01 05:43:44.103478,ELEC-F,60.0,30.0,60.0,,,60.0,60.0,0,0,0,0
4.0,1.0,43.0,,FACTORY TENDER REPORT,There is increased speculation of small sized factory tenders to BUY electricity from the local market.,106,2026-02-01 05:43:45.227110,NG,2.16,2.14,2.18,800000.0,800000.0,,,0,0,0,0
3.0,1.0,1.0,,You are logged in as a TRADER,,106,2026-02-01 05:43:45.227110,ELEC-day2,0.0,0.0,0.0,,,,,0,0,0,0
2.0,1.0,1.0,,FINES,"The fine for open positions of ELEC-dayX at the end of the day is $20,000/contract.",106,2026-02-01 05:43:45.227110,ELEC-day3,0.0,0.0,0.0,,,,,0,0,0,0
1.0,1.0,1.0,,Welcome to the RITC2026 GBE Energy Electricity Trading Case - practice server,,106,2026-02-01 05:43:45.227110,ELEC-day4,0.0,0.0,0.0,,,,,0,0,0,0
,,,,,,106,2026-02-01 05:43:45.227110,ELEC-day5,0.0,0.0,0.0,,,,,0,0,0,0
,,,,,,106,2026-02-01 05:43:45.227110,ELEC-day6,0.0,0.0,0.0,,,,,0,0,0,0
,,,,,,106,2026-02-01 05:43:45.227110,ELEC-F,60.0,30.0,60.0,,,60.0,60.0,0,0,0,0
4.0,1.0,43.0,,FACTORY TENDER REPORT,There is increased speculation of small sized factory tenders to BUY electricity from the local market.,108,2026-02-01 05:43:46.941698,NG,2.16,2.14,2.18,800000.0,800000.0,,,0,0,0,0
3.0,1.0,1.0,,You are logged in as a TRADER,,108,2026-02-01 05:43:46.941698,ELEC-day2,0.0,0.0,0.0,,,,,0,0,0,0
2.0,1.0,1.0,,FINES,"The fine for open positions of ELEC-dayX at the end of the day is $20,000/contract.",108,2026-02-01 05:43:46.941698,ELEC-day3,0.0,0.0,0.0,,,,,0,0,0,0
1.0,1.0,1.0,,Welcome to the RITC2026 GBE Energy Electricity Trading Case - practice server,,108,2026-02-01 05:43:46.941698,ELEC-day4,0.0,0.0,0.0,,,,,0,0,0,0
,,,,,,108,2026-02-01 05:43:46.941698,ELEC-day5,0.0,0.0,0.0,,,,,0,0,0,0
,,,,,,108,2026-02-01 05:43:46.941698,ELEC-day6,0.0,0.0,0.0,,,,,0,0,0,0
,,,,,,108,2026-02-01 05:43:46.941698,ELEC-F,60.0,30.0,60.0,,,60.0,60.0,0,0,0,0
4.0,1.0,43.0,,FACTORY TENDER REPORT,There is increased speculation of small sized factory tenders to BUY electricity from the local market.,111,2026-02-01 05:43:49.878141,NG,2.16,2.14,2.18,800000.0,800000.0,,,0,0,0,0
3.0,1.0,1.0,,You are logged in as a TRADER,,111,2026-02-01 05:43:49.878141,ELEC-day2,0.0,0.0,0.0,,,,,0,0,0,0
2.0,1.0,1.0,,FINES,"The fine for open positions of ELEC-dayX at the end of the day is $20,000/contract.",111,2026-02-01 05:43:49.878141,ELEC-day3,0.0,0.0,0.0,,,,,0,0,0,0
1.0,1.0,1.0,,Welcome to the RITC2026 GBE Energy Electricity Trading Case - practice server,,111,2026-02-01 05:43:49.878141,ELEC-day4,0.0,0.0,0.0,,,,,0,0,0,0
,,,,,,111,2026-02-01 05:43:49.878141,ELEC-day5,0.0,0.0,0.0,,,,,0,0,0,0
,,,,,,111,2026-02-01 05:43:49.878141,ELEC-day6,0.0,0.0,0.0,,,,,0,0,0,0
,,,,,,111,2026-02-01 05:43:49.878141,ELEC-F,60.0,30.0,60.0,,,60.0,60.0,0,0,0,0
4.0,1.0,43.0,,FACTORY TENDER REPORT,There is increased speculation of small sized factory tenders to BUY electricity from the local market.,112,2026-02-01 05:43:50.910948,NG,2.16,2.14,2.18,800000.0,800000.0,,,0,0,0,0
3.0,1.0,1.0,,You are logged in as a TRADER,,112,2026-02-01 05:43:50.910948,ELEC-day2,0.0,0.0,0.0,,,,,0,0,0,0
2.0,1.0,1.0,,FINES,"The fine for open positions of ELEC-dayX at the end of the day is $20,000/contract.",112,2026-02-01 05:43:50.910948,ELEC-day3,0.0,0.0,0.0,,,,,0,0,0,0
1.0,1.0,1.0,,Welcome to the RITC2026 GBE Energy Electricity Trading Case - practice server,,112,2026-02-01 05:43:50.910948,ELEC-day4,0.0,0.0,0.0,,,,,0,0,0,0
,,,,,,112,2026-02-01 05:43:50.910948,ELEC-day5,0.0,0.0,0.0,,,,,0,0,0,0
,,,,,,112,2026-02-01 05:43:50.910948,ELEC-day6,0.0,0.0,0.0,,,,,0,0,0,0
,,,,,,112,2026-02-01 05:43:50.910948,ELEC-F,60.0,30.0,60.0,,,60.0,60.0,0,0,0,0
4.0,1.0,43.0,,FACTORY TENDER REPORT,There is increased speculation of small sized factory tenders to BUY electricity from the local market.,113,2026-02-01 05:43:51.937479,NG,2.17,2.15,2.19,800000.0,800000.0,,,0,0,0,0
3.0,1.0,1.0,,You are logged in as a TRADER,,113,2026-02-01 05:43:51.937479,ELEC-day2,0.0,0.0,0.0,,,,,0,0,0,0
2.0,1.0,1.0,,FINES,"The fine for open positions of ELEC-dayX at the end of the day is $20,000/contract.",113,2026-02-01 05:43:51.937479,ELEC-day3,0.0,0.0,0.0,,,,,0,0,0,0
1.0,1.0,1.0,,Welcome to the RITC2026 GBE Energy Electricity Trading Case - practice server,,113,2026-02-01 05:43:51.937479,ELEC-day4,0.0,0.0,0.0,,,,,0,0,0,0
,,,,,,113,2026-02-01 05:43:51.937479,ELEC-day5,0.0,0.0,0.0,,,,,0,0,0,0
,,,,,,113,2026-02-01 05:43:51.937479,ELEC-day6,0.0,0.0,0.0,,,,,0,0,0,0
,,,,,,113,2026-02-01 05:43:51.937479,ELEC-F,60.0,30.0,60.0,,,60.0,60.0,0,0,0,0
4.0,1.0,43.0,,FACTORY TENDER REPORT,There is increased speculation of small sized factory tenders to BUY electricity from the local market.,114,2026-02-01 05:43:52.973603,NG,2.17,2.15,2.19,800000.0,800000.0,,,0,0,0,0
3.0,1.0,1.0,,You are logged in as a TRADER,,114,2026-02-01 05:43:52.973603,ELEC-day2,0.0,0.0,0.0,,,,,0,0,0,0
2.0,1.0,1.0,,FINES,"The fine for open positions of ELEC-dayX at the end of the day is $20,000/contract.",114,2026-02-01 05:43:52.973603,ELEC-day3,0.0,0.0,0.0,,,,,0,0,0,0
1.0,1.0,1.0,,Welcome to the RITC2026 GBE Energy Electricity Trading Case - practice server,,114,2026-02-01 05:43:52.973603,ELEC-day4,0.0,0.0,0.0,,,,,0,0,0,0
,,,,,,114,2026-02-01 05:43:52.973603,ELEC-day5,0.0,0.0,0.0,,,,,0,0,0,0
,,,,,,114,2026-02-01 05:43:52.973603,ELEC-day6,0.0,0.0,0.0,,,,,0,0,0,0
,,,,,,114,2026-02-01 05:43:52.973603,ELEC-F,60.0,30.0,60.0,,,60.0,60.0,0,0,0,0
4.0,1.0,43.0,,FACTORY TENDER REPORT,There is increased speculation of small sized factory tenders to BUY electricity from the local market.,115,2026-02-01 05:43:54.008670,NG,2.16,2.14,2.18,800000.0,800000.0,,,0,0,0,0
3.0,1.0,1.0,,You are logged in as a TRADER,,115,2026-02-01 05:43:54.008670,ELEC-day2,0.0,0.0,0.0,,,,,0,0,0,0
2.0,1.0,1.0,,FINES,"The fine for open positions of ELEC-dayX at the end of the day is $20,000/contract.",115,2026-02-01 05:43:54.008670,ELEC-day3,0.0,0.0,0.0,,,,,0,0,0,0
1.0,1.0,1.0,,Welcome to the RITC2026 GBE Energy Electricity Trading Case - practice server,,115,2026-02-01 05:43:54.008670,ELEC-day4,0.0,0.0,0.0,,,,,0,0,0,0
,,,,,,115,2026-02-01 05:43:54.008670,ELEC-day5,0.0,0.0,0.0,,,,,0,0,0,0
,,,,,,115,2026-02-01 05:43:54.008670,ELEC-day6,0.0,0.0,0.0,,,,,0,0,0,0
,,,,,,115,2026-02-01 05:43:54.008670,ELEC-F,60.0,30.0,60.0,,,60.0,60.0,0,0,0,0
4.0,1.0,43.0,,FACTORY TENDER REPORT,There is increased speculation of small sized factory tenders to BUY electricity from the local market.,116,2026-02-01 05:43:55.034439,NG,2.16,2.14,2.18,800000.0,800000.0,,,0,0,0,0
3.0,1.0,1.0,,You are logged in as a TRADER,,116,2026-02-01 05:43:55.034439,ELEC-day2,0.0,0.0,0.0,,,,,0,0,0,0
2.0,1.0,1.0,,FINES,"The fine for open positions of ELEC-dayX at the end of the day is $20,000/contract.",116,2026-02-01 05:43:55.034439,ELEC-day3,0.0,0.0,0.0,,,,,0,0,0,0
1.0,1.0,1.0,,Welcome to the RITC2026 GBE Energy Electricity Trading Case - practice server,,116,2026-02-01 05:43:55.034439,ELEC-day4,0.0,0.0,0.0,,,,,0,0,0,0
,,,,,,116,2026-02-01 05:43:55.034439,ELEC-day5,0.0,0.0,0.0,,,,,0,0,0,0
,,,,,,116,2026-02-01 05:43:55.034439,ELEC-day6,0.0,0.0,0.0,,,,,0,0,0,0
,,,,,,116,2026-02-01 05:43:55.034439,ELEC-F,60.0,30.0,60.0,,,60.0,60.0,0,0,0,0
4.0,1.0,43.0,,FACTORY TENDER REPORT,There is increased speculation of small sized factory tenders to BUY electricity from the local market.,117,2026-02-01 05:43:56.061870,NG,2.17,2.15,2.19,800000.0,800000.0,,,0,0,0,0
3.0,1.0,1.0,,You are logged in as a TRADER,,117,2026-02-01 05:43:56.061870,ELEC-day2,0.0,0.0,0.0,,,,,0,0,0,0
2.0,1.0,1.0,,FINES,"The fine for open positions of ELEC-dayX at the end of the day is $20,000/contract.",117,2026-02-01 05:43:56.061870,ELEC-day3,0.0,0.0,0.0,,,,,0,0,0,0
1.0,1.0,1.0,,Welcome to the RITC2026 GBE Energy Electricity Trading Case - practice server,,117,2026-02-01 05:43:56.061870,ELEC-day4,0.0,0.0,0.0,,,,,0,0,0,0
,,,,,,117,2026-02-01 05:43:56.061870,ELEC-day5,0.0,0.0,0.0,,,,,0,0,0,0
,,,,,,117,2026-02-01 05:43:56.061870,ELEC-day6,0.0,0.0,0.0,,,,,0,0,0,0
,,,,,,117,2026-02-01 05:43:56.061870,ELEC-F,60.0,30.0,60.0,,,60.0,60.0,0,0,0,0
4.0,1.0,43.0,,FACTORY TENDER REPORT,There is increased speculation of small sized factory tenders to BUY electricity from the local market.,118,2026-02-01 05:43:57.092300,NG,2.16,2.14,2.18,800000.0,800000.0,,,0,0,0,0
3.0,1.0,1.0,,You are logged in as a TRADER,,118,2026-02-01 05:43:57.092300,ELEC-day2,0.0,0.0,0.0,,,,,0,0,0,0
2.0,1.0,1.0,,FINES,"The fine for open positions of ELEC-dayX at the end of the day is $20,000/contract.",118,2026-02-01 05:43:57.092300,ELEC-day3,0.0,0.0,0.0,,,,,0,0,0,0
1.0,1.0,1.0,,Welcome to the RITC2026 GBE Energy Electricity Trading Case - practice server,,118,2026-02-01 05:43:57.092300,ELEC-day4,0.0,0.0,0.0,,,,,0,0,0,0
,,,,,,118,2026-02-01 05:43:57.092300,ELEC-day5,0.0,0.0,0.0,,,,,0,0,0,0
,,,,,,118,2026-02-01 05:43:57.092300,ELEC-day6,0.0,0.0,0.0,,,,,0,0,0,0
,,,,,,118,2026-02-01 05:43:57.092300,ELEC-F,60.0,30.0,60.0,,,60.0,60.0,0,0,0,0
4.0,1.0,43.0,,FACTORY TENDER REPORT,There is increased speculation of small sized factory tenders to BUY electricity from the local market.,119,2026-02-01 05:43:58.126249,NG,2.15,2.13,2.17,800000.0,800000.0,,,0,0,0,0
3.0,1.0,1.0,,You are logged in as a TRADER,,119,2026-02-01 05:43:58.126249,ELEC-day2,0.0,0.0,0.0,,,,,0,0,0,0
2.0,1.0,1.0,,FINES,"The fine for open positions of ELEC-dayX at the end of the day is $20,000/contract.",119,2026-02-01 05:43:58.126249,ELEC-day3,0.0,0.0,0.0,,,,,0,0,0,0
1.0,1.0,1.0,,Welcome to the RITC2026 GBE Energy Electricity Trading Case - practice server,,119,2026-02-01 05:43:58.126249,ELEC-day4,0.0,0.0,0.0,,,,,0,0,0,0
,,,,,,119,2026-02-01 05:43:58.126249,ELEC-day5,0.0,0.0,0.0,,,,,0,0,0,0
,,,,,,119,2026-02-01 05:43:58.126249,ELEC-day6,0.0,0.0,0.0,,,,,0,0,0,0
,,,,,,119,2026-02-01 05:43:58.126249,ELEC-F,60.0,30.0,60.0,,,60.0,60.0,0,0,0,0
4.0,1.0,43.0,,FACTORY TENDER REPORT,There is increased speculation of small sized factory tenders to BUY electricity from the local market.,120,2026-02-01 05:43:59.161363,NG,2.15,2.13,2.17,800000.0,800000.0,,,0,0,0,0
3.0,1.0,1.0,,You are logged in as a TRADER,,120,2026-02-01 05:43:59.161363,ELEC-day2,0.0,0.0,0.0,,,,,0,0,0,0
2.0,1.0,1.0,,FINES,"The fine for open positions of ELEC-dayX at the end of the day is $20,000/contract.",120,2026-02-01 05:43:59.161363,ELEC-day3,0.0,0.0,0.0,,,,,0,0,0,0
1.0,1.0,1.0,,Welcome to the RITC2026 GBE Energy Electricity Trading Case - practice server,,120,2026-02-01 05:43:59.161363,ELEC-day4,0.0,0.0,0.0,,,,,0,0,0,0
,,,,,,120,2026-02-01 05:43:59.161363,ELEC-day5,0.0,0.0,0.0,,,,,0,0,0,0
,,,,,,120,2026-02-01 05:43:59.161363,ELEC-day6,0.0,0.0,0.0,,,,,0,0,0,0
,,,,,,120,2026-02-01 05:43:59.161363,ELEC-F,60.0,30.0,60.0,,,60.0,60.0,0,0,0,0
4.0,1.0,43.0,,FACTORY TENDER REPORT,There is increased speculation of small sized factory tenders to BUY electricity from the local market.,121,2026-02-01 05:44:00.187635,NG,2.15,2.13,2.17,800000.0,800000.0,,,0,0,0,0
3.0,1.0,1.0,,You are logged in as a TRADER,,121,2026-02-01 05:44:00.187635,ELEC-day2,0.0,0.0,0.0,,,,,0,0,0,0
2.0,1.0,1.0,,FINES,"The fine for open positions of ELEC-dayX at the end of the day is $20,000/contract.",121,2026-02-01 05:44:00.187635,ELEC-day3,0.0,0.0,0.0,,,,,0,0,0,0
1.0,1.0,1.0,,Welcome to the RITC2026 GBE Energy Electricity Trading Case - practice server,,121,2026-02-01 05:44:00.187635,ELEC-day4,0.0,0.0,0.0,,,,,0,0,0,0
,,,,,,121,2026-02-01 05:44:00.187635,ELEC-day5,0.0,0.0,0.0,,,,,0,0,0,0
,,,,,,121,2026-02-01 05:44:00.187635,ELEC-day6,0.0,0.0,0.0,,,,,0,0,0,0
,,,,,,121,2026-02-01 05:44:00.187635,ELEC-F,60.0,30.0,60.0,,,60.0,60.0,0,0,0,0
4.0,1.0,43.0,,FACTORY TENDER REPORT,There is increased speculation of small sized factory tenders to BUY electricity from the local market.,122,2026-02-01 05:44:01.226491,NG,2.16,2.14,2.18,800000.0,800000.0,,,0,0,0,0
3.0,1.0,1.0,,You are logged in as a TRADER,,122,2026-02-01 05:44:01.226491,ELEC-day2,0.0,0.0,0.0,,,,,0,0,0,0
2.0,1.0,1.0,,FINES,"The fine for open positions of ELEC-dayX at the end of the day is $20,000/contract.",122,2026-02-01 05:44:01.226491,ELEC-day3,0.0,0.0,0.0,,,,,0,0,0,0
1.0,1.0,1.0,,Welcome to the RITC2026 GBE Energy Electricity Trading Case - practice server,,122,2026-02-01 05:44:01.226491,ELEC-day4,0.0,0.0,0.0,,,,,0,0,0,0
,,,,,,122,2026-02-01 05:44:01.226491,ELEC-day5,0.0,0.0,0.0,,,,,0,0,0,0
,,,,,,122,2026-02-01 05:44:01.226491,ELEC-day6,0.0,0.0,0.0,,,,,0,0,0,0
,,,,,,122,2026-02-01 05:44:01.226491,ELEC-F,60.0,30.0,60.0,,,60.0,60.0,0,0,0,0
4.0,1.0,43.0,,FACTORY TENDER REPORT,There is increased speculation of small sized factory tenders to BUY electricity from the local market.,123,2026-02-01 05:44:02.253123,NG,2.15,2.13,2.17,800000.0,800000.0,,,0,0,0,0
3.0,1.0,1.0,,You are logged in as a TRADER,,123,2026-02-01 05:44:02.253123,ELEC-day2,0.0,0.0,0.0,,,,,0,0,0,0
2.0,1.0,1.0,,FINES,"The fine for open positions of ELEC-dayX at the end of the day is $20,000/contract.",123,2026-02-01 05:44:02.253123,ELEC-day3,0.0,0.0,0.0,,,,,0,0,0,0
1.0,1.0,1.0,,Welcome to the RITC2026 GBE Energy Electricity Trading Case - practice server,,123,2026-02-01 05:44:02.253123,ELEC-day4,0.0,0.0,0.0,,,,,0,0,0,0
,,,,,,123,2026-02-01 05:44:02.253123,ELEC-day5,0.0,0.0,0.0,,,,,0,0,0,0
,,,,,,123,2026-02-01 05:44:02.253123,ELEC-day6,0.0,0.0,0.0,,,,,0,0,0,0
,,,,,,123,2026-02-01 05:44:02.253123,ELEC-F,60.0,30.0,60.0,,,60.0,60.0,0,0,0,0
4.0,1.0,43.0,,FACTORY TENDER REPORT,There is increased speculation of small sized factory tenders to BUY electricity from the local market.,124,2026-02-01 05:44:03.285418,NG,2.14,2.12,2.16,800000.0,800000.0,,,0,0,0,0
3.0,1.0,1.0,,You are logged in as a TRADER,,124,2026-02-01 05:44:03.285418,ELEC-day2,0.0,0.0,0.0,,,,,0,0,0,0
2.0,1.0,1.0,,FINES,"The fine for open positions of ELEC-dayX at the end of the day is $20,000/contract.",124,2026-02-01 05:44:03.285418,ELEC-day3,0.0,0.0,0.0,,,,,0,0,0,0
1.0,1.0,1.0,,Welcome to the RITC2026 GBE Energy Electricity Trading Case - practice server,,124,2026-02-01 05:44:03.285418,ELEC-day4,0.0,0.0,0.0,,,,,0,0,0,0
,,,,,,124,2026-02-01 05:44:03.285418,ELEC-day5,0.0,0.0,0.0,,,,,0,0,0,0
,,,,,,124,2026-02-01 05:44:03.285418,ELEC-day6,0.0,0.0,0.0,,,,,0,0,0,0
,,,,,,124,2026-02-01 05:44:03.285418,ELEC-F,60.0,30.0,60.0,,,60.0,60.0,0,0,0,0
4.0,1.0,43.0,,FACTORY TENDER REPORT,There is increased speculation of small sized factory tenders to BUY electricity from the local market.,125,2026-02-01 05:44:04.315948,NG,2.14,2.12,2.16,800000.0,800000.0,,,0,0,0,0
3.0,1.0,1.0,,You are logged in as a TRADER,,125,2026-02-01 05:44:04.315948,ELEC-day2,0.0,0.0,0.0,,,,,0,0,0,0
2.0,1.0,1.0,,FINES,"The fine for open positions of ELEC-dayX at the end of the day is $20,000/contract.",125,2026-02-01 05:44:04.315948,ELEC-day3,0.0,0.0,0.0,,,,,0,0,0,0
1.0,1.0,1.0,,Welcome to the RITC2026 GBE Energy Electricity Trading Case - practice server,,125,2026-02-01 05:44:04.315948,ELEC-day4,0.0,0.0,0.0,,,,,0,0,0,0
,,,,,,125,2026-02-01 05:44:04.315948,ELEC-day5,0.0,0.0,0.0,,,,,0,0,0,0
,,,,,,125,2026-02-01 05:44:04.315948,ELEC-day6,0.0,0.0,0.0,,,,,0,0,0,0
,,,,,,125,2026-02-01 05:44:04.315948,ELEC-F,60.0,30.0,60.0,,,60.0,60.0,0,0,0,0
4.0,1.0,43.0,,FACTORY TENDER REPORT,There is increased speculation of small sized factory tenders to BUY electricity from the local market.,126,2026-02-01 05:44:05.341126,NG,2.14,2.12,2.16,800000.0,800000.0,,,0,0,0,0
3.0,1.0,1.0,,You are logged in as a TRADER,,126,2026-02-01 05:44:05.341126,ELEC-day2,0.0,0.0,0.0,,,,,0,0,0,0
2.0,1.0,1.0,,FINES,"The fine for open positions of ELEC-dayX at the end of the day is $20,000/contract.",126,2026-02-01 05:44:05.341126,ELEC-day3,0.0,0.0,0.0,,,,,0,0,0,0
1.0,1.0,1.0,,Welcome to the RITC2026 GBE Energy Electricity Trading Case - practice server,,126,2026-02-01 05:44:05.341126,ELEC-day4,0.0,0.0,0.0,,,,,0,0,0,0
,,,,,,126,2026-02-01 05:44:05.341126,ELEC-day5,0.0,0.0,0.0,,,,,0,0,0,0
,,,,,,126,2026-02-01 05:44:05.341126,ELEC-day6,0.0,0.0,0.0,,,,,0,0,0,0
,,,,,,126,2026-02-01 05:44:05.341126,ELEC-F,60.0,30.0,60.0,,,60.0,60.0,0,0,0,0
4.0,1.0,43.0,,FACTORY TENDER REPORT,There is increased speculation of small sized factory tenders to BUY electricity from the local market.,127,2026-02-01 05:44:06.379273,NG,2.14,2.12,2.16,800000.0,800000.0,,,0,0,0,0
3.0,1.0,1.0,,You are logged in as a TRADER,,127,2026-02-01 05:44:06.379273,ELEC-day2,0.0,0.0,0.0,,,,,0,0,0,0
2.0,1.0,1.0,,FINES,"The fine for open positions of ELEC-dayX at the end of the day is $20,000/contract.",127,2026-02-01 05:44:06.379273,ELEC-day3,0.0,0.0,0.0,,,,,0,0,0,0
1.0,1.0,1.0,,Welcome to the RITC2026 GBE Energy Electricity Trading Case - practice server,,127,2026-02-01 05:44:06.379273,ELEC-day4,0.0,0.0,0.0,,,,,0,0,0,0
,,,,,,127,2026-02-01 05:44:06.379273,ELEC-day5,0.0,0.0,0.0,,,,,0,0,0,0
,,,,,,127,2026-02-01 05:44:06.379273,ELEC-day6,0.0,0.0,0.0,,,,,0,0,0,0
,,,,,,127,2026-02-01 05:44:06.379273,ELEC-F,60.0,30.0,60.0,,,60.0,60.0,0,0,0,0
4.0,1.0,43.0,,FACTORY TENDER REPORT,There is increased speculation of small sized factory tenders to BUY electricity from the local market.,128,2026-02-01 05:44:07.411434,NG,2.14,2.12,2.16,800000.0,800000.0,,,0,0,0,0
3.0,1.0,1.0,,You are logged in as a TRADER,,128,2026-02-01 05:44:07.411434,ELEC-day2,0.0,0.0,0.0,,,,,0,0,0,0
2.0,1.0,1.0,,FINES,"The fine for open positions of ELEC-dayX at the end of the day is $20,000/contract.",128,2026-02-01 05:44:07.411434,ELEC-day3,0.0,0.0,0.0,,,,,0,0,0,0
1.0,1.0,1.0,,Welcome to the RITC2026 GBE Energy Electricity Trading Case - practice server,,128,2026-02-01 05:44:07.411434,ELEC-day4,0.0,0.0,0.0,,,,,0,0,0,0
,,,,,,128,2026-02-01 05:44:07.411434,ELEC-day5,0.0,0.0,0.0,,,,,0,0,0,0
,,,,,,128,2026-02-01 05:44:07.411434,ELEC-day6,0.0,0.0,0.0,,,,,0,0,0,0
,,,,,,128,2026-02-01 05:44:07.411434,ELEC-F,60.0,30.0,60.0,,,60.0,60.0,0,0,0,0
4.0,1.0,43.0,,FACTORY TENDER REPORT,There is increased speculation of small sized factory tenders to BUY electricity from the local market.,129,2026-02-01 05:44:08.447462,NG,2.14,2.12,2.16,800000.0,800000.0,,,0,0,0,0
3.0,1.0,1.0,,You are logged in as a TRADER,,129,2026-02-01 05:44:08.447462,ELEC-day2,0.0,0.0,0.0,,,,,0,0,0,0
2.0,1.0,1.0,,FINES,"The fine for open positions of ELEC-dayX at the end of the day is $20,000/contract.",129,2026-02-01 05:44:08.447462,ELEC-day3,0.0,0.0,0.0,,,,,0,0,0,0
1.0,1.0,1.0,,Welcome to the RITC2026 GBE Energy Electricity Trading Case - practice server,,129,2026-02-01 05:44:08.447462,ELEC-day4,0.0,0.0,0.0,,,,,0,0,0,0
,,,,,,129,2026-02-01 05:44:08.447462,ELEC-day5,0.0,0.0,0.0,,,,,0,0,0,0
,,,,,,129,2026-02-01 05:44:08.447462,ELEC-day6,0.0,0.0,0.0,,,,,0,0,0,0
,,,,,,129,2026-02-01 05:44:08.447462,ELEC-F,60.0,30.0,60.0,,,60.0,60.0,0,0,0,0
4.0,1.0,43.0,,FACTORY TENDER REPORT,There is increased speculation of small sized factory tenders to BUY electricity from the local market.,130,2026-02-01 05:44:09.473129,NG,2.13,2.11,2.15,800000.0,800000.0,,,0,0,0,0
3.0,1.0,1.0,,You are logged in as a TRADER,,130,2026-02-01 05:44:09.473129,ELEC-day2,0.0,0.0,0.0,,,,,0,0,0,0
2.0,1.0,1.0,,FINES,"The fine for open positions of ELEC-dayX at the end of the day is $20,000/contract.",130,2026-02-01 05:44:09.473129,ELEC-day3,0.0,0.0,0.0,,,,,0,0,0,0
1.0,1.0,1.0,,Welcome to the RITC2026 GBE Energy Electricity Trading Case - practice server,,130,2026-02-01 05:44:09.473129,ELEC-day4,0.0,0.0,0.0,,,,,0,0,0,0
,,,,,,130,2026-02-01 05:44:09.473129,ELEC-day5,0.0,0.0,0.0,,,,,0,0,0,0
,,,,,,130,2026-02-01 05:44:09.473129,ELEC-day6,0.0,0.0,0.0,,,,,0,0,0,0
,,,,,,130,2026-02-01 05:44:09.473129,ELEC-F,60.0,30.0,60.0,,,60.0,60.0,0,0,0,0
4.0,1.0,43.0,,FACTORY TENDER REPORT,There is increased speculation of small sized factory tenders to BUY electricity from the local market.,131,2026-02-01 05:44:10.557457,NG,2.14,2.12,2.16,800000.0,800000.0,,,0,0,0,0
3.0,1.0,1.0,,You are logged in as a TRADER,,131,2026-02-01 05:44:10.557457,ELEC-day2,0.0,0.0,0.0,,,,,0,0,0,0
2.0,1.0,1.0,,FINES,"The fine for open positions of ELEC-dayX at the end of the day is $20,000/contract.",131,2026-02-01 05:44:10.557457,ELEC-day3,0.0,0.0,0.0,,,,,0,0,0,0
1.0,1.0,1.0,,Welcome to the RITC2026 GBE Energy Electricity Trading Case - practice server,,131,2026-02-01 05:44:10.557457,ELEC-day4,0.0,0.0,0.0,,,,,0,0,0,0
,,,,,,131,2026-02-01 05:44:10.557457,ELEC-day5,0.0,0.0,0.0,,,,,0,0,0,0
,,,,,,131,2026-02-01 05:44:10.557457,ELEC-day6,0.0,0.0,0.0,,,,,0,0,0,0
,,,,,,131,2026-02-01 05:44:10.557457,ELEC-F,60.0,30.0,60.0,,,60.0,60.0,0,0,0,0
4.0,1.0,43.0,,FACTORY TENDER REPORT,There is increased speculation of small sized factory tenders to BUY electricity from the local market.,133,2026-02-01 05:44:11.688384,NG,2.15,2.13,2.17,800000.0,800000.0,,,0,0,0,0
3.0,1.0,1.0,,You are logged in as a TRADER,,133,2026-02-01 05:44:11.688384,ELEC-day2,0.0,0.0,0.0,,,,,0,0,0,0
2.0,1.0,1.0,,FINES,"The fine for open positions of ELEC-dayX at the end of the day is $20,000/contract.",133,2026-02-01 05:44:11.688384,ELEC-day3,0.0,0.0,0.0,,,,,0,0,0,0
1.0,1.0,1.0,,Welcome to the RITC2026 GBE Energy Electricity Trading Case - practice server,,133,2026-02-01 05:44:11.688384,ELEC-day4,0.0,0.0,0.0,,,,,0,0,0,0
,,,,,,133,2026-02-01 05:44:11.688384,ELEC-day5,0.0,0.0,0.0,,,,,0,0,0,0
,,,,,,133,2026-02-01 05:44:11.688384,ELEC-day6,0.0,0.0,0.0,,,,,0,0,0,0
,,,,,,133,2026-02-01 05:44:11.688384,ELEC-F,60.0,30.0,60.0,,,60.0,60.0,0,0,0,0
