news_id,period,tick,ticker,headline,body,tick,timestamp,ticker,last_price,bid_price,ask_price,BUY_ANON,SELL_ANON,SELL_LUIS-T1,BUY_LUIS-T2,BUY_BOST-D,SELL_CHUL-P,BUY_LUIS-T1,SELL_LUIS-T2
3.0,1.0,1.0,,You are logged in as a PRODUCER,,1,2026-02-01 13:34:41.576642,NG,2.2,0.0,0.0,800000.0,800000.0,0,0,0,0,0,0
2.0,1.0,1.0,,FINES,"The fine for open positions of ELEC-dayX at the end of the day is $20,000/contract.",1,2026-02-01 13:34:41.576642,ELEC-day2,0.0,0.0,0.0,,,0,0,0,0,0,0
1.0,1.0,1.0,,Welcome to the RITC2026 GBE Energy Electricity Trading Case - practice server,,1,2026-02-01 13:34:41.576642,ELEC-day3,0.0,0.0,0.0,,,0,0,0,0,0,0
,,,,,,1,2026-02-01 13:34:41.576642,ELEC-day4,0.0,0.0,0.0,,,0,0,0,0,0,0
,,,,,,1,2026-02-01 13:34:41.576642,ELEC-day5,0.0,0.0,0.0,,,0,0,0,0,0,0
,,,,,,1,2026-02-01 13:34:41.576642,ELEC-day6,0.0,0.0,0.0,,,0,0,0,0,0,0
,,,,,,1,2026-02-01 13:34:41.576642,ELEC-F,0.0,0.0,0.0,,,0,0,0,0,0,0
4.0,1.0,1.0,,SUNLIGHT Forecast for DAY 2,The weather forecasts call for between 12 and 20 hours of sunlight tomorrow.,2,2026-02-01 13:34:42.606583,NG,2.21,2.19,2.23,800000.0,800000.0,0,0,0,0,0,0
3.0,1.0,1.0,,You are logged in as a PRODUCER,,2,2026-02-01 13:34:42.606583,ELEC-day2,0.0,0.0,0.0,,,0,0,0,0,0,0
2.0,1.0,1.0,,FINES,"The fine for open positions of ELEC-dayX at the end of the day is $20,000/contract.",2,2026-02-01 13:34:42.606583,ELEC-day3,0.0,0.0,0.0,,,0,0,0,0,0,0
1.0,1.0,1.0,,Welcome to the RITC2026 GBE Energy Electricity Trading Case - practice server,,2,2026-02-01 13:34:42.606583,ELEC-day4,0.0,0.0,0.0,,,0,0,0,0,0,0
,,,,,,2,2026-02-01 13:34:42.606583,ELEC-day5,0.0,0.0,0.0,,,0,0,0,0,0,0
,,,,,,2,2026-02-01 13:34:42.606583,ELEC-day6,0.0,0.0,0.0,,,0,0,0,0,0,0
,,,,,,2,2026-02-01 13:34:42.606583,ELEC-F,0.0,0.0,0.0,,,0,0,0,0,0,0
4.0,1.0,1.0,,SUNLIGHT Forecast for DAY 2,The weather forecasts call for between 12 and 20 hours of sunlight tomorrow.,3,2026-02-01 13:34:43.636191,NG,2.2,2.18,2.22,800000.0,800000.0,0,0,0,0,0,0
3.0,1.0,1.0,,You are logged in as a PRODUCER,,3,2026-02-01 13:34:43.636191,ELEC-day2,0.0,0.0,0.0,,,0,0,0,0,0,0
2.0,1.0,1.0,,FINES,"The fine for open positions of ELEC-dayX at the end of the day is $20,000/contract.",3,2026-02-01 13:34:43.636191,ELEC-day3,0.0,0.0,0.0,,,0,0,0,0,0,0
1.0,1.0,1.0,,Welcome to the RITC2026 GBE Energy Electricity Trading Case - practice server,,3,2026-02-01 13:34:43.636191,ELEC-day4,0.0,0.0,0.0,,,0,0,0,0,0,0
,,,,,,3,2026-02-01 13:34:43.636191,ELEC-day5,0.0,0.0,0.0,,,0,0,0,0,0,0
,,,,,,3,2026-02-01 13:34:43.636191,ELEC-day6,0.0,0.0,0.0,,,0,0,0,0,0,0
,,,,,,3,2026-02-01 13:34:43.636191,ELEC-F,0.0,0.0,0.0,,,0,0,0,0,0,0
4.0,1.0,1.0,,SUNLIGHT Forecast for DAY 2,The weather forecasts call for between 12 and 20 hours of sunlight tomorrow.,4,2026-02-01 13:34:44.666536,NG,2.2,2.18,2.22,800000.0,800000.0,0,0,0,0,0,0
3.0,1.0,1.0,,You are logged in as a PRODUCER,,4,2026-02-01 13:34:44.666536,ELEC-day2,0.0,0.0,0.0,,,0,0,0,0,0,0
2.0,1.0,1.0,,FINES,"The fine for open positions of ELEC-dayX at the end of the day is $20,000/contract.",4,2026-02-01 13:34:44.666536,ELEC-day3,0.0,0.0,0.0,,,0,0,0,0,0,0
1.0,1.0,1.0,,Welcome to the RITC2026 GBE Energy Electricity Trading Case - practice server,,4,2026-02-01 13:34:44.666536,ELEC-day4,0.0,0.0,0.0,,,0,0,0,0,0,0
,,,,,,4,2026-02-01 13:34:44.666536,ELEC-day5,0.0,0.0,0.0,,,0,0,0,0,0,0
,,,,,,4,2026-02-01 13:34:44.666536,ELEC-day6,0.0,0.0,0.0,,,0,0,0,0,0,0
,,,,,,4,2026-02-01 13:34:44.666536,ELEC-F,0.0,0.0,0.0,,,0,0,0,0,0,0
4.0,1.0,1.0,,SUNLIGHT Forecast for DAY 2,The weather forecasts call for between 12 and 20 hours of sunlight tomorrow.,5,2026-02-01 13:34:45.699550,NG,2.19,2.17,2.21,800000.0,800000.0,0,0,0,0,0,0
3.0,1.0,1.0,,You are logged in as a PRODUCER,,5,2026-02-01 13:34:45.699550,ELEC-day2,0.0,0.0,0.0,,,0,0,0,0,0,0
2.0,1.0,1.0,,FINES,"The fine for open positions of ELEC-dayX at the end of the day is $20,000/contract.",5,2026-02-01 13:34:45.699550,ELEC-day3,0.0,0.0,0.0,,,0,0,0,0,0,0
1.0,1.0,1.0,,Welcome to the RITC2026 GBE Energy Electricity Trading Case - practice server,,5,2026-02-01 13:34:45.699550,ELEC-day4,0.0,0.0,0.0,,,0,0,0,0,0,0
,,,,,,5,2026-02-01 13:34:45.699550,ELEC-day5,0.0,0.0,0.0,,,0,0,0,0,0,0
,,,,,,5,2026-02-01 13:34:45.699550,ELEC-day6,0.0,0.0,0.0,,,0,0,0,0,0,0
,,,,,,5,2026-02-01 13:34:45.699550,ELEC-F,0.0,0.0,0.0,,,0,0,0,0,0,0
4.0,1.0,1.0,,SUNLIGHT Forecast for DAY 2,The weather forecasts call for between 12 and 20 hours of sunlight tomorrow.,6,2026-02-01 13:34:46.729180,NG,2.2,2.18,2.22,800000.0,800000.0,0,0,0,0,0,0
3.0,1.0,1.0,,You are logged in as a PRODUCER,,6,2026-02-01 13:34:46.729180,ELEC-day2,0.0,0.0,0.0,,,0,0,0,0,0,0
2.0,1.0,1.0,,FINES,"The fine for open positions of ELEC-dayX at the end of the day is $20,000/contract.",6,2026-02-01 13:34:46.729180,ELEC-day3,0.0,0.0,0.0,,,0,0,0,0,0,0
1.0,1.0,1.0,,Welcome to the RITC2026 GBE Energy Electricity Trading Case - practice server,,6,2026-02-01 13:34:46.729180,ELEC-day4,0.0,0.0,0.0,,,0,0,0,0,0,0
,,,,,,6,2026-02-01 13:34:46.729180,ELEC-day5,0.0,0.0,0.0,,,0,0,0,0,0,0
,,,,,,6,2026-02-01 13:34:46.729180,ELEC-day6,0.0,0.0,0.0,,,0,0,0,0,0,0
,,,,,,6,2026-02-01 13:34:46.729180,ELEC-F,0.0,0.0,0.0,,,0,0,0,0,0,0
4.0,1.0,1.0,,SUNLIGHT Forecast for DAY 2,The weather forecasts call for between 12 and 20 hours of sunlight tomorrow.,7,2026-02-01 13:34:47.766773,NG,2.19,2.17,2.21,800000.0,800000.0,0,0,0,0,0,0
3.0,1.0,1.0,,You are logged in as a PRODUCER,,7,2026-02-01 13:34:47.766773,ELEC-day2,0.0,0.0,0.0,,,0,0,0,0,0,0
2.0,1.0,1.0,,FINES,"The fine for open positions of ELEC-dayX at the end of the day is $20,000/contract.",7,2026-02-01 13:34:47.766773,ELEC-day3,0.0,0.0,0.0,,,0,0,0,0,0,0
1.0,1.0,1.0,,Welcome to the RITC2026 GBE Energy Electricity Trading Case - practice server,,7,2026-02-01 13:34:47.766773,ELEC-day4,0.0,0.0,0.0,,,0,0,0,0,0,0
,,,,,,7,2026-02-01 13:34:47.766773,ELEC-day5,0.0,0.0,0.0,,,0,0,0,0,0,0
,,,,,,7,2026-02-01 13:34:47.766773,ELEC-day6,0.0,0.0,0.0,,,0,0,0,0,0,0
,,,,,,7,2026-02-01 13:34:47.766773,ELEC-F,0.0,0.0,0.0,,,0,0,0,0,0,0
4.0,1.0,1.0,,SUNLIGHT Forecast for DAY 2,The weather forecasts call for between 12 and 20 hours of sunlight tomorrow.,8,2026-02-01 13:34:48.801743,NG,2.19,2.17,2.21,800000.0,800000.0,0,0,0,0,0,0
3.0,1.0,1.0,,You are logged in as a PRODUCER,,8,2026-02-01 13:34:48.801743,ELEC-day2,0.0,0.0,0.0,,,0,0,0,0,0,0
2.0,1.0,1.0,,FINES,"The fine for open positions of ELEC-dayX at the end of the day is $20,000/contract.",8,2026-02-01 13:34:48.801743,ELEC-day3,0.0,0.0,0.0,,,0,0,0,0,0,0
1.0,1.0,1.0,,Welcome to the RITC2026 GBE Energy Electricity Trading Case - practice server,,8,2026-02-01 13:34:48.801743,ELEC-day4,0.0,0.0,0.0,,,0,0,0,0,0,0
,,,,,,8,2026-02-01 13:34:48.801743,ELEC-day5,0.0,0.0,0.0,,,0,0,0,0,0,0
,,,,,,8,2026-02-01 13:34:48.801743,ELEC-day6,0.0,0.0,0.0,,,0,0,0,0,0,0
,,,,,,8,2026-02-01 13:34:48.801743,ELEC-F,0.0,0.0,0.0,,,0,0,0,0,0,0
4.0,1.0,1.0,,SUNLIGHT Forecast for DAY 2,The weather forecasts call for between 12 and 20 hours of sunlight tomorrow.,9,2026-02-01 13:34:49.841064,NG,2.19,2.17,2.21,800000.0,800000.0,0,0,0,0,0,0
3.0,1.0,1.0,,You are logged in as a PRODUCER,,9,2026-02-01 13:34:49.841064,ELEC-day2,0.0,0.0,0.0,,,0,0,0,0,0,0
2.0,1.0,1.0,,FINES,"The fine for open positions of ELEC-dayX at the end of the day is $20,000/contract.",9,2026-02-01 13:34:49.841064,ELEC-day3,0.0,0.0,0.0,,,0,0,0,0,0,0
1.0,1.0,1.0,,Welcome to the RITC2026 GBE Energy Electricity Trading Case - practice server,,9,2026-02-01 13:34:49.841064,ELEC-day4,0.0,0.0,0.0,,,0,0,0,0,0,0
,,,,,,9,2026-02-01 13:34:49.841064,ELEC-day5,0.0,0.0,0.0,,,0,0,0,0,0,0
,,,,,,9,2026-02-01 13:34:49.841064,ELEC-day6,0.0,0.0,0.0,,,0,0,0,0,0,0
,,,,,,9,2026-02-01 13:34:49.841064,ELEC-F,0.0,0.0,0.0,,,0,0,0,0,0,0
4.0,1.0,1.0,,SUNLIGHT Forecast for DAY 2,The weather forecasts call for between 12 and 20 hours of sunlight tomorrow.,10,2026-02-01 13:34:50.866379,NG,2.18,2.16,2.2,800000.0,800000.0,0,0,0,0,0,0
3.0,1.0,1.0,,You are logged in as a PRODUCER,,10,2026-02-01 13:34:50.866379,ELEC-day2,0.0,0.0,0.0,,,0,0,0,0,0,0
2.0,1.0,1.0,,FINES,"The fine for open positions of ELEC-dayX at the end of the day is $20,000/contract.",10,2026-02-01 13:34:50.866379,ELEC-day3,0.0,0.0,0.0,,,0,0,0,0,0,0
1.0,1.0,1.0,,Welcome to the RITC2026 GBE Energy Electricity Trading Case - practice server,,10,2026-02-01 13:34:50.866379,ELEC-day4,0.0,0.0,0.0,,,0,0,0,0,0,0
,,,,,,10,2026-02-01 13:34:50.866379,ELEC-day5,0.0,0.0,0.0,,,0,0,0,0,0,0
,,,,,,10,2026-02-01 13:34:50.866379,ELEC-day6,0.0,0.0,0.0,,,0,0,0,0,0,0
,,,,,,10,2026-02-01 13:34:50.866379,ELEC-F,0.0,0.0,0.0,,,0,0,0,0,0,0
4.0,1.0,1.0,,SUNLIGHT Forecast for DAY 2,The weather forecasts call for between 12 and 20 hours of sunlight tomorrow.,11,2026-02-01 13:34:51.896364,NG,2.18,2.16,2.2,800000.0,800000.0,0,0,0,0,0,0
3.0,1.0,1.0,,You are logged in as a PRODUCER,,11,2026-02-01 13:34:51.896364,ELEC-day2,0.0,0.0,0.0,,,0,0,0,0,0,0
2.0,1.0,1.0,,FINES,"The fine for open positions of ELEC-dayX at the end of the day is $20,000/contract.",11,2026-02-01 13:34:51.896364,ELEC-day3,0.0,0.0,0.0,,,0,0,0,0,0,0
1.0,1.0,1.0,,Welcome to the RITC2026 GBE Energy Electricity Trading Case - practice server,,11,2026-02-01 13:34:51.896364,ELEC-day4,0.0,0.0,0.0,,,0,0,0,0,0,0
,,,,,,11,2026-02-01 13:34:51.896364,ELEC-day5,0.0,0.0,0.0,,,0,0,0,0,0,0
,,,,,,11,2026-02-01 13:34:51.896364,ELEC-day6,0.0,0.0,0.0,,,0,0,0,0,0,0
,,,,,,11,2026-02-01 13:34:51.896364,ELEC-F,0.0,0.0,0.0,,,0,0,0,0,0,0
4.0,1.0,1.0,,SUNLIGHT Forecast for DAY 2,The weather forecasts call for between 12 and 20 hours of sunlight tomorrow.,12,2026-02-01 13:34:52.916201,NG,2.17,2.15,2.19,800000.0,800000.0,0,0,0,0,0,0
3.0,1.0,1.0,,You are logged in as a PRODUCER,,12,2026-02-01 13:34:52.916201,ELEC-day2,0.0,0.0,0.0,,,0,0,0,0,0,0
2.0,1.0,1.0,,FINES,"The fine for open positions of ELEC-dayX at the end of the day is $20,000/contract.",12,2026-02-01 13:34:52.916201,ELEC-day3,0.0,0.0,0.0,,,0,0,0,0,0,0
1.0,1.0,1.0,,Welcome to the RITC2026 GBE Energy Electricity Trading Case - practice server,,12,2026-02-01 13:34:52.916201,ELEC-day4,0.0,0.0,0.0,,,0,0,0,0,0,0
,,,,,,12,2026-02-01 13:34:52.916201,ELEC-day5,0.0,0.0,0.0,,,0,0,0,0,0,0
,,,,,,12,2026-02-01 13:34:52.916201,ELEC-day6,0.0,0.0,0.0,,,0,0,0,0,0,0
,,,,,,12,2026-02-01 13:34:52.916201,ELEC-F,0.0,0.0,0.0,,,0,0,0,0,0,0
4.0,1.0,1.0,,SUNLIGHT Forecast for DAY 2,The weather forecasts call for between 12 and 20 hours of sunlight tomorrow.,13,2026-02-01 13:34:53.951261,NG,2.17,2.15,2.19,800000.0,800000.0,0,0,0,0,0,0
3.0,1.0,1.0,,You are logged in as a PRODUCER,,13,2026-02-01 13:34:53.951261,ELEC-day2,0.0,0.0,0.0,,,0,0,0,0,0,0
2.0,1.0,1.0,,FINES,"The fine for open positions of ELEC-dayX at the end of the day is $20,000/contract.",13,2026-02-01 13:34:53.951261,ELEC-day3,0.0,0.0,0.0,,,0,0,0,0,0,0
1.0,1.0,1.0,,Welcome to the RITC2026 GBE Energy Electricity Trading Case - practice server,,13,2026-02-01 13:34:53.951261,ELEC-day4,0.0,0.0,0.0,,,0,0,0,0,0,0
,,,,,,13,2026-02-01 13:34:53.951261,ELEC-day5,0.0,0.0,0.0,,,0,0,0,0,0,0
,,,,,,13,2026-02-01 13:34:53.951261,ELEC-day6,0.0,0.0,0.0,,,0,0,0,0,0,0
,,,,,,13,2026-02-01 13:34:53.951261,ELEC-F,0.0,0.0,0.0,,,0,0,0,0,0,0
4.0,1.0,1.0,,SUNLIGHT Forecast for DAY 2,The weather forecasts call for between 12 and 20 hours of sunlight tomorrow.,14,2026-02-01 13:34:54.980992,NG,2.17,2.15,2.19,800000.0,800000.0,0,0,0,0,0,0
3.0,1.0,1.0,,You are logged in as a PRODUCER,,14,2026-02-01 13:34:54.980992,ELEC-day2,0.0,0.0,0.0,,,0,0,0,0,0,0
2.0,1.0,1.0,,FINES,"The fine for open positions of ELEC-dayX at the end of the day is $20,000/contract.",14,2026-02-01 13:34:54.980992,ELEC-day3,0.0,0.0,0.0,,,0,0,0,0,0,0
1.0,1.0,1.0,,Welcome to the RITC2026 GBE Energy Electricity Trading Case - practice server,,14,2026-02-01 13:34:54.980992,ELEC-day4,0.0,0.0,0.0,,,0,0,0,0,0,0
,,,,,,14,2026-02-01 13:34:54.980992,ELEC-day5,0.0,0.0,0.0,,,0,0,0,0,0,0
,,,,,,14,2026-02-01 13:34:54.980992,ELEC-day6,0.0,0.0,0.0,,,0,0,0,0,0,0
,,,,,,14,2026-02-01 13:34:54.980992,ELEC-F,0.0,0.0,0.0,,,0,0,0,0,0,0
4.0,1.0,1.0,,SUNLIGHT Forecast for DAY 2,The weather forecasts call for between 12 and 20 hours of sunlight tomorrow.,16,2026-02-01 13:34:56.046178,NG,2.18,2.16,2.2,800000.0,800000.0,0,0,0,0,0,0
3.0,1.0,1.0,,You are logged in as a PRODUCER,,16,2026-02-01 13:34:56.046178,ELEC-day2,0.0,0.0,0.0,,,0,0,0,0,0,0
2.0,1.0,1.0,,FINES,"The fine for open positions of ELEC-dayX at the end of the day is $20,000/contract.",16,2026-02-01 13:34:56.046178,ELEC-day3,0.0,0.0,0.0,,,0,0,0,0,0,0
1.0,1.0,1.0,,Welcome to the RITC2026 GBE Energy Electricity Trading Case - practice server,,16,2026-02-01 13:34:56.046178,ELEC-day4,0.0,0.0,0.0,,,0,0,0,0,0,0
,,,,,,16,2026-02-01 13:34:56.046178,ELEC-day5,0.0,0.0,0.0,,,0,0,0,0,0,0
,,,,,,16,2026-02-01 13:34:56.046178,ELEC-day6,0.0,0.0,0.0,,,0,0,0,0,0,0
,,,,,,16,2026-02-01 13:34:56.046178,ELEC-F,0.0,0.0,0.0,,,0,0,0,0,0,0
4.0,1.0,1.0,,SUNLIGHT Forecast for DAY 2,The weather forecasts call for between 12 and 20 hours of sunlight tomorrow.,17,2026-02-01 13:34:57.084106,NG,2.17,2.15,2.19,800000.0,800000.0,0,0,0,0,0,0
3.0,1.0,1.0,,You are logged in as a PRODUCER,,17,2026-02-01 13:34:57.084106,ELEC-day2,0.0,0.0,0.0,,,0,0,0,0,0,0
2.0,1.0,1.0,,FINES,"The fine for open positions of ELEC-dayX at the end of the day is $20,000/contract.",17,2026-02-01 13:34:57.084106,ELEC-day3,0.0,0.0,0.0,,,0,0,0,0,0,0
1.0,1.0,1.0,,Welcome to the RITC2026 GBE Energy Electricity Trading Case - practice server,,17,2026-02-01 13:34:57.084106,ELEC-day4,0.0,0.0,0.0,,,0,0,0,0,0,0
,,,,,,17,2026-02-01 13:34:57.084106,ELEC-day5,0.0,0.0,0.0,,,0,0,0,0,0,0
,,,,,,17,2026-02-01 13:34:57.084106,ELEC-day6,0.0,0.0,0.0,,,0,0,0,0,0,0
,,,,,,17,2026-02-01 13:34:57.084106,ELEC-F,0.0,0.0,0.0,,,0,0,0,0,0,0
4.0,1.0,1.0,,SUNLIGHT Forecast for DAY 2,The weather forecasts call for between 12 and 20 hours of sunlight tomorrow.,18,2026-02-01 13:34:58.113224,NG,2.18,2.16,2.2,800000.0,800000.0,0,0,0,0,0,0
3.0,1.0,1.0,,You are logged in as a PRODUCER,,18,2026-02-01 13:34:58.113224,ELEC-day2,0.0,0.0,0.0,,,0,0,0,0,0,0
2.0,1.0,1.0,,FINES,"The fine for open positions of ELEC-dayX at the end of the day is $20,000/contract.",18,2026-02-01 13:34:58.113224,ELEC-day3,0.0,0.0,0.0,,,0,0,0,0,0,0
1.0,1.0,1.0,,Welcome to the RITC2026 GBE Energy Electricity Trading Case - practice server,,18,2026-02-01 13:34:58.113224,ELEC-day4,0.0,0.0,0.0,,,0,0,0,0,0,0
,,,,,,18,2026-02-01 13:34:58.113224,ELEC-day5,0.0,0.0,0.0,,,0,0,0,0,0,0
,,,,,,18,2026-02-01 13:34:58.113224,ELEC-day6,0.0,0.0,0.0,,,0,0,0,0,0,0
,,,,,,18,2026-02-01 13:34:58.113224,ELEC-F,0.0,0.0,0.0,,,0,0,0,0,0,0
4.0,1.0,1.0,,SUNLIGHT Forecast for DAY 2,The weather forecasts call for between 12 and 20 hours of sunlight tomorrow.,19,2026-02-01 13:34:59.146064,NG,2.18,2.16,2.2,800000.0,800000.0,0,0,0,0,0,0
3.0,1.0,1.0,,You are logged in as a PRODUCER,,19,2026-02-01 13:34:59.146064,ELEC-day2,0.0,0.0,0.0,,,0,0,0,0,0,0
2.0,1.0,1.0,,FINES,"The fine for open positions of ELEC-dayX at the end of the day is $20,000/contract.",19,2026-02-01 13:34:59.146064,ELEC-day3,0.0,0.0,0.0,,,0,0,0,0,0,0
1.0,1.0,1.0,,Welcome to the RITC2026 GBE Energy Electricity Trading Case - practice server,,19,2026-02-01 13:34:59.146064,ELEC-day4,0.0,0.0,0.0,,,0,0,0,0,0,0
,,,,,,19,2026-02-01 13:34:59.146064,ELEC-day5,0.0,0.0,0.0,,,0,0,0,0,0,0
,,,,,,19,2026-02-01 13:34:59.146064,ELEC-day6,0.0,0.0,0.0,,,0,0,0,0,0,0
,,,,,,19,2026-02-01 13:34:59.146064,ELEC-F,0.0,0.0,0.0,,,0,0,0,0,0,0
4.0,1.0,1.0,,SUNLIGHT Forecast for DAY 2,The weather forecasts call for between 12 and 20 hours of sunlight tomorrow.,20,2026-02-01 13:35:00.190076,NG,2.18,2.16,2.2,800000.0,800000.0,0,0,0,0,0,0
3.0,1.0,1.0,,You are logged in as a PRODUCER,,20,2026-02-01 13:35:00.190076,ELEC-day2,0.0,0.0,0.0,,,0,0,0,0,0,0
2.0,1.0,1.0,,FINES,"The fine for open positions of ELEC-dayX at the end of the day is $20,000/contract.",20,2026-02-01 13:35:00.190076,ELEC-day3,0.0,0.0,0.0,,,0,0,0,0,0,0
1.0,1.0,1.0,,Welcome to the RITC2026 GBE Energy Electricity Trading Case - practice server,,20,2026-02-01 13:35:00.190076,ELEC-day4,0.0,0.0,0.0,,,0,0,0,0,0,0
,,,,,,20,2026-02-01 13:35:00.190076,ELEC-day5,0.0,0.0,0.0,,,0,0,0,0,0,0
,,,,,,20,2026-02-01 13:35:00.190076,ELEC-day6,0.0,0.0,0.0,,,0,0,0,0,0,0
,,,,,,20,2026-02-01 13:35:00.190076,ELEC-F,0.0,0.0,0.0,,,0,0,0,0,0,0
4.0,1.0,1.0,,SUNLIGHT Forecast for DAY 2,The weather forecasts call for between 12 and 20 hours of sunlight tomorrow.,21,2026-02-01 13:35:01.223130,NG,2.18,2.16,2.2,800000.0,800000.0,0,0,0,0,0,0
3.0,1.0,1.0,,You are logged in as a PRODUCER,,21,2026-02-01 13:35:01.223130,ELEC-day2,0.0,0.0,0.0,,,0,0,0,0,0,0
2.0,1.0,1.0,,FINES,"The fine for open positions of ELEC-dayX at the end of the day is $20,000/contract.",21,2026-02-01 13:35:01.223130,ELEC-day3,0.0,0.0,0.0,,,0,0,0,0,0,0
1.0,1.0,1.0,,Welcome to the RITC2026 GBE Energy Electricity Trading Case - practice server,,21,2026-02-01 13:35:01.223130,ELEC-day4,0.0,0.0,0.0,,,0,0,0,0,0,0
,,,,,,21,2026-02-01 13:35:01.223130,ELEC-day5,0.0,0.0,0.0,,,0,0,0,0,0,0
,,,,,,21,2026-02-01 13:35:01.223130,ELEC-day6,0.0,0.0,0.0,,,0,0,0,0,0,0
,,,,,,21,2026-02-01 13:35:01.223130,ELEC-F,0.0,0.0,0.0,,,0,0,0,0,0,0
4.0,1.0,1.0,,SUNLIGHT Forecast for DAY 2,The weather forecasts call for between 12 and 20 hours of sunlight tomorrow.,22,2026-02-01 13:35:02.266523,NG,2.19,2.17,2.21,800000.0,800000.0,0,0,0,0,0,0
3.0,1.0,1.0,,You are logged in as a PRODUCER,,22,2026-02-01 13:35:02.266523,ELEC-day2,0.0,0.0,0.0,,,0,0,0,0,0,0
2.0,1.0,1.0,,FINES,"The fine for open positions of ELEC-dayX at the end of the day is $20,000/contract.",22,2026-02-01 13:35:02.266523,ELEC-day3,0.0,0.0,0.0,,,0,0,0,0,0,0
1.0,1.0,1.0,,Welcome to the RITC2026 GBE Energy Electricity Trading Case - practice server,,22,2026-02-01 13:35:02.266523,ELEC-day4,0.0,0.0,0.0,,,0,0,0,0,0,0
,,,,,,22,2026-02-01 13:35:02.266523,ELEC-day5,0.0,0.0,0.0,,,0,0,0,0,0,0
,,,,,,22,2026-02-01 13:35:02.266523,ELEC-day6,0.0,0.0,0.0,,,0,0,0,0,0,0
,,,,,,22,2026-02-01 13:35:02.266523,ELEC-F,0.0,0.0,0.0,,,0,0,0,0,0,0
4.0,1.0,1.0,,SUNLIGHT Forecast for DAY 2,The weather forecasts call for between 12 and 20 hours of sunlight tomorrow.,23,2026-02-01 13:35:03.295920,NG,2.19,2.17,2.21,800000.0,800000.0,0,0,0,0,0,0
3.0,1.0,1.0,,You are logged in as a PRODUCER,,23,2026-02-01 13:35:03.295920,ELEC-day2,0.0,0.0,0.0,,,0,0,0,0,0,0
2.0,1.0,1.0,,FINES,"The fine for open positions of ELEC-dayX at the end of the day is $20,000/contract.",23,2026-02-01 13:35:03.295920,ELEC-day3,0.0,0.0,0.0,,,0,0,0,0,0,0
1.0,1.0,1.0,,Welcome to the RITC2026 GBE Energy Electricity Trading Case - practice server,,23,2026-02-01 13:35:03.295920,ELEC-day4,0.0,0.0,0.0,,,0,0,0,0,0,0
,,,,,,23,2026-02-01 13:35:03.295920,ELEC-day5,0.0,0.0,0.0,,,0,0,0,0,0,0
,,,,,,23,2026-02-01 13:35:03.295920,ELEC-day6,0.0,0.0,0.0,,,0,0,0,0,0,0
,,,,,,23,2026-02-01 13:35:03.295920,ELEC-F,0.0,0.0,0.0,,,0,0,0,0,0,0
4.0,1.0,1.0,,SUNLIGHT Forecast for DAY 2,The weather forecasts call for between 12 and 20 hours of sunlight tomorrow.,24,2026-02-01 13:35:04.330579,NG,2.18,2.16,2.2,800000.0,800000.0,0,0,0,0,0,0
3.0,1.0,1.0,,You are logged in as a PRODUCER,,24,2026-02-01 13:35:04.330579,ELEC-day2,0.0,0.0,0.0,,,0,0,0,0,0,0
2.0,1.0,1.0,,FINES,"The fine for open positions of ELEC-dayX at the end of the day is $20,000/contract.",24,2026-02-01 13:35:04.330579,ELEC-day3,0.0,0.0,0.0,,,0,0,0,0,0,0
1.0,1.0,1.0,,Welcome to the RITC2026 GBE Energy Electricity Trading Case - practice server,,24,2026-02-01 13:35:04.330579,ELEC-day4,0.0,0.0,0.0,,,0,0,0,0,0,0
,,,,,,24,2026-02-01 13:35:04.330579,ELEC-day5,0.0,0.0,0.0,,,0,0,0,0,0,0
,,,,,,24,2026-02-01 13:35:04.330579,ELEC-day6,0.0,0.0,0.0,,,0,0,0,0,0,0
,,,,,,24,2026-02-01 13:35:04.330579,ELEC-F,0.0,0.0,0.0,,,0,0,0,0,0,0
4.0,1.0,1.0,,SUNLIGHT Forecast for DAY 2,The weather forecasts call for between 12 and 20 hours of sunlight tomorrow.,25,2026-02-01 13:35:05.363964,NG,2.19,2.17,2.21,800000.0,800000.0,0,0,0,0,0,0
3.0,1.0,1.0,,You are logged in as a PRODUCER,,25,2026-02-01 13:35:05.363964,ELEC-day2,0.0,0.0,0.0,,,0,0,0,0,0,0
2.0,1.0,1.0,,FINES,"The fine for open positions of ELEC-dayX at the end of the day is $20,000/contract.",25,2026-02-01 13:35:05.363964,ELEC-day3,0.0,0.0,0.0,,,0,0,0,0,0,0
1.0,1.0,1.0,,Welcome to the RITC2026 GBE Energy Electricity Trading Case - practice server,,25,2026-02-01 13:35:05.363964,ELEC-day4,0.0,0.0,0.0,,,0,0,0,0,0,0
,,,,,,25,2026-02-01 13:35:05.363964,ELEC-day5,0.0,0.0,0.0,,,0,0,0,0,0,0
,,,,,,25,2026-02-01 13:35:05.363964,ELEC-day6,0.0,0.0,0.0,,,0,0,0,0,0,0
,,,,,,25,2026-02-01 13:35:05.363964,ELEC-F,0.0,0.0,0.0,,,0,0,0,0,0,0
4.0,1.0,1.0,,SUNLIGHT Forecast for DAY 2,The weather forecasts call for between 12 and 20 hours of sunlight tomorrow.,26,2026-02-01 13:35:06.384703,NG,2.19,2.17,2.21,800000.0,800000.0,0,0,0,0,0,0
3.0,1.0,1.0,,You are logged in as a PRODUCER,,26,2026-02-01 13:35:06.384703,ELEC-day2,0.0,0.0,0.0,,,0,0,0,0,0,0
2.0,1.0,1.0,,FINES,"The fine for open positions of ELEC-dayX at the end of the day is $20,000/contract.",26,2026-02-01 13:35:06.384703,ELEC-day3,0.0,0.0,0.0,,,0,0,0,0,0,0
1.0,1.0,1.0,,Welcome to the RITC2026 GBE Energy Electricity Trading Case - practice server,,26,2026-02-01 13:35:06.384703,ELEC-day4,0.0,0.0,0.0,,,0,0,0,0,0,0
,,,,,,26,2026-02-01 13:35:06.384703,ELEC-day5,0.0,0.0,0.0,,,0,0,0,0,0,0
,,,,,,26,2026-02-01 13:35:06.384703,ELEC-day6,0.0,0.0,0.0,,,0,0,0,0,0,0
,,,,,,26,2026-02-01 13:35:06.384703,ELEC-F,0.0,0.0,0.0,,,0,0,0,0,0,0
4.0,1.0,1.0,,SUNLIGHT Forecast for DAY 2,The weather forecasts call for between 12 and 20 hours of sunlight tomorrow.,27,2026-02-01 13:35:07.416062,NG,2.18,2.16,2.2,800000.0,800000.0,0,0,0,0,0,0
3.0,1.0,1.0,,You are logged in as a PRODUCER,,27,2026-02-01 13:35:07.416062,ELEC-day2,0.0,0.0,0.0,,,0,0,0,0,0,0
2.0,1.0,1.0,,FINES,"The fine for open positions of ELEC-dayX at the end of the day is $20,000/contract.",27,2026-02-01 13:35:07.416062,ELEC-day3,0.0,0.0,0.0,,,0,0,0,0,0,0
1.0,1.0,1.0,,Welcome to the RITC2026 GBE Energy Electricity Trading Case - practice server,,27,2026-02-01 13:35:07.416062,ELEC-day4,0.0,0.0,0.0,,,0,0,0,0,0,0
,,,,,,27,2026-02-01 13:35:07.416062,ELEC-day5,0.0,0.0,0.0,,,0,0,0,0,0,0
,,,,,,27,2026-02-01 13:35:07.416062,ELEC-day6,0.0,0.0,0.0,,,0,0,0,0,0,0
,,,,,,27,2026-02-01 13:35:07.416062,ELEC-F,0.0,0.0,0.0,,,0,0,0,0,0,0
4.0,1.0,1.0,,SUNLIGHT Forecast for DAY 2,The weather forecasts call for between 12 and 20 hours of sunlight tomorrow.,28,2026-02-01 13:35:08.450346,NG,2.18,2.16,2.2,800000.0,800000.0,0,0,0,0,0,0
3.0,1.0,1.0,,You are logged in as a PRODUCER,,28,2026-02-01 13:35:08.450346,ELEC-day2,0.0,0.0,0.0,,,0,0,0,0,0,0
2.0,1.0,1.0,,FINES,"The fine for open positions of ELEC-dayX at the end of the day is $20,000/contract.",28,2026-02-01 13:35:08.450346,ELEC-day3,0.0,0.0,0.0,,,0,0,0,0,0,0
1.0,1.0,1.0,,Welcome to the RITC2026 GBE Energy Electricity Trading Case - practice server,,28,2026-02-01 13:35:08.450346,ELEC-day4,0.0,0.0,0.0,,,0,0,0,0,0,0
,,,,,,28,2026-02-01 13:35:08.450346,ELEC-day5,0.0,0.0,0.0,,,0,0,0,0,0,0
,,,,,,28,2026-02-01 13:35:08.450346,ELEC-day6,0.0,0.0,0.0,,,0,0,0,0,0,0
,,,,,,28,2026-02-01 13:35:08.450346,ELEC-F,0.0,0.0,0.0,,,0,0,0,0,0,0
4.0,1.0,1.0,,SUNLIGHT Forecast for DAY 2,The weather forecasts call for between 12 and 20 hours of sunlight tomorrow.,29,2026-02-01 13:35:09.482500,NG,2.18,2.16,2.2,800000.0,800000.0,0,0,0,0,0,0
3.0,1.0,1.0,,You are logged in as a PRODUCER,,29,2026-02-01 13:35:09.482500,ELEC-day2,0.0,0.0,0.0,,,0,0,0,0,0,0
2.0,1.0,1.0,,FINES,"The fine for open positions of ELEC-dayX at the end of the day is $20,000/contract.",29,2026-02-01 13:35:09.482500,ELEC-day3,0.0,0.0,0.0,,,0,0,0,0,0,0
1.0,1.0,1.0,,Welcome to the RITC2026 GBE Energy Electricity Trading Case - practice server,,29,2026-02-01 13:35:09.482500,ELEC-day4,0.0,0.0,0.0,,,0,0,0,0,0,0
,,,,,,29,2026-02-01 13:35:09.482500,ELEC-day5,0.0,0.0,0.0,,,0,0,0,0,0,0
,,,,,,29,2026-02-01 13:35:09.482500,ELEC-day6,0.0,0.0,0.0,,,0,0,0,0,0,0
,,,,,,29,2026-02-01 13:35:09.482500,ELEC-F,0.0,0.0,0.0,,,0,0,0,0,0,0
4.0,1.0,1.0,,SUNLIGHT Forecast for DAY 2,The weather forecasts call for between 12 and 20 hours of sunlight tomorrow.,30,2026-02-01 13:35:10.511624,NG,2.18,2.16,2.2,800000.0,800000.0,0,0,0,0,0,0
3.0,1.0,1.0,,You are logged in as a PRODUCER,,30,2026-02-01 13:35:10.511624,ELEC-day2,0.0,0.0,0.0,,,0,0,0,0,0,0
2.0,1.0,1.0,,FINES,"The fine for open positions of ELEC-dayX at the end of the day is $20,000/contract.",30,2026-02-01 13:35:10.511624,ELEC-day3,0.0,0.0,0.0,,,0,0,0,0,0,0
1.0,1.0,1.0,,Welcome to the RITC2026 GBE Energy Electricity Trading Case - practice server,,30,2026-02-01 13:35:10.511624,ELEC-day4,0.0,0.0,0.0,,,0,0,0,0,0,0
,,,,,,30,2026-02-01 13:35:10.511624,ELEC-day5,0.0,0.0,0.0,,,0,0,0,0,0,0
,,,,,,30,2026-02-01 13:35:10.511624,ELEC-day6,0.0,0.0,0.0,,,0,0,0,0,0,0
,,,,,,30,2026-02-01 13:35:10.511624,ELEC-F,0.0,0.0,0.0,,,0,0,0,0,0,0
4.0,1.0,1.0,,SUNLIGHT Forecast for DAY 2,The weather forecasts call for between 12 and 20 hours of sunlight tomorrow.,31,2026-02-01 13:35:11.547627,NG,2.19,2.17,2.21,800000.0,800000.0,0,0,0,0,0,0
3.0,1.0,1.0,,You are logged in as a PRODUCER,,31,2026-02-01 13:35:11.547627,ELEC-day2,0.0,0.0,0.0,,,0,0,0,0,0,0
2.0,1.0,1.0,,FINES,"The fine for open positions of ELEC-dayX at the end of the day is $20,000/contract.",31,2026-02-01 13:35:11.547627,ELEC-day3,0.0,0.0,0.0,,,0,0,0,0,0,0
1.0,1.0,1.0,,Welcome to the RITC2026 GBE Energy Electricity Trading Case - practice server,,31,2026-02-01 13:35:11.547627,ELEC-day4,0.0,0.0,0.0,,,0,0,0,0,0,0
,,,,,,31,2026-02-01 13:35:11.547627,ELEC-day5,0.0,0.0,0.0,,,0,0,0,0,0,0
,,,,,,31,2026-02-01 13:35:11.547627,ELEC-day6,0.0,0.0,0.0,,,0,0,0,0,0,0
,,,,,,31,2026-02-01 13:35:11.547627,ELEC-F,0.0,0.0,0.0,,,0,0,0,0,0,0
4.0,1.0,1.0,,SUNLIGHT Forecast for DAY 2,The weather forecasts call for between 12 and 20 hours of sunlight tomorrow.,32,2026-02-01 13:35:12.580309,NG,2.19,2.17,2.21,800000.0,800000.0,0,0,0,0,0,0
3.0,1.0,1.0,,You are logged in as a PRODUCER,,32,2026-02-01 13:35:12.580309,ELEC-day2,0.0,0.0,0.0,,,0,0,0,0,0,0
2.0,1.0,1.0,,FINES,"The fine for open positions of ELEC-dayX at the end of the day is $20,000/contract.",32,2026-02-01 13:35:12.580309,ELEC-day3,0.0,0.0,0.0,,,0,0,0,0,0,0
1.0,1.0,1.0,,Welcome to the RITC2026 GBE Energy Electricity Trading Case - practice server,,32,2026-02-01 13:35:12.580309,ELEC-day4,0.0,0.0,0.0,,,0,0,0,0,0,0
,,,,,,32,2026-02-01 13:35:12.580309,ELEC-day5,0.0,0.0,0.0,,,0,0,0,0,0,0
,,,,,,32,2026-02-01 13:35:12.580309,ELEC-day6,0.0,0.0,0.0,,,0,0,0,0,0,0
,,,,,,32,2026-02-01 13:35:12.580309,ELEC-F,0.0,0.0,0.0,,,0,0,0,0,0,0
4.0,1.0,1.0,,SUNLIGHT Forecast for DAY 2,The weather forecasts call for between 12 and 20 hours of sunlight tomorrow.,33,2026-02-01 13:35:13.621134,NG,2.19,2.17,2.21,800000.0,800000.0,0,0,0,0,0,0
3.0,1.0,1.0,,You are logged in as a PRODUCER,,33,2026-02-01 13:35:13.621134,ELEC-day2,0.0,0.0,0.0,,,0,0,0,0,0,0
2.0,1.0,1.0,,FINES,"The fine for open positions of ELEC-dayX at the end of the day is $20,000/contract.",33,2026-02-01 13:35:13.621134,ELEC-day3,0.0,0.0,0.0,,,0,0,0,0,0,0
1.0,1.0,1.0,,Welcome to the RITC2026 GBE Energy Electricity Trading Case - practice server,,33,2026-02-01 13:35:13.621134,ELEC-day4,0.0,0.0,0.0,,,0,0,0,0,0,0
,,,,,,33,2026-02-01 13:35:13.621134,ELEC-day5,0.0,0.0,0.0,,,0,0,0,0,0,0
,,,,,,33,2026-02-01 13:35:13.621134,ELEC-day6,0.0,0.0,0.0,,,0,0,0,0,0,0
,,,,,,33,2026-02-01 13:35:13.621134,ELEC-F,0.0,0.0,0.0,,,0,0,0,0,0,0
4.0,1.0,1.0,,SUNLIGHT Forecast for DAY 2,The weather forecasts call for between 12 and 20 hours of sunlight tomorrow.,34,2026-02-01 13:35:14.665316,NG,2.18,2.16,2.2,800000.0,800000.0,0,0,0,0,0,0
3.0,1.0,1.0,,You are logged in as a PRODUCER,,34,2026-02-01 13:35:14.665316,ELEC-day2,0.0,0.0,0.0,,,0,0,0,0,0,0
2.0,1.0,1.0,,FINES,"The fine for open positions of ELEC-dayX at the end of the day is $20,000/contract.",34,2026-02-01 13:35:14.665316,ELEC-day3,0.0,0.0,0.0,,,0,0,0,0,0,0
1.0,1.0,1.0,,Welcome to the RITC2026 GBE Energy Electricity Trading Case - practice server,,34,2026-02-01 13:35:14.665316,ELEC-day4,0.0,0.0,0.0,,,0,0,0,0,0,0
,,,,,,34,2026-02-01 13:35:14.665316,ELEC-day5,0.0,0.0,0.0,,,0,0,0,0,0,0
,,,,,,34,2026-02-01 13:35:14.665316,ELEC-day6,0.0,0.0,0.0,,,0,0,0,0,0,0
,,,,,,34,2026-02-01 13:35:14.665316,ELEC-F,0.0,0.0,0.0,,,0,0,0,0,0,0
4.0,1.0,1.0,,SUNLIGHT Forecast for DAY 2,The weather forecasts call for between 12 and 20 hours of sunlight tomorrow.,35,2026-02-01 13:35:15.679642,NG,2.17,2.15,2.19,800000.0,800000.0,0,0,0,0,0,0
3.0,1.0,1.0,,You are logged in as a PRODUCER,,35,2026-02-01 13:35:15.679642,ELEC-day2,0.0,0.0,0.0,,,0,0,0,0,0,0
2.0,1.0,1.0,,FINES,"The fine for open positions of ELEC-dayX at the end of the day is $20,000/contract.",35,2026-02-01 13:35:15.679642,ELEC-day3,0.0,0.0,0.0,,,0,0,0,0,0,0
1.0,1.0,1.0,,Welcome to the RITC2026 GBE Energy Electricity Trading Case - practice server,,35,2026-02-01 13:35:15.679642,ELEC-day4,0.0,0.0,0.0,,,0,0,0,0,0,0
,,,,,,35,2026-02-01 13:35:15.679642,ELEC-day5,0.0,0.0,0.0,,,0,0,0,0,0,0
,,,,,,35,2026-02-01 13:35:15.679642,ELEC-day6,0.0,0.0,0.0,,,0,0,0,0,0,0
,,,,,,35,2026-02-01 13:35:15.679642,ELEC-F,0.0,0.0,0.0,,,0,0,0,0,0,0
4.0,1.0,1.0,,SUNLIGHT Forecast for DAY 2,The weather forecasts call for between 12 and 20 hours of sunlight tomorrow.,36,2026-02-01 13:35:16.714078,NG,2.16,2.14,2.18,800000.0,800000.0,0,0,0,0,0,0
3.0,1.0,1.0,,You are logged in as a PRODUCER,,36,2026-02-01 13:35:16.714078,ELEC-day2,0.0,0.0,0.0,,,0,0,0,0,0,0
2.0,1.0,1.0,,FINES,"The fine for open positions of ELEC-dayX at the end of the day is $20,000/contract.",36,2026-02-01 13:35:16.714078,ELEC-day3,0.0,0.0,0.0,,,0,0,0,0,0,0
1.0,1.0,1.0,,Welcome to the RITC2026 GBE Energy Electricity Trading Case - practice server,,36,2026-02-01 13:35:16.714078,ELEC-day4,0.0,0.0,0.0,,,0,0,0,0,0,0
,,,,,,36,2026-02-01 13:35:16.714078,ELEC-day5,0.0,0.0,0.0,,,0,0,0,0,0,0
,,,,,,36,2026-02-01 13:35:16.714078,ELEC-day6,0.0,0.0,0.0,,,0,0,0,0,0,0
,,,,,,36,2026-02-01 13:35:16.714078,ELEC-F,0.0,0.0,0.0,,,0,0,0,0,0,0
4.0,1.0,1.0,,SUNLIGHT Forecast for DAY 2,The weather forecasts call for between 12 and 20 hours of sunlight tomorrow.,37,2026-02-01 13:35:17.748347,NG,2.16,2.14,2.18,800000.0,800000.0,0,0,0,0,0,0
3.0,1.0,1.0,,You are logged in as a PRODUCER,,37,2026-02-01 13:35:17.748347,ELEC-day2,0.0,0.0,0.0,,,0,0,0,0,0,0
2.0,1.0,1.0,,FINES,"The fine for open positions of ELEC-dayX at the end of the day is $20,000/contract.",37,2026-02-01 13:35:17.748347,ELEC-day3,0.0,0.0,0.0,,,0,0,0,0,0,0
1.0,1.0,1.0,,Welcome to the RITC2026 GBE Energy Electricity Trading Case - practice server,,37,2026-02-01 13:35:17.748347,ELEC-day4,0.0,0.0,0.0,,,0,0,0,0,0,0
,,,,,,37,2026-02-01 13:35:17.748347,ELEC-day5,0.0,0.0,0.0,,,0,0,0,0,0,0
,,,,,,37,2026-02-01 13:35:17.748347,ELEC-day6,0.0,0.0,0.0,,,0,0,0,0,0,0
,,,,,,37,2026-02-01 13:35:17.748347,ELEC-F,0.0,0.0,0.0,,,0,0,0,0,0,0
4.0,1.0,1.0,,SUNLIGHT Forecast for DAY 2,The weather forecasts call for between 12 and 20 hours of sunlight tomorrow.,38,2026-02-01 13:35:18.782735,NG,2.15,2.13,2.17,800000.0,800000.0,0,0,0,0,0,0
3.0,1.0,1.0,,You are logged in as a PRODUCER,,38,2026-02-01 13:35:18.782735,ELEC-day2,0.0,0.0,0.0,,,0,0,0,0,0,0
2.0,1.0,1.0,,FINES,"The fine for open positions of ELEC-dayX at the end of the day is $20,000/contract.",38,2026-02-01 13:35:18.782735,ELEC-day3,0.0,0.0,0.0,,,0,0,0,0,0,0
1.0,1.0,1.0,,Welcome to the RITC2026 GBE Energy Electricity Trading Case - practice server,,38,2026-02-01 13:35:18.782735,ELEC-day4,0.0,0.0,0.0,,,0,0,0,0,0,0
,,,,,,38,2026-02-01 13:35:18.782735,ELEC-day5,0.0,0.0,0.0,,,0,0,0,0,0,0
,,,,,,38,2026-02-01 13:35:18.782735,ELEC-day6,0.0,0.0,0.0,,,0,0,0,0,0,0
,,,,,,38,2026-02-01 13:35:18.782735,ELEC-F,0.0,0.0,0.0,,,0,0,0,0,0,0
4.0,1.0,1.0,,SUNLIGHT Forecast for DAY 2,The weather forecasts call for between 12 and 20 hours of sunlight tomorrow.,39,2026-02-01 13:35:19.813302,NG,2.16,2.14,2.18,800000.0,800000.0,0,0,0,0,0,0
3.0,1.0,1.0,,You are logged in as a PRODUCER,,39,2026-02-01 13:35:19.813302,ELEC-day2,0.0,0.0,0.0,,,0,0,0,0,0,0
2.0,1.0,1.0,,FINES,"The fine for open positions of ELEC-dayX at the end of the day is $20,000/contract.",39,2026-02-01 13:35:19.813302,ELEC-day3,0.0,0.0,0.0,,,0,0,0,0,0,0
1.0,1.0,1.0,,Welcome to the RITC2026 GBE Energy Electricity Trading Case - practice server,,39,2026-02-01 13:35:19.813302,ELEC-day4,0.0,0.0,0.0,,,0,0,0,0,0,0
,,,,,,39,2026-02-01 13:35:19.813302,ELEC-day5,0.0,0.0,0.0,,,0,0,0,0,0,0
,,,,,,39,2026-02-01 13:35:19.813302,ELEC-day6,0.0,0.0,0.0,,,0,0,0,0,0,0
,,,,,,39,2026-02-01 13:35:19.813302,ELEC-F,0.0,0.0,0.0,,,0,0,0,0,0,0
4.0,1.0,1.0,,SUNLIGHT Forecast for DAY 2,The weather forecasts call for between 12 and 20 hours of sunlight tomorrow.,40,2026-02-01 13:35:20.845943,NG,2.17,2.15,2.19,800000.0,800000.0,0,0,0,0,0,0
3.0,1.0,1.0,,You are logged in as a PRODUCER,,40,2026-02-01 13:35:20.845943,ELEC-day2,0.0,0.0,0.0,,,0,0,0,0,0,0
2.0,1.0,1.0,,FINES,"The fine for open positions of ELEC-dayX at the end of the day is $20,000/contract.",40,2026-02-01 13:35:20.845943,ELEC-day3,0.0,0.0,0.0,,,0,0,0,0,0,0
1.0,1.0,1.0,,Welcome to the RITC2026 GBE Energy Electricity Trading Case - practice server,,40,2026-02-01 13:35:20.845943,ELEC-day4,0.0,0.0,0.0,,,0,0,0,0,0,0
,,,,,,40,2026-02-01 13:35:20.845943,ELEC-day5,0.0,0.0,0.0,,,0,0,0,0,0,0
,,,,,,40,2026-02-01 13:35:20.845943,ELEC-day6,0.0,0.0,0.0,,,0,0,0,0,0,0
,,,,,,40,2026-02-01 13:35:20.845943,ELEC-F,0.0,0.0,0.0,,,0,0,0,0,0,0
4.0,1.0,1.0,,SUNLIGHT Forecast for DAY 2,The weather forecasts call for between 12 and 20 hours of sunlight tomorrow.,41,2026-02-01 13:35:21.882500,NG,2.16,2.14,2.18,800000.0,800000.0,0,0,0,0,0,0
3.0,1.0,1.0,,You are logged in as a PRODUCER,,41,2026-02-01 13:35:21.882500,ELEC-day2,0.0,0.0,0.0,,,0,0,0,0,0,0
2.0,1.0,1.0,,FINES,"The fine for open positions of ELEC-dayX at the end of the day is $20,000/contract.",41,2026-02-01 13:35:21.882500,ELEC-day3,0.0,0.0,0.0,,,0,0,0,0,0,0
1.0,1.0,1.0,,Welcome to the RITC2026 GBE Energy Electricity Trading Case - practice server,,41,2026-02-01 13:35:21.882500,ELEC-day4,0.0,0.0,0.0,,,0,0,0,0,0,0
,,,,,,41,2026-02-01 13:35:21.882500,ELEC-day5,0.0,0.0,0.0,,,0,0,0,0,0,0
,,,,,,41,2026-02-01 13:35:21.882500,ELEC-day6,0.0,0.0,0.0,,,0,0,0,0,0,0
,,,,,,41,2026-02-01 13:35:21.882500,ELEC-F,0.0,0.0,0.0,,,0,0,0,0,0,0
4.0,1.0,1.0,,SUNLIGHT Forecast for DAY 2,The weather forecasts call for between 12 and 20 hours of sunlight tomorrow.,42,2026-02-01 13:35:22.917777,NG,2.17,2.15,2.19,800000.0,800000.0,0,0,0,0,0,0
3.0,1.0,1.0,,You are logged in as a PRODUCER,,42,2026-02-01 13:35:22.917777,ELEC-day2,0.0,0.0,0.0,,,0,0,0,0,0,0
2.0,1.0,1.0,,FINES,"The fine for open positions of ELEC-dayX at the end of the day is $20,000/contract.",42,2026-02-01 13:35:22.917777,ELEC-day3,0.0,0.0,0.0,,,0,0,0,0,0,0
1.0,1.0,1.0,,Welcome to the RITC2026 GBE Energy Electricity Trading Case - practice server,,42,2026-02-01 13:35:22.917777,ELEC-day4,0.0,0.0,0.0,,,0,0,0,0,0,0
,,,,,,42,2026-02-01 13:35:22.917777,ELEC-day5,0.0,0.0,0.0,,,0,0,0,0,0,0
,,,,,,42,2026-02-01 13:35:22.917777,ELEC-day6,0.0,0.0,0.0,,,0,0,0,0,0,0
,,,,,,42,2026-02-01 13:35:22.917777,ELEC-F,0.0,0.0,0.0,,,0,0,0,0,0,0
4.0,1.0,1.0,,SUNLIGHT Forecast for DAY 2,The weather forecasts call for between 12 and 20 hours of sunlight tomorrow.,43,2026-02-01 13:35:23.955795,NG,2.16,2.14,2.18,800000.0,800000.0,0,0,0,0,0,0
3.0,1.0,1.0,,You are logged in as a PRODUCER,,43,2026-02-01 13:35:23.955795,ELEC-day2,0.0,0.0,0.0,,,0,0,0,0,0,0
2.0,1.0,1.0,,FINES,"The fine for open positions of ELEC-dayX at the end of the day is $20,000/contract.",43,2026-02-01 13:35:23.955795,ELEC-day3,0.0,0.0,0.0,,,0,0,0,0,0,0
1.0,1.0,1.0,,Welcome to the RITC2026 GBE Energy Electricity Trading Case - practice server,,43,2026-02-01 13:35:23.955795,ELEC-day4,0.0,0.0,0.0,,,0,0,0,0,0,0
,,,,,,43,2026-02-01 13:35:23.955795,ELEC-day5,0.0,0.0,0.0,,,0,0,0,0,0,0
,,,,,,43,2026-02-01 13:35:23.955795,ELEC-day6,0.0,0.0,0.0,,,0,0,0,0,0,0
,,,,,,43,2026-02-01 13:35:23.955795,ELEC-F,0.0,0.0,0.0,,,0,0,0,0,0,0
4.0,1.0,1.0,,SUNLIGHT Forecast for DAY 2,The weather forecasts call for between 12 and 20 hours of sunlight tomorrow.,44,2026-02-01 13:35:24.985493,NG,2.17,2.15,2.19,800000.0,800000.0,0,0,0,0,0,0
3.0,1.0,1.0,,You are logged in as a PRODUCER,,44,2026-02-01 13:35:24.985493,ELEC-day2,0.0,0.0,0.0,,,0,0,0,0,0,0
2.0,1.0,1.0,,FINES,"The fine for open positions of ELEC-dayX at the end of the day is $20,000/contract.",44,2026-02-01 13:35:24.985493,ELEC-day3,0.0,0.0,0.0,,,0,0,0,0,0,0
1.0,1.0,1.0,,Welcome to the RITC2026 GBE Energy Electricity Trading Case - practice server,,44,2026-02-01 13:35:24.985493,ELEC-day4,0.0,0.0,0.0,,,0,0,0,0,0,0
,,,,,,44,2026-02-01 13:35:24.985493,ELEC-day5,0.0,0.0,0.0,,,0,0,0,0,0,0
,,,,,,44,2026-02-01 13:35:24.985493,ELEC-day6,0.0,0.0,0.0,,,0,0,0,0,0,0
,,,,,,44,2026-02-01 13:35:24.985493,ELEC-F,0.0,0.0,0.0,,,0,0,0,0,0,0
4.0,1.0,1.0,,SUNLIGHT Forecast for DAY 2,The weather forecasts call for between 12 and 20 hours of sunlight tomorrow.,45,2026-02-01 13:35:26.009938,NG,2.19,2.17,2.21,800000.0,800000.0,0,0,0,0,0,0
3.0,1.0,1.0,,You are logged in as a PRODUCER,,45,2026-02-01 13:35:26.009938,ELEC-day2,0.0,0.0,0.0,,,0,0,0,0,0,0
2.0,1.0,1.0,,FINES,"The fine for open positions of ELEC-dayX at the end of the day is $20,000/contract.",45,2026-02-01 13:35:26.009938,ELEC-day3,0.0,0.0,0.0,,,0,0,0,0,0,0
1.0,1.0,1.0,,Welcome to the RITC2026 GBE Energy Electricity Trading Case - practice server,,45,2026-02-01 13:35:26.009938,ELEC-day4,0.0,0.0,0.0,,,0,0,0,0,0,0
,,,,,,45,2026-02-01 13:35:26.009938,ELEC-day5,0.0,0.0,0.0,,,0,0,0,0,0,0
,,,,,,45,2026-02-01 13:35:26.009938,ELEC-day6,0.0,0.0,0.0,,,0,0,0,0,0,0
,,,,,,45,2026-02-01 13:35:26.009938,ELEC-F,0.0,0.0,0.0,,,0,0,0,0,0,0
4.0,1.0,1.0,,SUNLIGHT Forecast for DAY 2,The weather forecasts call for between 12 and 20 hours of sunlight tomorrow.,46,2026-02-01 13:35:27.035854,NG,2.18,2.16,2.2,800000.0,800000.0,0,0,0,0,0,0
3.0,1.0,1.0,,You are logged in as a PRODUCER,,46,2026-02-01 13:35:27.035854,ELEC-day2,0.0,0.0,0.0,,,0,0,0,0,0,0
2.0,1.0,1.0,,FINES,"The fine for open positions of ELEC-dayX at the end of the day is $20,000/contract.",46,2026-02-01 13:35:27.035854,ELEC-day3,0.0,0.0,0.0,,,0,0,0,0,0,0
1.0,1.0,1.0,,Welcome to the RITC2026 GBE Energy Electricity Trading Case - practice server,,46,2026-02-01 13:35:27.035854,ELEC-day4,0.0,0.0,0.0,,,0,0,0,0,0,0
,,,,,,46,2026-02-01 13:35:27.035854,ELEC-day5,0.0,0.0,0.0,,,0,0,0,0,0,0
,,,,,,46,2026-02-01 13:35:27.035854,ELEC-day6,0.0,0.0,0.0,,,0,0,0,0,0,0
,,,,,,46,2026-02-01 13:35:27.035854,ELEC-F,0.0,0.0,0.0,,,0,0,0,0,0,0
4.0,1.0,1.0,,SUNLIGHT Forecast for DAY 2,The weather forecasts call for between 12 and 20 hours of sunlight tomorrow.,47,2026-02-01 13:35:28.079950,NG,2.19,2.17,2.21,800000.0,800000.0,0,0,0,0,0,0
3.0,1.0,1.0,,You are logged in as a PRODUCER,,47,2026-02-01 13:35:28.079950,ELEC-day2,0.0,0.0,0.0,,,0,0,0,0,0,0
2.0,1.0,1.0,,FINES,"The fine for open positions of ELEC-dayX at the end of the day is $20,000/contract.",47,2026-02-01 13:35:28.079950,ELEC-day3,0.0,0.0,0.0,,,0,0,0,0,0,0
1.0,1.0,1.0,,Welcome to the RITC2026 GBE Energy Electricity Trading Case - practice server,,47,2026-02-01 13:35:28.079950,ELEC-day4,0.0,0.0,0.0,,,0,0,0,0,0,0
,,,,,,47,2026-02-01 13:35:28.079950,ELEC-day5,0.0,0.0,0.0,,,0,0,0,0,0,0
,,,,,,47,2026-02-01 13:35:28.079950,ELEC-day6,0.0,0.0,0.0,,,0,0,0,0,0,0
,,,,,,47,2026-02-01 13:35:28.079950,ELEC-F,0.0,0.0,0.0,,,0,0,0,0,0,0
4.0,1.0,1.0,,SUNLIGHT Forecast for DAY 2,The weather forecasts call for between 12 and 20 hours of sunlight tomorrow.,48,2026-02-01 13:35:29.105221,NG,2.19,2.17,2.21,800000.0,800000.0,0,0,0,0,0,0
3.0,1.0,1.0,,You are logged in as a PRODUCER,,48,2026-02-01 13:35:29.105221,ELEC-day2,0.0,0.0,0.0,,,0,0,0,0,0,0
2.0,1.0,1.0,,FINES,"The fine for open positions of ELEC-dayX at the end of the day is $20,000/contract.",48,2026-02-01 13:35:29.105221,ELEC-day3,0.0,0.0,0.0,,,0,0,0,0,0,0
1.0,1.0,1.0,,Welcome to the RITC2026 GBE Energy Electricity Trading Case - practice server,,48,2026-02-01 13:35:29.105221,ELEC-day4,0.0,0.0,0.0,,,0,0,0,0,0,0
,,,,,,48,2026-02-01 13:35:29.105221,ELEC-day5,0.0,0.0,0.0,,,0,0,0,0,0,0
,,,,,,48,2026-02-01 13:35:29.105221,ELEC-day6,0.0,0.0,0.0,,,0,0,0,0,0,0
,,,,,,48,2026-02-01 13:35:29.105221,ELEC-F,0.0,0.0,0.0,,,0,0,0,0,0,0
4.0,1.0,1.0,,SUNLIGHT Forecast for DAY 2,The weather forecasts call for between 12 and 20 hours of sunlight tomorrow.,49,2026-02-01 13:35:30.130449,NG,2.19,2.17,2.21,800000.0,800000.0,0,0,0,0,0,0
3.0,1.0,1.0,,You are logged in as a PRODUCER,,49,2026-02-01 13:35:30.130449,ELEC-day2,0.0,0.0,0.0,,,0,0,0,0,0,0
2.0,1.0,1.0,,FINES,"The fine for open positions of ELEC-dayX at the end of the day is $20,000/contract.",49,2026-02-01 13:35:30.130449,ELEC-day3,0.0,0.0,0.0,,,0,0,0,0,0,0
1.0,1.0,1.0,,Welcome to the RITC2026 GBE Energy Electricity Trading Case - practice server,,49,2026-02-01 13:35:30.130449,ELEC-day4,0.0,0.0,0.0,,,0,0,0,0,0,0
,,,,,,49,2026-02-01 13:35:30.130449,ELEC-day5,0.0,0.0,0.0,,,0,0,0,0,0,0
,,,,,,49,2026-02-01 13:35:30.130449,ELEC-day6,0.0,0.0,0.0,,,0,0,0,0,0,0
,,,,,,49,2026-02-01 13:35:30.130449,ELEC-F,0.0,0.0,0.0,,,0,0,0,0,0,0
4.0,1.0,1.0,,SUNLIGHT Forecast for DAY 2,The weather forecasts call for between 12 and 20 hours of sunlight tomorrow.,50,2026-02-01 13:35:31.164920,NG,2.2,2.18,2.22,800000.0,800000.0,0,0,0,0,0,0
3.0,1.0,1.0,,You are logged in as a PRODUCER,,50,2026-02-01 13:35:31.164920,ELEC-day2,0.0,0.0,0.0,,,0,0,0,0,0,0
2.0,1.0,1.0,,FINES,"The fine for open positions of ELEC-dayX at the end of the day is $20,000/contract.",50,2026-02-01 13:35:31.164920,ELEC-day3,0.0,0.0,0.0,,,0,0,0,0,0,0
1.0,1.0,1.0,,Welcome to the RITC2026 GBE Energy Electricity Trading Case - practice server,,50,2026-02-01 13:35:31.164920,ELEC-day4,0.0,0.0,0.0,,,0,0,0,0,0,0
,,,,,,50,2026-02-01 13:35:31.164920,ELEC-day5,0.0,0.0,0.0,,,0,0,0,0,0,0
,,,,,,50,2026-02-01 13:35:31.164920,ELEC-day6,0.0,0.0,0.0,,,0,0,0,0,0,0
,,,,,,50,2026-02-01 13:35:31.164920,ELEC-F,0.0,0.0,0.0,,,0,0,0,0,0,0
4.0,1.0,1.0,,SUNLIGHT Forecast for DAY 2,The weather forecasts call for between 12 and 20 hours of sunlight tomorrow.,51,2026-02-01 13:35:32.186605,NG,2.21,2.19,2.23,800000.0,800000.0,0,0,0,0,0,0
3.0,1.0,1.0,,You are logged in as a PRODUCER,,51,2026-02-01 13:35:32.186605,ELEC-day2,0.0,0.0,0.0,,,0,0,0,0,0,0
2.0,1.0,1.0,,FINES,"The fine for open positions of ELEC-dayX at the end of the day is $20,000/contract.",51,2026-02-01 13:35:32.186605,ELEC-day3,0.0,0.0,0.0,,,0,0,0,0,0,0
1.0,1.0,1.0,,Welcome to the RITC2026 GBE Energy Electricity Trading Case - practice server,,51,2026-02-01 13:35:32.186605,ELEC-day4,0.0,0.0,0.0,,,0,0,0,0,0,0
,,,,,,51,2026-02-01 13:35:32.186605,ELEC-day5,0.0,0.0,0.0,,,0,0,0,0,0,0
,,,,,,51,2026-02-01 13:35:32.186605,ELEC-day6,0.0,0.0,0.0,,,0,0,0,0,0,0
,,,,,,51,2026-02-01 13:35:32.186605,ELEC-F,0.0,0.0,0.0,,,0,0,0,0,0,0
4.0,1.0,1.0,,SUNLIGHT Forecast for DAY 2,The weather forecasts call for between 12 and 20 hours of sunlight tomorrow.,52,2026-02-01 13:35:33.224824,NG,2.21,2.19,2.23,800000.0,800000.0,0,0,0,0,0,0
3.0,1.0,1.0,,You are logged in as a PRODUCER,,52,2026-02-01 13:35:33.224824,ELEC-day2,0.0,0.0,0.0,,,0,0,0,0,0,0
2.0,1.0,1.0,,FINES,"The fine for open positions of ELEC-dayX at the end of the day is $20,000/contract.",52,2026-02-01 13:35:33.224824,ELEC-day3,0.0,0.0,0.0,,,0,0,0,0,0,0
1.0,1.0,1.0,,Welcome to the RITC2026 GBE Energy Electricity Trading Case - practice server,,52,2026-02-01 13:35:33.224824,ELEC-day4,0.0,0.0,0.0,,,0,0,0,0,0,0
,,,,,,52,2026-02-01 13:35:33.224824,ELEC-day5,0.0,0.0,0.0,,,0,0,0,0,0,0
,,,,,,52,2026-02-01 13:35:33.224824,ELEC-day6,0.0,0.0,0.0,,,0,0,0,0,0,0
,,,,,,52,2026-02-01 13:35:33.224824,ELEC-F,0.0,0.0,0.0,,,0,0,0,0,0,0
4.0,1.0,1.0,,SUNLIGHT Forecast for DAY 2,The weather forecasts call for between 12 and 20 hours of sunlight tomorrow.,53,2026-02-01 13:35:34.267495,NG,2.2,2.18,2.22,800000.0,800000.0,0,0,0,0,0,0
3.0,1.0,1.0,,You are logged in as a PRODUCER,,53,2026-02-01 13:35:34.267495,ELEC-day2,0.0,0.0,0.0,,,0,0,0,0,0,0
2.0,1.0,1.0,,FINES,"The fine for open positions of ELEC-dayX at the end of the day is $20,000/contract.",53,2026-02-01 13:35:34.267495,ELEC-day3,0.0,0.0,0.0,,,0,0,0,0,0,0
1.0,1.0,1.0,,Welcome to the RITC2026 GBE Energy Electricity Trading Case - practice server,,53,2026-02-01 13:35:34.267495,ELEC-day4,0.0,0.0,0.0,,,0,0,0,0,0,0
,,,,,,53,2026-02-01 13:35:34.267495,ELEC-day5,0.0,0.0,0.0,,,0,0,0,0,0,0
,,,,,,53,2026-02-01 13:35:34.267495,ELEC-day6,0.0,0.0,0.0,,,0,0,0,0,0,0
,,,,,,53,2026-02-01 13:35:34.267495,ELEC-F,0.0,0.0,0.0,,,0,0,0,0,0,0
4.0,1.0,1.0,,SUNLIGHT Forecast for DAY 2,The weather forecasts call for between 12 and 20 hours of sunlight tomorrow.,54,2026-02-01 13:35:35.289996,NG,2.21,2.19,2.23,800000.0,800000.0,0,0,0,0,0,0
3.0,1.0,1.0,,You are logged in as a PRODUCER,,54,2026-02-01 13:35:35.289996,ELEC-day2,0.0,0.0,0.0,,,0,0,0,0,0,0
2.0,1.0,1.0,,FINES,"The fine for open positions of ELEC-dayX at the end of the day is $20,000/contract.",54,2026-02-01 13:35:35.289996,ELEC-day3,0.0,0.0,0.0,,,0,0,0,0,0,0
1.0,1.0,1.0,,Welcome to the RITC2026 GBE Energy Electricity Trading Case - practice server,,54,2026-02-01 13:35:35.289996,ELEC-day4,0.0,0.0,0.0,,,0,0,0,0,0,0
,,,,,,54,2026-02-01 13:35:35.289996,ELEC-day5,0.0,0.0,0.0,,,0,0,0,0,0,0
,,,,,,54,2026-02-01 13:35:35.289996,ELEC-day6,0.0,0.0,0.0,,,0,0,0,0,0,0
,,,,,,54,2026-02-01 13:35:35.289996,ELEC-F,0.0,0.0,0.0,,,0,0,0,0,0,0
4.0,1.0,1.0,,SUNLIGHT Forecast for DAY 2,The weather forecasts call for between 12 and 20 hours of sunlight tomorrow.,55,2026-02-01 13:35:36.313957,NG,2.21,2.19,2.23,800000.0,800000.0,0,0,0,0,0,0
3.0,1.0,1.0,,You are logged in as a PRODUCER,,55,2026-02-01 13:35:36.313957,ELEC-day2,0.0,0.0,0.0,,,0,0,0,0,0,0
2.0,1.0,1.0,,FINES,"The fine for open positions of ELEC-dayX at the end of the day is $20,000/contract.",55,2026-02-01 13:35:36.313957,ELEC-day3,0.0,0.0,0.0,,,0,0,0,0,0,0
1.0,1.0,1.0,,Welcome to the RITC2026 GBE Energy Electricity Trading Case - practice server,,55,2026-02-01 13:35:36.313957,ELEC-day4,0.0,0.0,0.0,,,0,0,0,0,0,0
,,,,,,55,2026-02-01 13:35:36.313957,ELEC-day5,0.0,0.0,0.0,,,0,0,0,0,0,0
,,,,,,55,2026-02-01 13:35:36.313957,ELEC-day6,0.0,0.0,0.0,,,0,0,0,0,0,0
,,,,,,55,2026-02-01 13:35:36.313957,ELEC-F,0.0,0.0,0.0,,,0,0,0,0,0,0
4.0,1.0,1.0,,SUNLIGHT Forecast for DAY 2,The weather forecasts call for between 12 and 20 hours of sunlight tomorrow.,57,2026-02-01 13:35:37.364969,NG,2.2,2.18,2.22,800000.0,800000.0,0,0,0,0,0,0
3.0,1.0,1.0,,You are logged in as a PRODUCER,,57,2026-02-01 13:35:37.364969,ELEC-day2,0.0,0.0,0.0,,,0,0,0,0,0,0
2.0,1.0,1.0,,FINES,"The fine for open positions of ELEC-dayX at the end of the day is $20,000/contract.",57,2026-02-01 13:35:37.364969,ELEC-day3,0.0,0.0,0.0,,,0,0,0,0,0,0
1.0,1.0,1.0,,Welcome to the RITC2026 GBE Energy Electricity Trading Case - practice server,,57,2026-02-01 13:35:37.364969,ELEC-day4,0.0,0.0,0.0,,,0,0,0,0,0,0
,,,,,,57,2026-02-01 13:35:37.364969,ELEC-day5,0.0,0.0,0.0,,,0,0,0,0,0,0
,,,,,,57,2026-02-01 13:35:37.364969,ELEC-day6,0.0,0.0,0.0,,,0,0,0,0,0,0
,,,,,,57,2026-02-01 13:35:37.364969,ELEC-F,0.0,0.0,0.0,,,0,0,0,0,0,0
4.0,1.0,1.0,,SUNLIGHT Forecast for DAY 2,The weather forecasts call for between 12 and 20 hours of sunlight tomorrow.,58,2026-02-01 13:35:38.405028,NG,2.2,2.18,2.22,800000.0,800000.0,0,0,0,0,0,0
3.0,1.0,1.0,,You are logged in as a PRODUCER,,58,2026-02-01 13:35:38.405028,ELEC-day2,0.0,0.0,0.0,,,0,0,0,0,0,0
2.0,1.0,1.0,,FINES,"The fine for open positions of ELEC-dayX at the end of the day is $20,000/contract.",58,2026-02-01 13:35:38.405028,ELEC-day3,0.0,0.0,0.0,,,0,0,0,0,0,0
1.0,1.0,1.0,,Welcome to the RITC2026 GBE Energy Electricity Trading Case - practice server,,58,2026-02-01 13:35:38.405028,ELEC-day4,0.0,0.0,0.0,,,0,0,0,0,0,0
,,,,,,58,2026-02-01 13:35:38.405028,ELEC-day5,0.0,0.0,0.0,,,0,0,0,0,0,0
,,,,,,58,2026-02-01 13:35:38.405028,ELEC-day6,0.0,0.0,0.0,,,0,0,0,0,0,0
,,,,,,58,2026-02-01 13:35:38.405028,ELEC-F,0.0,0.0,0.0,,,0,0,0,0,0,0
4.0,1.0,1.0,,SUNLIGHT Forecast for DAY 2,The weather forecasts call for between 12 and 20 hours of sunlight tomorrow.,59,2026-02-01 13:35:39.425346,NG,2.2,2.18,2.22,800000.0,800000.0,0,0,0,0,0,0
3.0,1.0,1.0,,You are logged in as a PRODUCER,,59,2026-02-01 13:35:39.425346,ELEC-day2,0.0,0.0,0.0,,,0,0,0,0,0,0
2.0,1.0,1.0,,FINES,"The fine for open positions of ELEC-dayX at the end of the day is $20,000/contract.",59,2026-02-01 13:35:39.425346,ELEC-day3,0.0,0.0,0.0,,,0,0,0,0,0,0
1.0,1.0,1.0,,Welcome to the RITC2026 GBE Energy Electricity Trading Case - practice server,,59,2026-02-01 13:35:39.425346,ELEC-day4,0.0,0.0,0.0,,,0,0,0,0,0,0
,,,,,,59,2026-02-01 13:35:39.425346,ELEC-day5,0.0,0.0,0.0,,,0,0,0,0,0,0
,,,,,,59,2026-02-01 13:35:39.425346,ELEC-day6,0.0,0.0,0.0,,,0,0,0,0,0,0
,,,,,,59,2026-02-01 13:35:39.425346,ELEC-F,0.0,0.0,0.0,,,0,0,0,0,0,0
4.0,1.0,1.0,,SUNLIGHT Forecast for DAY 2,The weather forecasts call for between 12 and 20 hours of sunlight tomorrow.,60,2026-02-01 13:35:40.464956,NG,2.2,2.18,2.22,800000.0,800000.0,0,0,0,0,0,0
3.0,1.0,1.0,,You are logged in as a PRODUCER,,60,2026-02-01 13:35:40.464956,ELEC-day2,0.0,0.0,0.0,,,0,0,0,0,0,0
2.0,1.0,1.0,,FINES,"The fine for open positions of ELEC-dayX at the end of the day is $20,000/contract.",60,2026-02-01 13:35:40.464956,ELEC-day3,0.0,0.0,0.0,,,0,0,0,0,0,0
1.0,1.0,1.0,,Welcome to the RITC2026 GBE Energy Electricity Trading Case - practice server,,60,2026-02-01 13:35:40.464956,ELEC-day4,0.0,0.0,0.0,,,0,0,0,0,0,0
,,,,,,60,2026-02-01 13:35:40.464956,ELEC-day5,0.0,0.0,0.0,,,0,0,0,0,0,0
,,,,,,60,2026-02-01 13:35:40.464956,ELEC-day6,0.0,0.0,0.0,,,0,0,0,0,0,0
,,,,,,60,2026-02-01 13:35:40.464956,ELEC-F,0.0,0.0,0.0,,,0,0,0,0,0,0
4.0,1.0,1.0,,SUNLIGHT Forecast for DAY 2,The weather forecasts call for between 12 and 20 hours of sunlight tomorrow.,61,2026-02-01 13:35:41.484953,NG,2.2,2.18,2.22,800000.0,800000.0,0,0,0,0,0,0
3.0,1.0,1.0,,You are logged in as a PRODUCER,,61,2026-02-01 13:35:41.484953,ELEC-day2,0.0,0.0,0.0,,,0,0,0,0,0,0
2.0,1.0,1.0,,FINES,"The fine for open positions of ELEC-dayX at the end of the day is $20,000/contract.",61,2026-02-01 13:35:41.484953,ELEC-day3,0.0,0.0,0.0,,,0,0,0,0,0,0
1.0,1.0,1.0,,Welcome to the RITC2026 GBE Energy Electricity Trading Case - practice server,,61,2026-02-01 13:35:41.484953,ELEC-day4,0.0,0.0,0.0,,,0,0,0,0,0,0
,,,,,,61,2026-02-01 13:35:41.484953,ELEC-day5,0.0,0.0,0.0,,,0,0,0,0,0,0
,,,,,,61,2026-02-01 13:35:41.484953,ELEC-day6,0.0,0.0,0.0,,,0,0,0,0,0,0
,,,,,,61,2026-02-01 13:35:41.484953,ELEC-F,0.0,0.0,0.0,,,0,0,0,0,0,0
4.0,1.0,1.0,,SUNLIGHT Forecast for DAY 2,The weather forecasts call for between 12 and 20 hours of sunlight tomorrow.,62,2026-02-01 13:35:42.504960,NG,2.21,2.19,2.23,800000.0,800000.0,0,0,0,0,0,0
3.0,1.0,1.0,,You are logged in as a PRODUCER,,62,2026-02-01 13:35:42.504960,ELEC-day2,0.0,0.0,0.0,,,0,0,0,0,0,0
2.0,1.0,1.0,,FINES,"The fine for open positions of ELEC-dayX at the end of the day is $20,000/contract.",62,2026-02-01 13:35:42.504960,ELEC-day3,0.0,0.0,0.0,,,0,0,0,0,0,0
1.0,1.0,1.0,,Welcome to the RITC2026 GBE Energy Electricity Trading Case - practice server,,62,2026-02-01 13:35:42.504960,ELEC-day4,0.0,0.0,0.0,,,0,0,0,0,0,0
,,,,,,62,2026-02-01 13:35:42.504960,ELEC-day5,0.0,0.0,0.0,,,0,0,0,0,0,0
,,,,,,62,2026-02-01 13:35:42.504960,ELEC-day6,0.0,0.0,0.0,,,0,0,0,0,0,0
,,,,,,62,2026-02-01 13:35:42.504960,ELEC-F,0.0,0.0,0.0,,,0,0,0,0,0,0
4.0,1.0,1.0,,SUNLIGHT Forecast for DAY 2,The weather forecasts call for between 12 and 20 hours of sunlight tomorrow.,63,2026-02-01 13:35:43.538918,NG,2.21,2.19,2.23,800000.0,800000.0,0,0,0,0,0,0
3.0,1.0,1.0,,You are logged in as a PRODUCER,,63,2026-02-01 13:35:43.538918,ELEC-day2,0.0,0.0,0.0,,,0,0,0,0,0,0
2.0,1.0,1.0,,FINES,"The fine for open positions of ELEC-dayX at the end of the day is $20,000/contract.",63,2026-02-01 13:35:43.538918,ELEC-day3,0.0,0.0,0.0,,,0,0,0,0,0,0
1.0,1.0,1.0,,Welcome to the RITC2026 GBE Energy Electricity Trading Case - practice server,,63,2026-02-01 13:35:43.538918,ELEC-day4,0.0,0.0,0.0,,,0,0,0,0,0,0
,,,,,,63,2026-02-01 13:35:43.538918,ELEC-day5,0.0,0.0,0.0,,,0,0,0,0,0,0
,,,,,,63,2026-02-01 13:35:43.538918,ELEC-day6,0.0,0.0,0.0,,,0,0,0,0,0,0
,,,,,,63,2026-02-01 13:35:43.538918,ELEC-F,0.0,0.0,0.0,,,0,0,0,0,0,0
4.0,1.0,1.0,,SUNLIGHT Forecast for DAY 2,The weather forecasts call for between 12 and 20 hours of sunlight tomorrow.,64,2026-02-01 13:35:44.559816,NG,2.21,2.19,2.23,800000.0,800000.0,0,0,0,0,0,0
3.0,1.0,1.0,,You are logged in as a PRODUCER,,64,2026-02-01 13:35:44.559816,ELEC-day2,0.0,0.0,0.0,,,0,0,0,0,0,0
2.0,1.0,1.0,,FINES,"The fine for open positions of ELEC-dayX at the end of the day is $20,000/contract.",64,2026-02-01 13:35:44.559816,ELEC-day3,0.0,0.0,0.0,,,0,0,0,0,0,0
1.0,1.0,1.0,,Welcome to the RITC2026 GBE Energy Electricity Trading Case - practice server,,64,2026-02-01 13:35:44.559816,ELEC-day4,0.0,0.0,0.0,,,0,0,0,0,0,0
,,,,,,64,2026-02-01 13:35:44.559816,ELEC-day5,0.0,0.0,0.0,,,0,0,0,0,0,0
,,,,,,64,2026-02-01 13:35:44.559816,ELEC-day6,0.0,0.0,0.0,,,0,0,0,0,0,0
,,,,,,64,2026-02-01 13:35:44.559816,ELEC-F,0.0,0.0,0.0,,,0,0,0,0,0,0
4.0,1.0,1.0,,SUNLIGHT Forecast for DAY 2,The weather forecasts call for between 12 and 20 hours of sunlight tomorrow.,65,2026-02-01 13:35:45.595772,NG,2.22,2.2,2.24,800000.0,800000.0,0,0,0,0,0,0
3.0,1.0,1.0,,You are logged in as a PRODUCER,,65,2026-02-01 13:35:45.595772,ELEC-day2,0.0,0.0,0.0,,,0,0,0,0,0,0
2.0,1.0,1.0,,FINES,"The fine for open positions of ELEC-dayX at the end of the day is $20,000/contract.",65,2026-02-01 13:35:45.595772,ELEC-day3,0.0,0.0,0.0,,,0,0,0,0,0,0
1.0,1.0,1.0,,Welcome to the RITC2026 GBE Energy Electricity Trading Case - practice server,,65,2026-02-01 13:35:45.595772,ELEC-day4,0.0,0.0,0.0,,,0,0,0,0,0,0
,,,,,,65,2026-02-01 13:35:45.595772,ELEC-day5,0.0,0.0,0.0,,,0,0,0,0,0,0
,,,,,,65,2026-02-01 13:35:45.595772,ELEC-day6,0.0,0.0,0.0,,,0,0,0,0,0,0
,,,,,,65,2026-02-01 13:35:45.595772,ELEC-F,0.0,0.0,0.0,,,0,0,0,0,0,0
4.0,1.0,1.0,,SUNLIGHT Forecast for DAY 2,The weather forecasts call for between 12 and 20 hours of sunlight tomorrow.,66,2026-02-01 13:35:46.633642,NG,2.22,2.2,2.24,800000.0,800000.0,0,0,0,0,0,0
3.0,1.0,1.0,,You are logged in as a PRODUCER,,66,2026-02-01 13:35:46.633642,ELEC-day2,0.0,0.0,0.0,,,0,0,0,0,0,0
2.0,1.0,1.0,,FINES,"The fine for open positions of ELEC-dayX at the end of the day is $20,000/contract.",66,2026-02-01 13:35:46.633642,ELEC-day3,0.0,0.0,0.0,,,0,0,0,0,0,0
1.0,1.0,1.0,,Welcome to the RITC2026 GBE Energy Electricity Trading Case - practice server,,66,2026-02-01 13:35:46.633642,ELEC-day4,0.0,0.0,0.0,,,0,0,0,0,0,0
,,,,,,66,2026-02-01 13:35:46.633642,ELEC-day5,0.0,0.0,0.0,,,0,0,0,0,0,0
,,,,,,66,2026-02-01 13:35:46.633642,ELEC-day6,0.0,0.0,0.0,,,0,0,0,0,0,0
,,,,,,66,2026-02-01 13:35:46.633642,ELEC-F,0.0,0.0,0.0,,,0,0,0,0,0,0
4.0,1.0,1.0,,SUNLIGHT Forecast for DAY 2,The weather forecasts call for between 12 and 20 hours of sunlight tomorrow.,67,2026-02-01 13:35:47.660154,NG,2.21,2.19,2.23,800000.0,800000.0,0,0,0,0,0,0
3.0,1.0,1.0,,You are logged in as a PRODUCER,,67,2026-02-01 13:35:47.660154,ELEC-day2,0.0,0.0,0.0,,,0,0,0,0,0,0
2.0,1.0,1.0,,FINES,"The fine for open positions of ELEC-dayX at the end of the day is $20,000/contract.",67,2026-02-01 13:35:47.660154,ELEC-day3,0.0,0.0,0.0,,,0,0,0,0,0,0
1.0,1.0,1.0,,Welcome to the RITC2026 GBE Energy Electricity Trading Case - practice server,,67,2026-02-01 13:35:47.660154,ELEC-day4,0.0,0.0,0.0,,,0,0,0,0,0,0
,,,,,,67,2026-02-01 13:35:47.660154,ELEC-day5,0.0,0.0,0.0,,,0,0,0,0,0,0
,,,,,,67,2026-02-01 13:35:47.660154,ELEC-day6,0.0,0.0,0.0,,,0,0,0,0,0,0
,,,,,,67,2026-02-01 13:35:47.660154,ELEC-F,0.0,0.0,0.0,,,0,0,0,0,0,0
4.0,1.0,1.0,,SUNLIGHT Forecast for DAY 2,The weather forecasts call for between 12 and 20 hours of sunlight tomorrow.,68,2026-02-01 13:35:48.694518,NG,2.21,2.19,2.23,800000.0,800000.0,0,0,0,0,0,0
3.0,1.0,1.0,,You are logged in as a PRODUCER,,68,2026-02-01 13:35:48.694518,ELEC-day2,0.0,0.0,0.0,,,0,0,0,0,0,0
2.0,1.0,1.0,,FINES,"The fine for open positions of ELEC-dayX at the end of the day is $20,000/contract.",68,2026-02-01 13:35:48.694518,ELEC-day3,0.0,0.0,0.0,,,0,0,0,0,0,0
1.0,1.0,1.0,,Welcome to the RITC2026 GBE Energy Electricity Trading Case - practice server,,68,2026-02-01 13:35:48.694518,ELEC-day4,0.0,0.0,0.0,,,0,0,0,0,0,0
,,,,,,68,2026-02-01 13:35:48.694518,ELEC-day5,0.0,0.0,0.0,,,0,0,0,0,0,0
,,,,,,68,2026-02-01 13:35:48.694518,ELEC-day6,0.0,0.0,0.0,,,0,0,0,0,0,0
,,,,,,68,2026-02-01 13:35:48.694518,ELEC-F,0.0,0.0,0.0,,,0,0,0,0,0,0
4.0,1.0,1.0,,SUNLIGHT Forecast for DAY 2,The weather forecasts call for between 12 and 20 hours of sunlight tomorrow.,69,2026-02-01 13:35:49.723041,NG,2.2,2.18,2.22,800000.0,800000.0,0,0,0,0,0,0
3.0,1.0,1.0,,You are logged in as a PRODUCER,,69,2026-02-01 13:35:49.723041,ELEC-day2,0.0,0.0,0.0,,,0,0,0,0,0,0
2.0,1.0,1.0,,FINES,"The fine for open positions of ELEC-dayX at the end of the day is $20,000/contract.",69,2026-02-01 13:35:49.723041,ELEC-day3,0.0,0.0,0.0,,,0,0,0,0,0,0
1.0,1.0,1.0,,Welcome to the RITC2026 GBE Energy Electricity Trading Case - practice server,,69,2026-02-01 13:35:49.723041,ELEC-day4,0.0,0.0,0.0,,,0,0,0,0,0,0
,,,,,,69,2026-02-01 13:35:49.723041,ELEC-day5,0.0,0.0,0.0,,,0,0,0,0,0,0
,,,,,,69,2026-02-01 13:35:49.723041,ELEC-day6,0.0,0.0,0.0,,,0,0,0,0,0,0
,,,,,,69,2026-02-01 13:35:49.723041,ELEC-F,0.0,0.0,0.0,,,0,0,0,0,0,0
4.0,1.0,1.0,,SUNLIGHT Forecast for DAY 2,The weather forecasts call for between 12 and 20 hours of sunlight tomorrow.,70,2026-02-01 13:35:50.754807,NG,2.2,2.18,2.22,800000.0,800000.0,0,0,0,0,0,0
3.0,1.0,1.0,,You are logged in as a PRODUCER,,70,2026-02-01 13:35:50.754807,ELEC-day2,0.0,0.0,0.0,,,0,0,0,0,0,0
2.0,1.0,1.0,,FINES,"The fine for open positions of ELEC-dayX at the end of the day is $20,000/contract.",70,2026-02-01 13:35:50.754807,ELEC-day3,0.0,0.0,0.0,,,0,0,0,0,0,0
1.0,1.0,1.0,,Welcome to the RITC2026 GBE Energy Electricity Trading Case - practice server,,70,2026-02-01 13:35:50.754807,ELEC-day4,0.0,0.0,0.0,,,0,0,0,0,0,0
,,,,,,70,2026-02-01 13:35:50.754807,ELEC-day5,0.0,0.0,0.0,,,0,0,0,0,0,0
,,,,,,70,2026-02-01 13:35:50.754807,ELEC-day6,0.0,0.0,0.0,,,0,0,0,0,0,0
,,,,,,70,2026-02-01 13:35:50.754807,ELEC-F,0.0,0.0,0.0,,,0,0,0,0,0,0
4.0,1.0,1.0,,SUNLIGHT Forecast for DAY 2,The weather forecasts call for between 12 and 20 hours of sunlight tomorrow.,71,2026-02-01 13:35:51.784765,NG,2.2,2.18,2.22,800000.0,800000.0,0,0,0,0,0,0
3.0,1.0,1.0,,You are logged in as a PRODUCER,,71,2026-02-01 13:35:51.784765,ELEC-day2,0.0,0.0,0.0,,,0,0,0,0,0,0
2.0,1.0,1.0,,FINES,"The fine for open positions of ELEC-dayX at the end of the day is $20,000/contract.",71,2026-02-01 13:35:51.784765,ELEC-day3,0.0,0.0,0.0,,,0,0,0,0,0,0
1.0,1.0,1.0,,Welcome to the RITC2026 GBE Energy Electricity Trading Case - practice server,,71,2026-02-01 13:35:51.784765,ELEC-day4,0.0,0.0,0.0,,,0,0,0,0,0,0
,,,,,,71,2026-02-01 13:35:51.784765,ELEC-day5,0.0,0.0,0.0,,,0,0,0,0,0,0
,,,,,,71,2026-02-01 13:35:51.784765,ELEC-day6,0.0,0.0,0.0,,,0,0,0,0,0,0
,,,,,,71,2026-02-01 13:35:51.784765,ELEC-F,0.0,0.0,0.0,,,0,0,0,0,0,0
4.0,1.0,1.0,,SUNLIGHT Forecast for DAY 2,The weather forecasts call for between 12 and 20 hours of sunlight tomorrow.,72,2026-02-01 13:35:52.814473,NG,2.2,2.18,2.22,800000.0,800000.0,0,0,0,0,0,0
3.0,1.0,1.0,,You are logged in as a PRODUCER,,72,2026-02-01 13:35:52.814473,ELEC-day2,0.0,0.0,0.0,,,0,0,0,0,0,0
2.0,1.0,1.0,,FINES,"The fine for open positions of ELEC-dayX at the end of the day is $20,000/contract.",72,2026-02-01 13:35:52.814473,ELEC-day3,0.0,0.0,0.0,,,0,0,0,0,0,0
1.0,1.0,1.0,,Welcome to the RITC2026 GBE Energy Electricity Trading Case - practice server,,72,2026-02-01 13:35:52.814473,ELEC-day4,0.0,0.0,0.0,,,0,0,0,0,0,0
,,,,,,72,2026-02-01 13:35:52.814473,ELEC-day5,0.0,0.0,0.0,,,0,0,0,0,0,0
,,,,,,72,2026-02-01 13:35:52.814473,ELEC-day6,0.0,0.0,0.0,,,0,0,0,0,0,0
,,,,,,72,2026-02-01 13:35:52.814473,ELEC-F,0.0,0.0,0.0,,,0,0,0,0,0,0
4.0,1.0,1.0,,SUNLIGHT Forecast for DAY 2,The weather forecasts call for between 12 and 20 hours of sunlight tomorrow.,73,2026-02-01 13:35:53.844452,NG,2.2,2.18,2.22,800000.0,800000.0,0,0,0,0,0,0
3.0,1.0,1.0,,You are logged in as a PRODUCER,,73,2026-02-01 13:35:53.844452,ELEC-day2,0.0,0.0,0.0,,,0,0,0,0,0,0
2.0,1.0,1.0,,FINES,"The fine for open positions of ELEC-dayX at the end of the day is $20,000/contract.",73,2026-02-01 13:35:53.844452,ELEC-day3,0.0,0.0,0.0,,,0,0,0,0,0,0
1.0,1.0,1.0,,Welcome to the RITC2026 GBE Energy Electricity Trading Case - practice server,,73,2026-02-01 13:35:53.844452,ELEC-day4,0.0,0.0,0.0,,,0,0,0,0,0,0
,,,,,,73,2026-02-01 13:35:53.844452,ELEC-day5,0.0,0.0,0.0,,,0,0,0,0,0,0
,,,,,,73,2026-02-01 13:35:53.844452,ELEC-day6,0.0,0.0,0.0,,,0,0,0,0,0,0
,,,,,,73,2026-02-01 13:35:53.844452,ELEC-F,0.0,0.0,0.0,,,0,0,0,0,0,0
4.0,1.0,1.0,,SUNLIGHT Forecast for DAY 2,The weather forecasts call for between 12 and 20 hours of sunlight tomorrow.,74,2026-02-01 13:35:54.874597,NG,2.2,2.18,2.22,800000.0,800000.0,0,0,0,0,0,0
3.0,1.0,1.0,,You are logged in as a PRODUCER,,74,2026-02-01 13:35:54.874597,ELEC-day2,0.0,0.0,0.0,,,0,0,0,0,0,0
2.0,1.0,1.0,,FINES,"The fine for open positions of ELEC-dayX at the end of the day is $20,000/contract.",74,2026-02-01 13:35:54.874597,ELEC-day3,0.0,0.0,0.0,,,0,0,0,0,0,0
1.0,1.0,1.0,,Welcome to the RITC2026 GBE Energy Electricity Trading Case - practice server,,74,2026-02-01 13:35:54.874597,ELEC-day4,0.0,0.0,0.0,,,0,0,0,0,0,0
,,,,,,74,2026-02-01 13:35:54.874597,ELEC-day5,0.0,0.0,0.0,,,0,0,0,0,0,0
,,,,,,74,2026-02-01 13:35:54.874597,ELEC-day6,0.0,0.0,0.0,,,0,0,0,0,0,0
,,,,,,74,2026-02-01 13:35:54.874597,ELEC-F,0.0,0.0,0.0,,,0,0,0,0,0,0
4.0,1.0,1.0,,SUNLIGHT Forecast for DAY 2,The weather forecasts call for between 12 and 20 hours of sunlight tomorrow.,75,2026-02-01 13:35:55.916346,NG,2.21,2.19,2.23,800000.0,800000.0,0,0,0,0,0,0
3.0,1.0,1.0,,You are logged in as a PRODUCER,,75,2026-02-01 13:35:55.916346,ELEC-day2,0.0,0.0,0.0,,,0,0,0,0,0,0
2.0,1.0,1.0,,FINES,"The fine for open positions of ELEC-dayX at the end of the day is $20,000/contract.",75,2026-02-01 13:35:55.916346,ELEC-day3,0.0,0.0,0.0,,,0,0,0,0,0,0
1.0,1.0,1.0,,Welcome to the RITC2026 GBE Energy Electricity Trading Case - practice server,,75,2026-02-01 13:35:55.916346,ELEC-day4,0.0,0.0,0.0,,,0,0,0,0,0,0
,,,,,,75,2026-02-01 13:35:55.916346,ELEC-day5,0.0,0.0,0.0,,,0,0,0,0,0,0
,,,,,,75,2026-02-01 13:35:55.916346,ELEC-day6,0.0,0.0,0.0,,,0,0,0,0,0,0
,,,,,,75,2026-02-01 13:35:55.916346,ELEC-F,0.0,0.0,0.0,,,0,0,0,0,0,0
4.0,1.0,1.0,,SUNLIGHT Forecast for DAY 2,The weather forecasts call for between 12 and 20 hours of sunlight tomorrow.,76,2026-02-01 13:35:56.934716,NG,2.21,2.19,2.23,800000.0,800000.0,0,0,0,0,0,0
3.0,1.0,1.0,,You are logged in as a PRODUCER,,76,2026-02-01 13:35:56.934716,ELEC-day2,0.0,0.0,0.0,,,0,0,0,0,0,0
2.0,1.0,1.0,,FINES,"The fine for open positions of ELEC-dayX at the end of the day is $20,000/contract.",76,2026-02-01 13:35:56.934716,ELEC-day3,0.0,0.0,0.0,,,0,0,0,0,0,0
1.0,1.0,1.0,,Welcome to the RITC2026 GBE Energy Electricity Trading Case - practice server,,76,2026-02-01 13:35:56.934716,ELEC-day4,0.0,0.0,0.0,,,0,0,0,0,0,0
,,,,,,76,2026-02-01 13:35:56.934716,ELEC-day5,0.0,0.0,0.0,,,0,0,0,0,0,0
,,,,,,76,2026-02-01 13:35:56.934716,ELEC-day6,0.0,0.0,0.0,,,0,0,0,0,0,0
,,,,,,76,2026-02-01 13:35:56.934716,ELEC-F,0.0,0.0,0.0,,,0,0,0,0,0,0
4.0,1.0,1.0,,SUNLIGHT Forecast for DAY 2,The weather forecasts call for between 12 and 20 hours of sunlight tomorrow.,77,2026-02-01 13:35:57.964674,NG,2.2,2.18,2.22,800000.0,800000.0,0,0,0,0,0,0
3.0,1.0,1.0,,You are logged in as a PRODUCER,,77,2026-02-01 13:35:57.964674,ELEC-day2,0.0,0.0,0.0,,,0,0,0,0,0,0
2.0,1.0,1.0,,FINES,"The fine for open positions of ELEC-dayX at the end of the day is $20,000/contract.",77,2026-02-01 13:35:57.964674,ELEC-day3,0.0,0.0,0.0,,,0,0,0,0,0,0
1.0,1.0,1.0,,Welcome to the RITC2026 GBE Energy Electricity Trading Case - practice server,,77,2026-02-01 13:35:57.964674,ELEC-day4,0.0,0.0,0.0,,,0,0,0,0,0,0
,,,,,,77,2026-02-01 13:35:57.964674,ELEC-day5,0.0,0.0,0.0,,,0,0,0,0,0,0
,,,,,,77,2026-02-01 13:35:57.964674,ELEC-day6,0.0,0.0,0.0,,,0,0,0,0,0,0
,,,,,,77,2026-02-01 13:35:57.964674,ELEC-F,0.0,0.0,0.0,,,0,0,0,0,0,0
4.0,1.0,1.0,,SUNLIGHT Forecast for DAY 2,The weather forecasts call for between 12 and 20 hours of sunlight tomorrow.,78,2026-02-01 13:35:58.994337,NG,2.21,2.19,2.23,800000.0,800000.0,0,0,0,0,0,0
3.0,1.0,1.0,,You are logged in as a PRODUCER,,78,2026-02-01 13:35:58.994337,ELEC-day2,0.0,0.0,0.0,,,0,0,0,0,0,0
2.0,1.0,1.0,,FINES,"The fine for open positions of ELEC-dayX at the end of the day is $20,000/contract.",78,2026-02-01 13:35:58.994337,ELEC-day3,0.0,0.0,0.0,,,0,0,0,0,0,0
1.0,1.0,1.0,,Welcome to the RITC2026 GBE Energy Electricity Trading Case - practice server,,78,2026-02-01 13:35:58.994337,ELEC-day4,0.0,0.0,0.0,,,0,0,0,0,0,0
,,,,,,78,2026-02-01 13:35:58.994337,ELEC-day5,0.0,0.0,0.0,,,0,0,0,0,0,0
,,,,,,78,2026-02-01 13:35:58.994337,ELEC-day6,0.0,0.0,0.0,,,0,0,0,0,0,0
,,,,,,78,2026-02-01 13:35:58.994337,ELEC-F,0.0,0.0,0.0,,,0,0,0,0,0,0
4.0,1.0,1.0,,SUNLIGHT Forecast for DAY 2,The weather forecasts call for between 12 and 20 hours of sunlight tomorrow.,79,2026-02-01 13:36:00.044741,NG,2.21,2.19,2.23,800000.0,800000.0,0,0,0,0,0,0
3.0,1.0,1.0,,You are logged in as a PRODUCER,,79,2026-02-01 13:36:00.044741,ELEC-day2,0.0,0.0,0.0,,,0,0,0,0,0,0
2.0,1.0,1.0,,FINES,"The fine for open positions of ELEC-dayX at the end of the day is $20,000/contract.",79,2026-02-01 13:36:00.044741,ELEC-day3,0.0,0.0,0.0,,,0,0,0,0,0,0
1.0,1.0,1.0,,Welcome to the RITC2026 GBE Energy Electricity Trading Case - practice server,,79,2026-02-01 13:36:00.044741,ELEC-day4,0.0,0.0,0.0,,,0,0,0,0,0,0
,,,,,,79,2026-02-01 13:36:00.044741,ELEC-day5,0.0,0.0,0.0,,,0,0,0,0,0,0
,,,,,,79,2026-02-01 13:36:00.044741,ELEC-day6,0.0,0.0,0.0,,,0,0,0,0,0,0
,,,,,,79,2026-02-01 13:36:00.044741,ELEC-F,0.0,0.0,0.0,,,0,0,0,0,0,0
4.0,1.0,1.0,,SUNLIGHT Forecast for DAY 2,The weather forecasts call for between 12 and 20 hours of sunlight tomorrow.,80,2026-02-01 13:36:01.074262,NG,2.2,2.18,2.22,800000.0,800000.0,0,0,0,0,0,0
3.0,1.0,1.0,,You are logged in as a PRODUCER,,80,2026-02-01 13:36:01.074262,ELEC-day2,0.0,0.0,0.0,,,0,0,0,0,0,0
2.0,1.0,1.0,,FINES,"The fine for open positions of ELEC-dayX at the end of the day is $20,000/contract.",80,2026-02-01 13:36:01.074262,ELEC-day3,0.0,0.0,0.0,,,0,0,0,0,0,0
1.0,1.0,1.0,,Welcome to the RITC2026 GBE Energy Electricity Trading Case - practice server,,80,2026-02-01 13:36:01.074262,ELEC-day4,0.0,0.0,0.0,,,0,0,0,0,0,0
,,,,,,80,2026-02-01 13:36:01.074262,ELEC-day5,0.0,0.0,0.0,,,0,0,0,0,0,0
,,,,,,80,2026-02-01 13:36:01.074262,ELEC-day6,0.0,0.0,0.0,,,0,0,0,0,0,0
,,,,,,80,2026-02-01 13:36:01.074262,ELEC-F,0.0,0.0,0.0,,,0,0,0,0,0,0
4.0,1.0,1.0,,SUNLIGHT Forecast for DAY 2,The weather forecasts call for between 12 and 20 hours of sunlight tomorrow.,81,2026-02-01 13:36:02.119205,NG,2.2,2.18,2.22,800000.0,800000.0,0,0,0,0,0,0
3.0,1.0,1.0,,You are logged in as a PRODUCER,,81,2026-02-01 13:36:02.119205,ELEC-day2,0.0,0.0,0.0,,,0,0,0,0,0,0
2.0,1.0,1.0,,FINES,"The fine for open positions of ELEC-dayX at the end of the day is $20,000/contract.",81,2026-02-01 13:36:02.119205,ELEC-day3,0.0,0.0,0.0,,,0,0,0,0,0,0
1.0,1.0,1.0,,Welcome to the RITC2026 GBE Energy Electricity Trading Case - practice server,,81,2026-02-01 13:36:02.119205,ELEC-day4,0.0,0.0,0.0,,,0,0,0,0,0,0
,,,,,,81,2026-02-01 13:36:02.119205,ELEC-day5,0.0,0.0,0.0,,,0,0,0,0,0,0
,,,,,,81,2026-02-01 13:36:02.119205,ELEC-day6,0.0,0.0,0.0,,,0,0,0,0,0,0
,,,,,,81,2026-02-01 13:36:02.119205,ELEC-F,0.0,0.0,0.0,,,0,0,0,0,0,0
4.0,1.0,1.0,,SUNLIGHT Forecast for DAY 2,The weather forecasts call for between 12 and 20 hours of sunlight tomorrow.,82,2026-02-01 13:36:03.144341,NG,2.2,2.18,2.22,800000.0,800000.0,0,0,0,0,0,0
3.0,1.0,1.0,,You are logged in as a PRODUCER,,82,2026-02-01 13:36:03.144341,ELEC-day2,0.0,0.0,0.0,,,0,0,0,0,0,0
2.0,1.0,1.0,,FINES,"The fine for open positions of ELEC-dayX at the end of the day is $20,000/contract.",82,2026-02-01 13:36:03.144341,ELEC-day3,0.0,0.0,0.0,,,0,0,0,0,0,0
1.0,1.0,1.0,,Welcome to the RITC2026 GBE Energy Electricity Trading Case - practice server,,82,2026-02-01 13:36:03.144341,ELEC-day4,0.0,0.0,0.0,,,0,0,0,0,0,0
,,,,,,82,2026-02-01 13:36:03.144341,ELEC-day5,0.0,0.0,0.0,,,0,0,0,0,0,0
,,,,,,82,2026-02-01 13:36:03.144341,ELEC-day6,0.0,0.0,0.0,,,0,0,0,0,0,0
,,,,,,82,2026-02-01 13:36:03.144341,ELEC-F,0.0,0.0,0.0,,,0,0,0,0,0,0
4.0,1.0,1.0,,SUNLIGHT Forecast for DAY 2,The weather forecasts call for between 12 and 20 hours of sunlight tomorrow.,83,2026-02-01 13:36:04.184053,NG,2.2,2.18,2.22,800000.0,800000.0,0,0,0,0,0,0
3.0,1.0,1.0,,You are logged in as a PRODUCER,,83,2026-02-01 13:36:04.184053,ELEC-day2,0.0,0.0,0.0,,,0,0,0,0,0,0
2.0,1.0,1.0,,FINES,"The fine for open positions of ELEC-dayX at the end of the day is $20,000/contract.",83,2026-02-01 13:36:04.184053,ELEC-day3,0.0,0.0,0.0,,,0,0,0,0,0,0
1.0,1.0,1.0,,Welcome to the RITC2026 GBE Energy Electricity Trading Case - practice server,,83,2026-02-01 13:36:04.184053,ELEC-day4,0.0,0.0,0.0,,,0,0,0,0,0,0
,,,,,,83,2026-02-01 13:36:04.184053,ELEC-day5,0.0,0.0,0.0,,,0,0,0,0,0,0
,,,,,,83,2026-02-01 13:36:04.184053,ELEC-day6,0.0,0.0,0.0,,,0,0,0,0,0,0
,,,,,,83,2026-02-01 13:36:04.184053,ELEC-F,0.0,0.0,0.0,,,0,0,0,0,0,0
4.0,1.0,1.0,,SUNLIGHT Forecast for DAY 2,The weather forecasts call for between 12 and 20 hours of sunlight tomorrow.,84,2026-02-01 13:36:05.215489,NG,2.2,2.18,2.22,800000.0,800000.0,0,0,0,0,0,0
3.0,1.0,1.0,,You are logged in as a PRODUCER,,84,2026-02-01 13:36:05.215489,ELEC-day2,0.0,0.0,0.0,,,0,0,0,0,0,0
2.0,1.0,1.0,,FINES,"The fine for open positions of ELEC-dayX at the end of the day is $20,000/contract.",84,2026-02-01 13:36:05.215489,ELEC-day3,0.0,0.0,0.0,,,0,0,0,0,0,0
1.0,1.0,1.0,,Welcome to the RITC2026 GBE Energy Electricity Trading Case - practice server,,84,2026-02-01 13:36:05.215489,ELEC-day4,0.0,0.0,0.0,,,0,0,0,0,0,0
,,,,,,84,2026-02-01 13:36:05.215489,ELEC-day5,0.0,0.0,0.0,,,0,0,0,0,0,0
,,,,,,84,2026-02-01 13:36:05.215489,ELEC-day6,0.0,0.0,0.0,,,0,0,0,0,0,0
,,,,,,84,2026-02-01 13:36:05.215489,ELEC-F,0.0,0.0,0.0,,,0,0,0,0,0,0
4.0,1.0,1.0,,SUNLIGHT Forecast for DAY 2,The weather forecasts call for between 12 and 20 hours of sunlight tomorrow.,85,2026-02-01 13:36:06.249094,NG,2.21,2.19,2.23,800000.0,800000.0,0,0,0,0,0,0
3.0,1.0,1.0,,You are logged in as a PRODUCER,,85,2026-02-01 13:36:06.249094,ELEC-day2,0.0,0.0,0.0,,,0,0,0,0,0,0
2.0,1.0,1.0,,FINES,"The fine for open positions of ELEC-dayX at the end of the day is $20,000/contract.",85,2026-02-01 13:36:06.249094,ELEC-day3,0.0,0.0,0.0,,,0,0,0,0,0,0
1.0,1.0,1.0,,Welcome to the RITC2026 GBE Energy Electricity Trading Case - practice server,,85,2026-02-01 13:36:06.249094,ELEC-day4,0.0,0.0,0.0,,,0,0,0,0,0,0
,,,,,,85,2026-02-01 13:36:06.249094,ELEC-day5,0.0,0.0,0.0,,,0,0,0,0,0,0
,,,,,,85,2026-02-01 13:36:06.249094,ELEC-day6,0.0,0.0,0.0,,,0,0,0,0,0,0
,,,,,,85,2026-02-01 13:36:06.249094,ELEC-F,0.0,0.0,0.0,,,0,0,0,0,0,0
4.0,1.0,1.0,,SUNLIGHT Forecast for DAY 2,The weather forecasts call for between 12 and 20 hours of sunlight tomorrow.,86,2026-02-01 13:36:07.284881,NG,2.22,2.2,2.24,800000.0,800000.0,0,0,0,0,0,0
3.0,1.0,1.0,,You are logged in as a PRODUCER,,86,2026-02-01 13:36:07.284881,ELEC-day2,0.0,0.0,0.0,,,0,0,0,0,0,0
2.0,1.0,1.0,,FINES,"The fine for open positions of ELEC-dayX at the end of the day is $20,000/contract.",86,2026-02-01 13:36:07.284881,ELEC-day3,0.0,0.0,0.0,,,0,0,0,0,0,0
1.0,1.0,1.0,,Welcome to the RITC2026 GBE Energy Electricity Trading Case - practice server,,86,2026-02-01 13:36:07.284881,ELEC-day4,0.0,0.0,0.0,,,0,0,0,0,0,0
,,,,,,86,2026-02-01 13:36:07.284881,ELEC-day5,0.0,0.0,0.0,,,0,0,0,0,0,0
,,,,,,86,2026-02-01 13:36:07.284881,ELEC-day6,0.0,0.0,0.0,,,0,0,0,0,0,0
,,,,,,86,2026-02-01 13:36:07.284881,ELEC-F,0.0,0.0,0.0,,,0,0,0,0,0,0
4.0,1.0,1.0,,SUNLIGHT Forecast for DAY 2,The weather forecasts call for between 12 and 20 hours of sunlight tomorrow.,87,2026-02-01 13:36:08.329229,NG,2.24,2.22,2.26,800000.0,800000.0,0,0,0,0,0,0
3.0,1.0,1.0,,You are logged in as a PRODUCER,,87,2026-02-01 13:36:08.329229,ELEC-day2,0.0,0.0,0.0,,,0,0,0,0,0,0
2.0,1.0,1.0,,FINES,"The fine for open positions of ELEC-dayX at the end of the day is $20,000/contract.",87,2026-02-01 13:36:08.329229,ELEC-day3,0.0,0.0,0.0,,,0,0,0,0,0,0
1.0,1.0,1.0,,Welcome to the RITC2026 GBE Energy Electricity Trading Case - practice server,,87,2026-02-01 13:36:08.329229,ELEC-day4,0.0,0.0,0.0,,,0,0,0,0,0,0
,,,,,,87,2026-02-01 13:36:08.329229,ELEC-day5,0.0,0.0,0.0,,,0,0,0,0,0,0
,,,,,,87,2026-02-01 13:36:08.329229,ELEC-day6,0.0,0.0,0.0,,,0,0,0,0,0,0
,,,,,,87,2026-02-01 13:36:08.329229,ELEC-F,0.0,0.0,0.0,,,0,0,0,0,0,0
4.0,1.0,1.0,,SUNLIGHT Forecast for DAY 2,The weather forecasts call for between 12 and 20 hours of sunlight tomorrow.,88,2026-02-01 13:36:09.364006,NG,2.24,2.22,2.26,800000.0,800000.0,0,0,0,0,0,0
3.0,1.0,1.0,,You are logged in as a PRODUCER,,88,2026-02-01 13:36:09.364006,ELEC-day2,0.0,0.0,0.0,,,0,0,0,0,0,0
2.0,1.0,1.0,,FINES,"The fine for open positions of ELEC-dayX at the end of the day is $20,000/contract.",88,2026-02-01 13:36:09.364006,ELEC-day3,0.0,0.0,0.0,,,0,0,0,0,0,0
1.0,1.0,1.0,,Welcome to the RITC2026 GBE Energy Electricity Trading Case - practice server,,88,2026-02-01 13:36:09.364006,ELEC-day4,0.0,0.0,0.0,,,0,0,0,0,0,0
,,,,,,88,2026-02-01 13:36:09.364006,ELEC-day5,0.0,0.0,0.0,,,0,0,0,0,0,0
,,,,,,88,2026-02-01 13:36:09.364006,ELEC-day6,0.0,0.0,0.0,,,0,0,0,0,0,0
,,,,,,88,2026-02-01 13:36:09.364006,ELEC-F,0.0,0.0,0.0,,,0,0,0,0,0,0
4.0,1.0,1.0,,SUNLIGHT Forecast for DAY 2,The weather forecasts call for between 12 and 20 hours of sunlight tomorrow.,89,2026-02-01 13:36:10.396718,NG,2.24,2.22,2.26,800000.0,800000.0,0,0,0,0,0,0
3.0,1.0,1.0,,You are logged in as a PRODUCER,,89,2026-02-01 13:36:10.396718,ELEC-day2,0.0,0.0,0.0,,,0,0,0,0,0,0
2.0,1.0,1.0,,FINES,"The fine for open positions of ELEC-dayX at the end of the day is $20,000/contract.",89,2026-02-01 13:36:10.396718,ELEC-day3,0.0,0.0,0.0,,,0,0,0,0,0,0
1.0,1.0,1.0,,Welcome to the RITC2026 GBE Energy Electricity Trading Case - practice server,,89,2026-02-01 13:36:10.396718,ELEC-day4,0.0,0.0,0.0,,,0,0,0,0,0,0
,,,,,,89,2026-02-01 13:36:10.396718,ELEC-day5,0.0,0.0,0.0,,,0,0,0,0,0,0
,,,,,,89,2026-02-01 13:36:10.396718,ELEC-day6,0.0,0.0,0.0,,,0,0,0,0,0,0
,,,,,,89,2026-02-01 13:36:10.396718,ELEC-F,0.0,0.0,0.0,,,0,0,0,0,0,0
5.0,1.0,89.0,,SUNLIGHT Forecast for DAY 2,The weather forecasts call for between 11 and 15 hours of sunlight tomorrow.,90,2026-02-01 13:36:11.428864,NG,2.24,2.22,2.26,800000.0,800000.0,0,0,0,0,0,0
4.0,1.0,1.0,,SUNLIGHT Forecast for DAY 2,The weather forecasts call for between 12 and 20 hours of sunlight tomorrow.,90,2026-02-01 13:36:11.428864,ELEC-day2,0.0,0.0,0.0,,,0,0,0,0,0,0
3.0,1.0,1.0,,You are logged in as a PRODUCER,,90,2026-02-01 13:36:11.428864,ELEC-day3,0.0,0.0,0.0,,,0,0,0,0,0,0
2.0,1.0,1.0,,FINES,"The fine for open positions of ELEC-dayX at the end of the day is $20,000/contract.",90,2026-02-01 13:36:11.428864,ELEC-day4,0.0,0.0,0.0,,,0,0,0,0,0,0
1.0,1.0,1.0,,Welcome to the RITC2026 GBE Energy Electricity Trading Case - practice server,,90,2026-02-01 13:36:11.428864,ELEC-day5,0.0,0.0,0.0,,,0,0,0,0,0,0
,,,,,,90,2026-02-01 13:36:11.428864,ELEC-day6,0.0,0.0,0.0,,,0,0,0,0,0,0
,,,,,,90,2026-02-01 13:36:11.428864,ELEC-F,0.0,0.0,0.0,,,0,0,0,0,0,0
5.0,1.0,89.0,,SUNLIGHT Forecast for DAY 2,The weather forecasts call for between 11 and 15 hours of sunlight tomorrow.,91,2026-02-01 13:36:12.458064,NG,2.24,2.22,2.26,800000.0,800000.0,0,0,0,0,0,0
4.0,1.0,1.0,,SUNLIGHT Forecast for DAY 2,The weather forecasts call for between 12 and 20 hours of sunlight tomorrow.,91,2026-02-01 13:36:12.458064,ELEC-day2,0.0,0.0,0.0,,,0,0,0,0,0,0
3.0,1.0,1.0,,You are logged in as a PRODUCER,,91,2026-02-01 13:36:12.458064,ELEC-day3,0.0,0.0,0.0,,,0,0,0,0,0,0
2.0,1.0,1.0,,FINES,"The fine for open positions of ELEC-dayX at the end of the day is $20,000/contract.",91,2026-02-01 13:36:12.458064,ELEC-day4,0.0,0.0,0.0,,,0,0,0,0,0,0
1.0,1.0,1.0,,Welcome to the RITC2026 GBE Energy Electricity Trading Case - practice server,,91,2026-02-01 13:36:12.458064,ELEC-day5,0.0,0.0,0.0,,,0,0,0,0,0,0
,,,,,,91,2026-02-01 13:36:12.458064,ELEC-day6,0.0,0.0,0.0,,,0,0,0,0,0,0
,,,,,,91,2026-02-01 13:36:12.458064,ELEC-F,0.0,0.0,0.0,,,0,0,0,0,0,0
5.0,1.0,89.0,,SUNLIGHT Forecast for DAY 2,The weather forecasts call for between 11 and 15 hours of sunlight tomorrow.,93,2026-02-01 13:36:13.515928,NG,2.23,2.21,2.25,800000.0,800000.0,0,0,0,0,0,0
4.0,1.0,1.0,,SUNLIGHT Forecast for DAY 2,The weather forecasts call for between 12 and 20 hours of sunlight tomorrow.,93,2026-02-01 13:36:13.515928,ELEC-day2,0.0,0.0,0.0,,,0,0,0,0,0,0
3.0,1.0,1.0,,You are logged in as a PRODUCER,,93,2026-02-01 13:36:13.515928,ELEC-day3,0.0,0.0,0.0,,,0,0,0,0,0,0
2.0,1.0,1.0,,FINES,"The fine for open positions of ELEC-dayX at the end of the day is $20,000/contract.",93,2026-02-01 13:36:13.515928,ELEC-day4,0.0,0.0,0.0,,,0,0,0,0,0,0
1.0,1.0,1.0,,Welcome to the RITC2026 GBE Energy Electricity Trading Case - practice server,,93,2026-02-01 13:36:13.515928,ELEC-day5,0.0,0.0,0.0,,,0,0,0,0,0,0
,,,,,,93,2026-02-01 13:36:13.515928,ELEC-day6,0.0,0.0,0.0,,,0,0,0,0,0,0
,,,,,,93,2026-02-01 13:36:13.515928,ELEC-F,0.0,0.0,0.0,,,0,0,0,0,0,0
5.0,1.0,89.0,,SUNLIGHT Forecast for DAY 2,The weather forecasts call for between 11 and 15 hours of sunlight tomorrow.,94,2026-02-01 13:36:14.548686,NG,2.24,2.22,2.26,800000.0,800000.0,0,0,0,0,0,0
4.0,1.0,1.0,,SUNLIGHT Forecast for DAY 2,The weather forecasts call for between 12 and 20 hours of sunlight tomorrow.,94,2026-02-01 13:36:14.548686,ELEC-day2,0.0,0.0,0.0,,,0,0,0,0,0,0
3.0,1.0,1.0,,You are logged in as a PRODUCER,,94,2026-02-01 13:36:14.548686,ELEC-day3,0.0,0.0,0.0,,,0,0,0,0,0,0
2.0,1.0,1.0,,FINES,"The fine for open positions of ELEC-dayX at the end of the day is $20,000/contract.",94,2026-02-01 13:36:14.548686,ELEC-day4,0.0,0.0,0.0,,,0,0,0,0,0,0
1.0,1.0,1.0,,Welcome to the RITC2026 GBE Energy Electricity Trading Case - practice server,,94,2026-02-01 13:36:14.548686,ELEC-day5,0.0,0.0,0.0,,,0,0,0,0,0,0
,,,,,,94,2026-02-01 13:36:14.548686,ELEC-day6,0.0,0.0,0.0,,,0,0,0,0,0,0
,,,,,,94,2026-02-01 13:36:14.548686,ELEC-F,0.0,0.0,0.0,,,0,0,0,0,0,0
5.0,1.0,89.0,,SUNLIGHT Forecast for DAY 2,The weather forecasts call for between 11 and 15 hours of sunlight tomorrow.,95,2026-02-01 13:36:15.584066,NG,2.24,2.22,2.26,800000.0,800000.0,0,0,0,0,0,0
4.0,1.0,1.0,,SUNLIGHT Forecast for DAY 2,The weather forecasts call for between 12 and 20 hours of sunlight tomorrow.,95,2026-02-01 13:36:15.584066,ELEC-day2,0.0,0.0,0.0,,,0,0,0,0,0,0
3.0,1.0,1.0,,You are logged in as a PRODUCER,,95,2026-02-01 13:36:15.584066,ELEC-day3,0.0,0.0,0.0,,,0,0,0,0,0,0
2.0,1.0,1.0,,FINES,"The fine for open positions of ELEC-dayX at the end of the day is $20,000/contract.",95,2026-02-01 13:36:15.584066,ELEC-day4,0.0,0.0,0.0,,,0,0,0,0,0,0
1.0,1.0,1.0,,Welcome to the RITC2026 GBE Energy Electricity Trading Case - practice server,,95,2026-02-01 13:36:15.584066,ELEC-day5,0.0,0.0,0.0,,,0,0,0,0,0,0
,,,,,,95,2026-02-01 13:36:15.584066,ELEC-day6,0.0,0.0,0.0,,,0,0,0,0,0,0
,,,,,,95,2026-02-01 13:36:15.584066,ELEC-F,0.0,0.0,0.0,,,0,0,0,0,0,0
5.0,1.0,89.0,,SUNLIGHT Forecast for DAY 2,The weather forecasts call for between 11 and 15 hours of sunlight tomorrow.,96,2026-02-01 13:36:16.623935,NG,2.24,2.22,2.26,800000.0,800000.0,0,0,0,0,0,0
4.0,1.0,1.0,,SUNLIGHT Forecast for DAY 2,The weather forecasts call for between 12 and 20 hours of sunlight tomorrow.,96,2026-02-01 13:36:16.623935,ELEC-day2,0.0,0.0,0.0,,,0,0,0,0,0,0
3.0,1.0,1.0,,You are logged in as a PRODUCER,,96,2026-02-01 13:36:16.623935,ELEC-day3,0.0,0.0,0.0,,,0,0,0,0,0,0
2.0,1.0,1.0,,FINES,"The fine for open positions of ELEC-dayX at the end of the day is $20,000/contract.",96,2026-02-01 13:36:16.623935,ELEC-day4,0.0,0.0,0.0,,,0,0,0,0,0,0
1.0,1.0,1.0,,Welcome to the RITC2026 GBE Energy Electricity Trading Case - practice server,,96,2026-02-01 13:36:16.623935,ELEC-day5,0.0,0.0,0.0,,,0,0,0,0,0,0
,,,,,,96,2026-02-01 13:36:16.623935,ELEC-day6,0.0,0.0,0.0,,,0,0,0,0,0,0
,,,,,,96,2026-02-01 13:36:16.623935,ELEC-F,0.0,0.0,0.0,,,0,0,0,0,0,0
5.0,1.0,89.0,,SUNLIGHT Forecast for DAY 2,The weather forecasts call for between 11 and 15 hours of sunlight tomorrow.,97,2026-02-01 13:36:17.683639,NG,2.24,2.22,2.26,800000.0,800000.0,0,0,0,0,0,0
4.0,1.0,1.0,,SUNLIGHT Forecast for DAY 2,The weather forecasts call for between 12 and 20 hours of sunlight tomorrow.,97,2026-02-01 13:36:17.683639,ELEC-day2,0.0,0.0,0.0,,,0,0,0,0,0,0
3.0,1.0,1.0,,You are logged in as a PRODUCER,,97,2026-02-01 13:36:17.683639,ELEC-day3,0.0,0.0,0.0,,,0,0,0,0,0,0
2.0,1.0,1.0,,FINES,"The fine for open positions of ELEC-dayX at the end of the day is $20,000/contract.",97,2026-02-01 13:36:17.683639,ELEC-day4,0.0,0.0,0.0,,,0,0,0,0,0,0
1.0,1.0,1.0,,Welcome to the RITC2026 GBE Energy Electricity Trading Case - practice server,,97,2026-02-01 13:36:17.683639,ELEC-day5,0.0,0.0,0.0,,,0,0,0,0,0,0
,,,,,,97,2026-02-01 13:36:17.683639,ELEC-day6,0.0,0.0,0.0,,,0,0,0,0,0,0
,,,,,,97,2026-02-01 13:36:17.683639,ELEC-F,0.0,0.0,0.0,,,0,0,0,0,0,0
5.0,1.0,89.0,,SUNLIGHT Forecast for DAY 2,The weather forecasts call for between 11 and 15 hours of sunlight tomorrow.,98,2026-02-01 13:36:18.729779,NG,2.25,2.23,2.27,800000.0,800000.0,0,0,0,0,0,0
4.0,1.0,1.0,,SUNLIGHT Forecast for DAY 2,The weather forecasts call for between 12 and 20 hours of sunlight tomorrow.,98,2026-02-01 13:36:18.729779,ELEC-day2,0.0,0.0,0.0,,,0,0,0,0,0,0
3.0,1.0,1.0,,You are logged in as a PRODUCER,,98,2026-02-01 13:36:18.729779,ELEC-day3,0.0,0.0,0.0,,,0,0,0,0,0,0
2.0,1.0,1.0,,FINES,"The fine for open positions of ELEC-dayX at the end of the day is $20,000/contract.",98,2026-02-01 13:36:18.729779,ELEC-day4,0.0,0.0,0.0,,,0,0,0,0,0,0
1.0,1.0,1.0,,Welcome to the RITC2026 GBE Energy Electricity Trading Case - practice server,,98,2026-02-01 13:36:18.729779,ELEC-day5,0.0,0.0,0.0,,,0,0,0,0,0,0
,,,,,,98,2026-02-01 13:36:18.729779,ELEC-day6,0.0,0.0,0.0,,,0,0,0,0,0,0
,,,,,,98,2026-02-01 13:36:18.729779,ELEC-F,0.0,0.0,0.0,,,0,0,0,0,0,0
5.0,1.0,89.0,,SUNLIGHT Forecast for DAY 2,The weather forecasts call for between 11 and 15 hours of sunlight tomorrow.,99,2026-02-01 13:36:19.764202,NG,2.26,2.24,2.28,800000.0,800000.0,0,0,0,0,0,0
4.0,1.0,1.0,,SUNLIGHT Forecast for DAY 2,The weather forecasts call for between 12 and 20 hours of sunlight tomorrow.,99,2026-02-01 13:36:19.764202,ELEC-day2,0.0,0.0,0.0,,,0,0,0,0,0,0
3.0,1.0,1.0,,You are logged in as a PRODUCER,,99,2026-02-01 13:36:19.764202,ELEC-day3,0.0,0.0,0.0,,,0,0,0,0,0,0
2.0,1.0,1.0,,FINES,"The fine for open positions of ELEC-dayX at the end of the day is $20,000/contract.",99,2026-02-01 13:36:19.764202,ELEC-day4,0.0,0.0,0.0,,,0,0,0,0,0,0
1.0,1.0,1.0,,Welcome to the RITC2026 GBE Energy Electricity Trading Case - practice server,,99,2026-02-01 13:36:19.764202,ELEC-day5,0.0,0.0,0.0,,,0,0,0,0,0,0
,,,,,,99,2026-02-01 13:36:19.764202,ELEC-day6,0.0,0.0,0.0,,,0,0,0,0,0,0
,,,,,,99,2026-02-01 13:36:19.764202,ELEC-F,0.0,0.0,0.0,,,0,0,0,0,0,0
5.0,1.0,89.0,,SUNLIGHT Forecast for DAY 2,The weather forecasts call for between 11 and 15 hours of sunlight tomorrow.,100,2026-02-01 13:36:20.796415,NG,2.25,2.23,2.27,800000.0,800000.0,0,0,0,0,0,0
4.0,1.0,1.0,,SUNLIGHT Forecast for DAY 2,The weather forecasts call for between 12 and 20 hours of sunlight tomorrow.,100,2026-02-01 13:36:20.796415,ELEC-day2,0.0,0.0,0.0,,,0,0,0,0,0,0
3.0,1.0,1.0,,You are logged in as a PRODUCER,,100,2026-02-01 13:36:20.796415,ELEC-day3,0.0,0.0,0.0,,,0,0,0,0,0,0
2.0,1.0,1.0,,FINES,"The fine for open positions of ELEC-dayX at the end of the day is $20,000/contract.",100,2026-02-01 13:36:20.796415,ELEC-day4,0.0,0.0,0.0,,,0,0,0,0,0,0
1.0,1.0,1.0,,Welcome to the RITC2026 GBE Energy Electricity Trading Case - practice server,,100,2026-02-01 13:36:20.796415,ELEC-day5,0.0,0.0,0.0,,,0,0,0,0,0,0
,,,,,,100,2026-02-01 13:36:20.796415,ELEC-day6,0.0,0.0,0.0,,,0,0,0,0,0,0
,,,,,,100,2026-02-01 13:36:20.796415,ELEC-F,0.0,0.0,0.0,,,0,0,0,0,0,0
5.0,1.0,89.0,,SUNLIGHT Forecast for DAY 2,The weather forecasts call for between 11 and 15 hours of sunlight tomorrow.,101,2026-02-01 13:36:21.828988,NG,2.26,2.24,2.28,800000.0,800000.0,0,0,0,0,0,0
4.0,1.0,1.0,,SUNLIGHT Forecast for DAY 2,The weather forecasts call for between 12 and 20 hours of sunlight tomorrow.,101,2026-02-01 13:36:21.828988,ELEC-day2,0.0,0.0,0.0,,,0,0,0,0,0,0
3.0,1.0,1.0,,You are logged in as a PRODUCER,,101,2026-02-01 13:36:21.828988,ELEC-day3,0.0,0.0,0.0,,,0,0,0,0,0,0
2.0,1.0,1.0,,FINES,"The fine for open positions of ELEC-dayX at the end of the day is $20,000/contract.",101,2026-02-01 13:36:21.828988,ELEC-day4,0.0,0.0,0.0,,,0,0,0,0,0,0
1.0,1.0,1.0,,Welcome to the RITC2026 GBE Energy Electricity Trading Case - practice server,,101,2026-02-01 13:36:21.828988,ELEC-day5,0.0,0.0,0.0,,,0,0,0,0,0,0
,,,,,,101,2026-02-01 13:36:21.828988,ELEC-day6,0.0,0.0,0.0,,,0,0,0,0,0,0
,,,,,,101,2026-02-01 13:36:21.828988,ELEC-F,0.0,0.0,0.0,,,0,0,0,0,0,0
5.0,1.0,89.0,,SUNLIGHT Forecast for DAY 2,The weather forecasts call for between 11 and 15 hours of sunlight tomorrow.,102,2026-02-01 13:36:22.865250,NG,2.25,2.23,2.27,800000.0,800000.0,0,0,0,0,0,0
4.0,1.0,1.0,,SUNLIGHT Forecast for DAY 2,The weather forecasts call for between 12 and 20 hours of sunlight tomorrow.,102,2026-02-01 13:36:22.865250,ELEC-day2,0.0,0.0,0.0,,,0,0,0,0,0,0
3.0,1.0,1.0,,You are logged in as a PRODUCER,,102,2026-02-01 13:36:22.865250,ELEC-day3,0.0,0.0,0.0,,,0,0,0,0,0,0
2.0,1.0,1.0,,FINES,"The fine for open positions of ELEC-dayX at the end of the day is $20,000/contract.",102,2026-02-01 13:36:22.865250,ELEC-day4,0.0,0.0,0.0,,,0,0,0,0,0,0
1.0,1.0,1.0,,Welcome to the RITC2026 GBE Energy Electricity Trading Case - practice server,,102,2026-02-01 13:36:22.865250,ELEC-day5,0.0,0.0,0.0,,,0,0,0,0,0,0
,,,,,,102,2026-02-01 13:36:22.865250,ELEC-day6,0.0,0.0,0.0,,,0,0,0,0,0,0
,,,,,,102,2026-02-01 13:36:22.865250,ELEC-F,0.0,0.0,0.0,,,0,0,0,0,0,0
5.0,1.0,89.0,,SUNLIGHT Forecast for DAY 2,The weather forecasts call for between 11 and 15 hours of sunlight tomorrow.,103,2026-02-01 13:36:23.896117,NG,2.24,2.22,2.26,800000.0,800000.0,0,0,0,0,0,0
4.0,1.0,1.0,,SUNLIGHT Forecast for DAY 2,The weather forecasts call for between 12 and 20 hours of sunlight tomorrow.,103,2026-02-01 13:36:23.896117,ELEC-day2,0.0,0.0,0.0,,,0,0,0,0,0,0
3.0,1.0,1.0,,You are logged in as a PRODUCER,,103,2026-02-01 13:36:23.896117,ELEC-day3,0.0,0.0,0.0,,,0,0,0,0,0,0
2.0,1.0,1.0,,FINES,"The fine for open positions of ELEC-dayX at the end of the day is $20,000/contract.",103,2026-02-01 13:36:23.896117,ELEC-day4,0.0,0.0,0.0,,,0,0,0,0,0,0
1.0,1.0,1.0,,Welcome to the RITC2026 GBE Energy Electricity Trading Case - practice server,,103,2026-02-01 13:36:23.896117,ELEC-day5,0.0,0.0,0.0,,,0,0,0,0,0,0
,,,,,,103,2026-02-01 13:36:23.896117,ELEC-day6,0.0,0.0,0.0,,,0,0,0,0,0,0
,,,,,,103,2026-02-01 13:36:23.896117,ELEC-F,0.0,0.0,0.0,,,0,0,0,0,0,0
5.0,1.0,89.0,,SUNLIGHT Forecast for DAY 2,The weather forecasts call for between 11 and 15 hours of sunlight tomorrow.,104,2026-02-01 13:36:24.933160,NG,2.24,2.22,2.26,800000.0,800000.0,0,0,0,0,0,0
4.0,1.0,1.0,,SUNLIGHT Forecast for DAY 2,The weather forecasts call for between 12 and 20 hours of sunlight tomorrow.,104,2026-02-01 13:36:24.933160,ELEC-day2,0.0,0.0,0.0,,,0,0,0,0,0,0
3.0,1.0,1.0,,You are logged in as a PRODUCER,,104,2026-02-01 13:36:24.933160,ELEC-day3,0.0,0.0,0.0,,,0,0,0,0,0,0
2.0,1.0,1.0,,FINES,"The fine for open positions of ELEC-dayX at the end of the day is $20,000/contract.",104,2026-02-01 13:36:24.933160,ELEC-day4,0.0,0.0,0.0,,,0,0,0,0,0,0
1.0,1.0,1.0,,Welcome to the RITC2026 GBE Energy Electricity Trading Case - practice server,,104,2026-02-01 13:36:24.933160,ELEC-day5,0.0,0.0,0.0,,,0,0,0,0,0,0
,,,,,,104,2026-02-01 13:36:24.933160,ELEC-day6,0.0,0.0,0.0,,,0,0,0,0,0,0
,,,,,,104,2026-02-01 13:36:24.933160,ELEC-F,0.0,0.0,0.0,,,0,0,0,0,0,0
5.0,1.0,89.0,,SUNLIGHT Forecast for DAY 2,The weather forecasts call for between 11 and 15 hours of sunlight tomorrow.,105,2026-02-01 13:36:25.962415,NG,2.25,2.23,2.27,800000.0,800000.0,0,0,0,0,0,0
4.0,1.0,1.0,,SUNLIGHT Forecast for DAY 2,The weather forecasts call for between 12 and 20 hours of sunlight tomorrow.,105,2026-02-01 13:36:25.962415,ELEC-day2,0.0,0.0,0.0,,,0,0,0,0,0,0
3.0,1.0,1.0,,You are logged in as a PRODUCER,,105,2026-02-01 13:36:25.962415,ELEC-day3,0.0,0.0,0.0,,,0,0,0,0,0,0
2.0,1.0,1.0,,FINES,"The fine for open positions of ELEC-dayX at the end of the day is $20,000/contract.",105,2026-02-01 13:36:25.962415,ELEC-day4,0.0,0.0,0.0,,,0,0,0,0,0,0
1.0,1.0,1.0,,Welcome to the RITC2026 GBE Energy Electricity Trading Case - practice server,,105,2026-02-01 13:36:25.962415,ELEC-day5,0.0,0.0,0.0,,,0,0,0,0,0,0
,,,,,,105,2026-02-01 13:36:25.962415,ELEC-day6,0.0,0.0,0.0,,,0,0,0,0,0,0
,,,,,,105,2026-02-01 13:36:25.962415,ELEC-F,0.0,0.0,0.0,,,0,0,0,0,0,0
5.0,1.0,89.0,,SUNLIGHT Forecast for DAY 2,The weather forecasts call for between 11 and 15 hours of sunlight tomorrow.,106,2026-02-01 13:36:26.993625,NG,2.25,2.23,2.27,800000.0,800000.0,0,0,0,0,0,0
4.0,1.0,1.0,,SUNLIGHT Forecast for DAY 2,The weather forecasts call for between 12 and 20 hours of sunlight tomorrow.,106,2026-02-01 13:36:26.993625,ELEC-day2,0.0,0.0,0.0,,,0,0,0,0,0,0
3.0,1.0,1.0,,You are logged in as a PRODUCER,,106,2026-02-01 13:36:26.993625,ELEC-day3,0.0,0.0,0.0,,,0,0,0,0,0,0
2.0,1.0,1.0,,FINES,"The fine for open positions of ELEC-dayX at the end of the day is $20,000/contract.",106,2026-02-01 13:36:26.993625,ELEC-day4,0.0,0.0,0.0,,,0,0,0,0,0,0
1.0,1.0,1.0,,Welcome to the RITC2026 GBE Energy Electricity Trading Case - practice server,,106,2026-02-01 13:36:26.993625,ELEC-day5,0.0,0.0,0.0,,,0,0,0,0,0,0
,,,,,,106,2026-02-01 13:36:26.993625,ELEC-day6,0.0,0.0,0.0,,,0,0,0,0,0,0
,,,,,,106,2026-02-01 13:36:26.993625,ELEC-F,0.0,0.0,0.0,,,0,0,0,0,0,0
5.0,1.0,89.0,,SUNLIGHT Forecast for DAY 2,The weather forecasts call for between 11 and 15 hours of sunlight tomorrow.,107,2026-02-01 13:36:28.020436,NG,2.26,2.24,2.28,800000.0,800000.0,0,0,0,0,0,0
4.0,1.0,1.0,,SUNLIGHT Forecast for DAY 2,The weather forecasts call for between 12 and 20 hours of sunlight tomorrow.,107,2026-02-01 13:36:28.020436,ELEC-day2,0.0,0.0,0.0,,,0,0,0,0,0,0
3.0,1.0,1.0,,You are logged in as a PRODUCER,,107,2026-02-01 13:36:28.020436,ELEC-day3,0.0,0.0,0.0,,,0,0,0,0,0,0
2.0,1.0,1.0,,FINES,"The fine for open positions of ELEC-dayX at the end of the day is $20,000/contract.",107,2026-02-01 13:36:28.020436,ELEC-day4,0.0,0.0,0.0,,,0,0,0,0,0,0
1.0,1.0,1.0,,Welcome to the RITC2026 GBE Energy Electricity Trading Case - practice server,,107,2026-02-01 13:36:28.020436,ELEC-day5,0.0,0.0,0.0,,,0,0,0,0,0,0
,,,,,,107,2026-02-01 13:36:28.020436,ELEC-day6,0.0,0.0,0.0,,,0,0,0,0,0,0
,,,,,,107,2026-02-01 13:36:28.020436,ELEC-F,0.0,0.0,0.0,,,0,0,0,0,0,0
5.0,1.0,89.0,,SUNLIGHT Forecast for DAY 2,The weather forecasts call for between 11 and 15 hours of sunlight tomorrow.,108,2026-02-01 13:36:29.053777,NG,2.26,2.24,2.28,800000.0,800000.0,0,0,0,0,0,0
4.0,1.0,1.0,,SUNLIGHT Forecast for DAY 2,The weather forecasts call for between 12 and 20 hours of sunlight tomorrow.,108,2026-02-01 13:36:29.053777,ELEC-day2,0.0,0.0,0.0,,,0,0,0,0,0,0
3.0,1.0,1.0,,You are logged in as a PRODUCER,,108,2026-02-01 13:36:29.053777,ELEC-day3,0.0,0.0,0.0,,,0,0,0,0,0,0
2.0,1.0,1.0,,FINES,"The fine for open positions of ELEC-dayX at the end of the day is $20,000/contract.",108,2026-02-01 13:36:29.053777,ELEC-day4,0.0,0.0,0.0,,,0,0,0,0,0,0
1.0,1.0,1.0,,Welcome to the RITC2026 GBE Energy Electricity Trading Case - practice server,,108,2026-02-01 13:36:29.053777,ELEC-day5,0.0,0.0,0.0,,,0,0,0,0,0,0
,,,,,,108,2026-02-01 13:36:29.053777,ELEC-day6,0.0,0.0,0.0,,,0,0,0,0,0,0
,,,,,,108,2026-02-01 13:36:29.053777,ELEC-F,0.0,0.0,0.0,,,0,0,0,0,0,0
5.0,1.0,89.0,,SUNLIGHT Forecast for DAY 2,The weather forecasts call for between 11 and 15 hours of sunlight tomorrow.,109,2026-02-01 13:36:30.078812,NG,2.25,2.23,2.27,800000.0,800000.0,0,0,0,0,0,0
4.0,1.0,1.0,,SUNLIGHT Forecast for DAY 2,The weather forecasts call for between 12 and 20 hours of sunlight tomorrow.,109,2026-02-01 13:36:30.078812,ELEC-day2,0.0,0.0,0.0,,,0,0,0,0,0,0
3.0,1.0,1.0,,You are logged in as a PRODUCER,,109,2026-02-01 13:36:30.078812,ELEC-day3,0.0,0.0,0.0,,,0,0,0,0,0,0
2.0,1.0,1.0,,FINES,"The fine for open positions of ELEC-dayX at the end of the day is $20,000/contract.",109,2026-02-01 13:36:30.078812,ELEC-day4,0.0,0.0,0.0,,,0,0,0,0,0,0
1.0,1.0,1.0,,Welcome to the RITC2026 GBE Energy Electricity Trading Case - practice server,,109,2026-02-01 13:36:30.078812,ELEC-day5,0.0,0.0,0.0,,,0,0,0,0,0,0
,,,,,,109,2026-02-01 13:36:30.078812,ELEC-day6,0.0,0.0,0.0,,,0,0,0,0,0,0
,,,,,,109,2026-02-01 13:36:30.078812,ELEC-F,0.0,0.0,0.0,,,0,0,0,0,0,0
5.0,1.0,89.0,,SUNLIGHT Forecast for DAY 2,The weather forecasts call for between 11 and 15 hours of sunlight tomorrow.,110,2026-02-01 13:36:31.110359,NG,2.25,2.23,2.27,800000.0,800000.0,0,0,0,0,0,0
4.0,1.0,1.0,,SUNLIGHT Forecast for DAY 2,The weather forecasts call for between 12 and 20 hours of sunlight tomorrow.,110,2026-02-01 13:36:31.110359,ELEC-day2,0.0,0.0,0.0,,,0,0,0,0,0,0
3.0,1.0,1.0,,You are logged in as a PRODUCER,,110,2026-02-01 13:36:31.110359,ELEC-day3,0.0,0.0,0.0,,,0,0,0,0,0,0
2.0,1.0,1.0,,FINES,"The fine for open positions of ELEC-dayX at the end of the day is $20,000/contract.",110,2026-02-01 13:36:31.110359,ELEC-day4,0.0,0.0,0.0,,,0,0,0,0,0,0
1.0,1.0,1.0,,Welcome to the RITC2026 GBE Energy Electricity Trading Case - practice server,,110,2026-02-01 13:36:31.110359,ELEC-day5,0.0,0.0,0.0,,,0,0,0,0,0,0
,,,,,,110,2026-02-01 13:36:31.110359,ELEC-day6,0.0,0.0,0.0,,,0,0,0,0,0,0
,,,,,,110,2026-02-01 13:36:31.110359,ELEC-F,0.0,0.0,0.0,,,0,0,0,0,0,0
5.0,1.0,89.0,,SUNLIGHT Forecast for DAY 2,The weather forecasts call for between 11 and 15 hours of sunlight tomorrow.,111,2026-02-01 13:36:32.133500,NG,2.26,2.24,2.28,800000.0,800000.0,0,0,0,0,0,0
4.0,1.0,1.0,,SUNLIGHT Forecast for DAY 2,The weather forecasts call for between 12 and 20 hours of sunlight tomorrow.,111,2026-02-01 13:36:32.133500,ELEC-day2,0.0,0.0,0.0,,,0,0,0,0,0,0
3.0,1.0,1.0,,You are logged in as a PRODUCER,,111,2026-02-01 13:36:32.133500,ELEC-day3,0.0,0.0,0.0,,,0,0,0,0,0,0
2.0,1.0,1.0,,FINES,"The fine for open positions of ELEC-dayX at the end of the day is $20,000/contract.",111,2026-02-01 13:36:32.133500,ELEC-day4,0.0,0.0,0.0,,,0,0,0,0,0,0
1.0,1.0,1.0,,Welcome to the RITC2026 GBE Energy Electricity Trading Case - practice server,,111,2026-02-01 13:36:32.133500,ELEC-day5,0.0,0.0,0.0,,,0,0,0,0,0,0
,,,,,,111,2026-02-01 13:36:32.133500,ELEC-day6,0.0,0.0,0.0,,,0,0,0,0,0,0
,,,,,,111,2026-02-01 13:36:32.133500,ELEC-F,0.0,0.0,0.0,,,0,0,0,0,0,0
5.0,1.0,89.0,,SUNLIGHT Forecast for DAY 2,The weather forecasts call for between 11 and 15 hours of sunlight tomorrow.,112,2026-02-01 13:36:33.162281,NG,2.26,2.24,2.28,800000.0,800000.0,0,0,0,0,0,0
4.0,1.0,1.0,,SUNLIGHT Forecast for DAY 2,The weather forecasts call for between 12 and 20 hours of sunlight tomorrow.,112,2026-02-01 13:36:33.162281,ELEC-day2,0.0,0.0,0.0,,,0,0,0,0,0,0
3.0,1.0,1.0,,You are logged in as a PRODUCER,,112,2026-02-01 13:36:33.162281,ELEC-day3,0.0,0.0,0.0,,,0,0,0,0,0,0
2.0,1.0,1.0,,FINES,"The fine for open positions of ELEC-dayX at the end of the day is $20,000/contract.",112,2026-02-01 13:36:33.162281,ELEC-day4,0.0,0.0,0.0,,,0,0,0,0,0,0
1.0,1.0,1.0,,Welcome to the RITC2026 GBE Energy Electricity Trading Case - practice server,,112,2026-02-01 13:36:33.162281,ELEC-day5,0.0,0.0,0.0,,,0,0,0,0,0,0
,,,,,,112,2026-02-01 13:36:33.162281,ELEC-day6,0.0,0.0,0.0,,,0,0,0,0,0,0
,,,,,,112,2026-02-01 13:36:33.162281,ELEC-F,0.0,0.0,0.0,,,0,0,0,0,0,0
5.0,1.0,89.0,,SUNLIGHT Forecast for DAY 2,The weather forecasts call for between 11 and 15 hours of sunlight tomorrow.,113,2026-02-01 13:36:34.195667,NG,2.28,2.26,2.3,800000.0,800000.0,0,0,0,0,0,0
4.0,1.0,1.0,,SUNLIGHT Forecast for DAY 2,The weather forecasts call for between 12 and 20 hours of sunlight tomorrow.,113,2026-02-01 13:36:34.195667,ELEC-day2,0.0,0.0,0.0,,,0,0,0,0,0,0
3.0,1.0,1.0,,You are logged in as a PRODUCER,,113,2026-02-01 13:36:34.195667,ELEC-day3,0.0,0.0,0.0,,,0,0,0,0,0,0
2.0,1.0,1.0,,FINES,"The fine for open positions of ELEC-dayX at the end of the day is $20,000/contract.",113,2026-02-01 13:36:34.195667,ELEC-day4,0.0,0.0,0.0,,,0,0,0,0,0,0
1.0,1.0,1.0,,Welcome to the RITC2026 GBE Energy Electricity Trading Case - practice server,,113,2026-02-01 13:36:34.195667,ELEC-day5,0.0,0.0,0.0,,,0,0,0,0,0,0
,,,,,,113,2026-02-01 13:36:34.195667,ELEC-day6,0.0,0.0,0.0,,,0,0,0,0,0,0
,,,,,,113,2026-02-01 13:36:34.195667,ELEC-F,0.0,0.0,0.0,,,0,0,0,0,0,0
5.0,1.0,89.0,,SUNLIGHT Forecast for DAY 2,The weather forecasts call for between 11 and 15 hours of sunlight tomorrow.,114,2026-02-01 13:36:35.226985,NG,2.27,2.25,2.29,800000.0,800000.0,0,0,0,0,0,0
4.0,1.0,1.0,,SUNLIGHT Forecast for DAY 2,The weather forecasts call for between 12 and 20 hours of sunlight tomorrow.,114,2026-02-01 13:36:35.226985,ELEC-day2,0.0,0.0,0.0,,,0,0,0,0,0,0
3.0,1.0,1.0,,You are logged in as a PRODUCER,,114,2026-02-01 13:36:35.226985,ELEC-day3,0.0,0.0,0.0,,,0,0,0,0,0,0
2.0,1.0,1.0,,FINES,"The fine for open positions of ELEC-dayX at the end of the day is $20,000/contract.",114,2026-02-01 13:36:35.226985,ELEC-day4,0.0,0.0,0.0,,,0,0,0,0,0,0
1.0,1.0,1.0,,Welcome to the RITC2026 GBE Energy Electricity Trading Case - practice server,,114,2026-02-01 13:36:35.226985,ELEC-day5,0.0,0.0,0.0,,,0,0,0,0,0,0
,,,,,,114,2026-02-01 13:36:35.226985,ELEC-day6,0.0,0.0,0.0,,,0,0,0,0,0,0
,,,,,,114,2026-02-01 13:36:35.226985,ELEC-F,0.0,0.0,0.0,,,0,0,0,0,0,0
5.0,1.0,89.0,,SUNLIGHT Forecast for DAY 2,The weather forecasts call for between 11 and 15 hours of sunlight tomorrow.,115,2026-02-01 13:36:36.258255,NG,2.26,2.24,2.28,800000.0,800000.0,0,0,0,0,0,0
4.0,1.0,1.0,,SUNLIGHT Forecast for DAY 2,The weather forecasts call for between 12 and 20 hours of sunlight tomorrow.,115,2026-02-01 13:36:36.258255,ELEC-day2,0.0,0.0,0.0,,,0,0,0,0,0,0
3.0,1.0,1.0,,You are logged in as a PRODUCER,,115,2026-02-01 13:36:36.258255,ELEC-day3,0.0,0.0,0.0,,,0,0,0,0,0,0
2.0,1.0,1.0,,FINES,"The fine for open positions of ELEC-dayX at the end of the day is $20,000/contract.",115,2026-02-01 13:36:36.258255,ELEC-day4,0.0,0.0,0.0,,,0,0,0,0,0,0
1.0,1.0,1.0,,Welcome to the RITC2026 GBE Energy Electricity Trading Case - practice server,,115,2026-02-01 13:36:36.258255,ELEC-day5,0.0,0.0,0.0,,,0,0,0,0,0,0
,,,,,,115,2026-02-01 13:36:36.258255,ELEC-day6,0.0,0.0,0.0,,,0,0,0,0,0,0
,,,,,,115,2026-02-01 13:36:36.258255,ELEC-F,0.0,0.0,0.0,,,0,0,0,0,0,0
5.0,1.0,89.0,,SUNLIGHT Forecast for DAY 2,The weather forecasts call for between 11 and 15 hours of sunlight tomorrow.,116,2026-02-01 13:36:37.303215,NG,2.26,2.24,2.28,800000.0,800000.0,0,0,0,0,0,0
4.0,1.0,1.0,,SUNLIGHT Forecast for DAY 2,The weather forecasts call for between 12 and 20 hours of sunlight tomorrow.,116,2026-02-01 13:36:37.303215,ELEC-day2,0.0,0.0,0.0,,,0,0,0,0,0,0
3.0,1.0,1.0,,You are logged in as a PRODUCER,,116,2026-02-01 13:36:37.303215,ELEC-day3,0.0,0.0,0.0,,,0,0,0,0,0,0
2.0,1.0,1.0,,FINES,"The fine for open positions of ELEC-dayX at the end of the day is $20,000/contract.",116,2026-02-01 13:36:37.303215,ELEC-day4,0.0,0.0,0.0,,,0,0,0,0,0,0
1.0,1.0,1.0,,Welcome to the RITC2026 GBE Energy Electricity Trading Case - practice server,,116,2026-02-01 13:36:37.303215,ELEC-day5,0.0,0.0,0.0,,,0,0,0,0,0,0
,,,,,,116,2026-02-01 13:36:37.303215,ELEC-day6,0.0,0.0,0.0,,,0,0,0,0,0,0
,,,,,,116,2026-02-01 13:36:37.303215,ELEC-F,0.0,0.0,0.0,,,0,0,0,0,0,0
5.0,1.0,89.0,,SUNLIGHT Forecast for DAY 2,The weather forecasts call for between 11 and 15 hours of sunlight tomorrow.,117,2026-02-01 13:36:38.336870,NG,2.27,2.25,2.29,800000.0,800000.0,0,0,0,0,0,0
4.0,1.0,1.0,,SUNLIGHT Forecast for DAY 2,The weather forecasts call for between 12 and 20 hours of sunlight tomorrow.,117,2026-02-01 13:36:38.336870,ELEC-day2,0.0,0.0,0.0,,,0,0,0,0,0,0
3.0,1.0,1.0,,You are logged in as a PRODUCER,,117,2026-02-01 13:36:38.336870,ELEC-day3,0.0,0.0,0.0,,,0,0,0,0,0,0
2.0,1.0,1.0,,FINES,"The fine for open positions of ELEC-dayX at the end of the day is $20,000/contract.",117,2026-02-01 13:36:38.336870,ELEC-day4,0.0,0.0,0.0,,,0,0,0,0,0,0
1.0,1.0,1.0,,Welcome to the RITC2026 GBE Energy Electricity Trading Case - practice server,,117,2026-02-01 13:36:38.336870,ELEC-day5,0.0,0.0,0.0,,,0,0,0,0,0,0
,,,,,,117,2026-02-01 13:36:38.336870,ELEC-day6,0.0,0.0,0.0,,,0,0,0,0,0,0
