news_id,period,tick,ticker,headline,body,tick,timestamp,ticker,last_price,bid_price,ask_price,BUY_ANON,SELL_ANON,SELL_COLB-2,BUY_CNCD-1,BUY_COLB-2,BUY_COLB-1,SELL_COLB-5,SELL_LUIS-1,BUY_LUIS-1,BUY_CHUL-2,SELL_CHUL-2,SELL_OTWA-2,BUY_COLA-4,SELL_CNCD-1,SELL_COLA-4,BUY_DUBL-6,SELL_COLB-1,BUY_OTWA-2,SELL_BOST-3,SELL_DUBL-6
1.0,1.0,1.0,,Welcome to the RITC 2026 Liquidity Risk Case - practice server,Good Luck!,3,2026-02-01 12:48:30.657846,RITC,10.01,10.01,10.02,197700.0,196700.0,0,0,0,0,0,0,0,0,0,0,0,0,0,0,0,0,0,0
,,,,,,3,2026-02-01 12:48:30.657846,COMP,25.03,25.0,25.03,137900.0,141200.0,0,0,0,0,0,0,0,0,0,0,0,0,0,0,0,0,0,0
1.0,1.0,1.0,,Welcome to the RITC 2026 Liquidity Risk Case - practice server,Good Luck!,4,2026-02-01 12:48:31.798226,RITC,10.02,10.01,10.02,199200.0,199200.0,0,0,0,0,0,0,0,0,0,0,0,0,0,0,0,0,0,0
,,,,,,4,2026-02-01 12:48:31.798226,COMP,25.03,25.0,25.03,136000.0,141200.0,0,0,0,0,0,0,0,0,0,0,0,0,0,0,0,0,0,0
1.0,1.0,1.0,,Welcome to the RITC 2026 Liquidity Risk Case - practice server,Good Luck!,5,2026-02-01 12:48:33.029400,RITC,10.02,10.01,10.02,199000.0,199200.0,0,0,0,0,0,0,0,0,0,0,0,0,0,0,0,0,0,0
,,,,,,5,2026-02-01 12:48:33.029400,COMP,25.03,25.0,25.03,134300.0,141200.0,0,0,0,0,0,0,0,0,0,0,0,0,0,0,0,0,0,0
1.0,1.0,1.0,,Welcome to the RITC 2026 Liquidity Risk Case - practice server,Good Luck!,6,2026-02-01 12:48:34.114621,RITC,10.02,10.01,10.02,199000.0,199200.0,0,0,0,0,0,0,0,0,0,0,0,0,0,0,0,0,0,0
,,,,,,6,2026-02-01 12:48:34.114621,COMP,25.04,25.02,25.04,134700.0,142800.0,0,0,0,0,0,0,0,0,0,0,0,0,0,0,0,0,0,0
1.0,1.0,1.0,,Welcome to the RITC 2026 Liquidity Risk Case - practice server,Good Luck!,7,2026-02-01 12:48:35.194993,RITC,10.02,10.01,10.02,199400.0,198200.0,0,0,0,0,0,0,0,0,0,0,0,0,0,0,0,0,0,0
,,,,,,7,2026-02-01 12:48:35.194993,COMP,25.05,25.02,25.05,134700.0,141600.0,0,0,0,0,0,0,0,0,0,0,0,0,0,0,0,0,0,0
1.0,1.0,1.0,,Welcome to the RITC 2026 Liquidity Risk Case - practice server,Good Luck!,8,2026-02-01 12:48:36.236191,RITC,10.02,10.01,10.02,201600.0,198200.0,0,0,0,0,0,0,0,0,0,0,0,0,0,0,0,0,0,0
,,,,,,8,2026-02-01 12:48:36.236191,COMP,25.05,25.02,25.05,133000.0,141600.0,0,0,0,0,0,0,0,0,0,0,0,0,0,0,0,0,0,0
1.0,1.0,1.0,,Welcome to the RITC 2026 Liquidity Risk Case - practice server,Good Luck!,9,2026-02-01 12:48:37.268480,RITC,10.02,10.01,10.02,201900.0,198200.0,0,0,0,0,0,0,0,0,0,0,0,0,0,0,0,0,0,0
,,,,,,9,2026-02-01 12:48:37.268480,COMP,25.05,25.04,25.05,134200.0,141600.0,0,0,0,0,0,0,0,0,0,0,0,0,0,0,0,0,0,0
1.0,1.0,1.0,,Welcome to the RITC 2026 Liquidity Risk Case - practice server,Good Luck!,10,2026-02-01 12:48:38.299484,RITC,10.02,10.02,10.03,201000.0,198200.0,0,0,0,0,0,0,0,0,0,0,0,0,0,0,0,0,0,0
,,,,,,10,2026-02-01 12:48:38.299484,COMP,25.05,25.04,25.05,133800.0,141600.0,0,0,0,0,0,0,0,0,0,0,0,0,0,0,0,0,0,0
1.0,1.0,1.0,,Welcome to the RITC 2026 Liquidity Risk Case - practice server,Good Luck!,11,2026-02-01 12:48:39.332935,RITC,10.03,10.02,10.03,200800.0,197500.0,0,0,0,0,0,0,0,0,0,0,0,0,0,0,0,0,0,0
,,,,,,11,2026-02-01 12:48:39.332935,COMP,25.05,25.04,25.05,133800.0,141900.0,0,0,0,0,0,0,0,0,0,0,0,0,0,0,0,0,0,0
1.0,1.0,1.0,,Welcome to the RITC 2026 Liquidity Risk Case - practice server,Good Luck!,12,2026-02-01 12:48:40.366029,RITC,10.05,10.02,10.05,200800.0,194900.0,0,0,0,0,0,0,0,0,0,0,0,0,0,0,0,0,0,0
,,,,,,12,2026-02-01 12:48:40.366029,COMP,25.06,25.04,25.06,133800.0,142400.0,0,0,0,0,0,0,0,0,0,0,0,0,0,0,0,0,0,0
1.0,1.0,1.0,,Welcome to the RITC 2026 Liquidity Risk Case - practice server,Good Luck!,13,2026-02-01 12:48:41.409788,RITC,10.05,10.02,10.05,197900.0,194900.0,0,0,0,0,0,0,0,0,0,0,0,0,0,0,0,0,0,0
,,,,,,13,2026-02-01 12:48:41.409788,COMP,25.08,25.04,25.08,133800.0,135700.0,0,0,0,0,0,0,0,0,0,0,0,0,0,0,0,0,0,0
1.0,1.0,1.0,,Welcome to the RITC 2026 Liquidity Risk Case - practice server,Good Luck!,14,2026-02-01 12:48:42.437686,RITC,10.06,10.04,10.06,196400.0,195600.0,0,0,0,0,0,0,0,0,0,0,0,0,0,0,0,0,0,0
,,,,,,14,2026-02-01 12:48:42.437686,COMP,25.09,25.07,25.09,135900.0,127600.0,0,0,0,0,0,0,0,0,0,0,0,0,0,0,0,0,0,0
1.0,1.0,1.0,,Welcome to the RITC 2026 Liquidity Risk Case - practice server,Good Luck!,15,2026-02-01 12:48:43.483001,RITC,10.06,10.05,10.06,192900.0,195600.0,0,0,0,0,0,0,0,0,0,0,0,0,0,0,0,0,0,0
,,,,,,15,2026-02-01 12:48:43.483001,COMP,25.09,25.07,25.09,135900.0,127600.0,0,0,0,0,0,0,0,0,0,0,0,0,0,0,0,0,0,0
1.0,1.0,1.0,,Welcome to the RITC 2026 Liquidity Risk Case - practice server,Good Luck!,16,2026-02-01 12:48:44.513888,RITC,10.06,10.05,10.06,190500.0,195600.0,0,0,0,0,0,0,0,0,0,0,0,0,0,0,0,0,0,0
,,,,,,16,2026-02-01 12:48:44.513888,COMP,25.1,25.07,25.1,135400.0,119500.0,0,0,0,0,0,0,0,0,0,0,0,0,0,0,0,0,0,0
1.0,1.0,1.0,,Welcome to the RITC 2026 Liquidity Risk Case - practice server,Good Luck!,17,2026-02-01 12:48:45.545418,RITC,10.06,10.05,10.06,189300.0,196300.0,0,0,0,0,0,0,0,0,0,0,0,0,0,0,0,0,0,0
,,,,,,17,2026-02-01 12:48:45.545418,COMP,25.1,25.08,25.1,136900.0,119500.0,0,0,0,0,0,0,0,0,0,0,0,0,0,0,0,0,0,0
1.0,1.0,1.0,,Welcome to the RITC 2026 Liquidity Risk Case - practice server,Good Luck!,18,2026-02-01 12:48:46.580503,RITC,10.06,10.05,10.06,191500.0,198800.0,0,0,0,0,0,0,0,0,0,0,0,0,0,0,0,0,0,0
,,,,,,18,2026-02-01 12:48:46.580503,COMP,25.1,25.08,25.1,138800.0,119500.0,0,0,0,0,0,0,0,0,0,0,0,0,0,0,0,0,0,0
1.0,1.0,1.0,,Welcome to the RITC 2026 Liquidity Risk Case - practice server,Good Luck!,19,2026-02-01 12:48:47.612063,RITC,10.07,10.05,10.07,191500.0,190900.0,0,0,0,0,0,0,0,0,0,0,0,0,0,0,0,0,0,0
,,,,,,19,2026-02-01 12:48:47.612063,COMP,25.11,25.11,25.12,139300.0,99300.0,0,0,0,0,0,0,0,0,0,0,0,0,0,0,0,0,0,0
1.0,1.0,1.0,,Welcome to the RITC 2026 Liquidity Risk Case - practice server,Good Luck!,21,2026-02-01 12:48:48.651316,RITC,10.07,10.07,10.08,187200.0,179400.0,0,0,0,0,0,0,0,0,0,0,0,0,0,0,0,0,0,0
,,,,,,21,2026-02-01 12:48:48.651316,COMP,25.22,25.11,25.22,139300.0,67400.0,0,0,0,0,0,0,0,0,0,0,0,0,0,0,0,0,0,0
1.0,1.0,1.0,,Welcome to the RITC 2026 Liquidity Risk Case - practice server,Good Luck!,22,2026-02-01 12:48:49.685570,RITC,10.08,10.07,10.08,189500.0,179400.0,0,0,0,0,0,0,0,0,0,0,0,0,0,0,0,0,0,0
,,,,,,22,2026-02-01 12:48:49.685570,COMP,25.24,25.16,25.24,140800.0,61600.0,0,0,0,0,0,0,0,0,0,0,0,0,0,0,0,0,0,0
1.0,1.0,1.0,,Welcome to the RITC 2026 Liquidity Risk Case - practice server,Good Luck!,23,2026-02-01 12:48:50.730651,RITC,10.08,10.07,10.08,189500.0,168200.0,0,0,0,0,0,0,0,0,0,0,0,0,0,0,0,0,0,0
,,,,,,23,2026-02-01 12:48:50.730651,COMP,25.26,25.16,25.26,142100.0,66700.0,0,0,0,0,0,0,0,0,0,0,0,0,0,0,0,0,0,0
1.0,1.0,1.0,,Welcome to the RITC 2026 Liquidity Risk Case - practice server,Good Luck!,24,2026-02-01 12:48:51.758057,RITC,10.09,10.07,10.09,192300.0,141700.0,0,0,0,0,0,0,0,0,0,0,0,0,0,0,0,0,0,0
,,,,,,24,2026-02-01 12:48:51.758057,COMP,25.42,25.28,25.42,143500.0,66100.0,0,0,0,0,0,0,0,0,0,0,0,0,0,0,0,0,0,0
1.0,1.0,1.0,,Welcome to the RITC 2026 Liquidity Risk Case - practice server,Good Luck!,25,2026-02-01 12:48:52.780762,RITC,10.09,10.07,10.09,192300.0,131800.0,0,0,0,0,0,0,0,0,0,0,0,0,0,0,0,0,0,0
,,,,,,25,2026-02-01 12:48:52.780762,COMP,25.42,25.28,25.42,143500.0,73800.0,0,0,0,0,0,0,0,0,0,0,0,0,0,0,0,0,0,0
1.0,1.0,1.0,,Welcome to the RITC 2026 Liquidity Risk Case - practice server,Good Luck!,26,2026-02-01 12:48:53.807171,RITC,10.1,10.07,10.1,192300.0,120900.0,0,0,0,0,0,0,0,0,0,0,0,0,0,0,0,0,0,0
,,,,,,26,2026-02-01 12:48:53.807171,COMP,25.45,25.28,25.45,143500.0,67400.0,0,0,0,0,0,0,0,0,0,0,0,0,0,0,0,0,0,0
1.0,1.0,1.0,,Welcome to the RITC 2026 Liquidity Risk Case - practice server,Good Luck!,27,2026-02-01 12:48:54.825217,RITC,10.1,10.09,10.1,195500.0,120900.0,0,0,0,0,0,0,0,0,0,0,0,0,0,0,0,0,0,0
,,,,,,27,2026-02-01 12:48:54.825217,COMP,25.45,25.41,25.45,143500.0,67400.0,0,0,0,0,0,0,0,0,0,0,0,0,0,0,0,0,0,0
1.0,1.0,1.0,,Welcome to the RITC 2026 Liquidity Risk Case - practice server,Good Luck!,28,2026-02-01 12:48:55.855100,RITC,10.1,10.09,10.1,196500.0,111000.0,0,0,0,0,0,0,0,0,0,0,0,0,0,0,0,0,0,0
,,,,,,28,2026-02-01 12:48:55.855100,COMP,25.45,25.44,25.45,144200.0,73800.0,0,0,0,0,0,0,0,0,0,0,0,0,0,0,0,0,0,0
1.0,1.0,1.0,,Welcome to the RITC 2026 Liquidity Risk Case - practice server,Good Luck!,29,2026-02-01 12:48:56.885102,RITC,10.1,10.09,10.1,195900.0,102600.0,0,0,0,0,0,0,0,0,0,0,0,0,0,0,0,0,0,0
,,,,,,29,2026-02-01 12:48:56.885102,COMP,25.44,25.44,25.45,144200.0,73800.0,0,0,0,0,0,0,0,0,0,0,0,0,0,0,0,0,0,0
1.0,1.0,1.0,,Welcome to the RITC 2026 Liquidity Risk Case - practice server,Good Luck!,30,2026-02-01 12:48:57.906705,RITC,10.11,10.09,10.11,195900.0,101700.0,0,0,0,0,0,0,0,0,0,0,0,0,0,0,0,0,0,0
,,,,,,30,2026-02-01 12:48:57.906705,COMP,25.41,25.41,25.45,145200.0,73800.0,0,0,0,0,0,0,0,0,0,0,0,0,0,0,0,0,0,0
1.0,1.0,1.0,,Welcome to the RITC 2026 Liquidity Risk Case - practice server,Good Luck!,31,2026-02-01 12:48:58.925038,RITC,10.09,10.09,10.11,198400.0,104000.0,0,0,0,0,0,0,0,0,0,0,0,0,0,0,0,0,0,0
,,,,,,31,2026-02-01 12:48:58.925038,COMP,25.41,25.41,25.45,145200.0,80500.0,0,0,0,0,0,0,0,0,0,0,0,0,0,0,0,0,0,0
1.0,1.0,1.0,,Welcome to the RITC 2026 Liquidity Risk Case - practice server,Good Luck!,32,2026-02-01 12:48:59.944842,RITC,10.11,10.09,10.11,198400.0,104200.0,0,0,0,0,0,0,0,0,0,0,0,0,0,0,0,0,0,0
,,,,,,32,2026-02-01 12:48:59.944842,COMP,25.45,25.41,25.42,145200.0,80800.0,0,0,0,0,0,0,0,0,0,0,0,0,0,0,0,0,0,0
1.0,1.0,1.0,,Welcome to the RITC 2026 Liquidity Risk Case - practice server,Good Luck!,33,2026-02-01 12:49:00.977765,RITC,10.11,10.11,10.12,198600.0,103400.0,0,0,0,0,0,0,0,0,0,0,0,0,0,0,0,0,0,0
,,,,,,33,2026-02-01 12:49:00.977765,COMP,25.45,25.41,25.42,143700.0,80800.0,0,0,0,0,0,0,0,0,0,0,0,0,0,0,0,0,0,0
1.0,1.0,1.0,,Welcome to the RITC 2026 Liquidity Risk Case - practice server,Good Luck!,34,2026-02-01 12:49:02.004980,RITC,10.12,10.11,10.12,198600.0,113700.0,0,0,0,0,0,0,0,0,0,0,0,0,0,0,0,0,0,0
,,,,,,34,2026-02-01 12:49:02.004980,COMP,25.4,25.4,25.42,143300.0,80800.0,0,0,0,0,0,0,0,0,0,0,0,0,0,0,0,0,0,0
1.0,1.0,1.0,,Welcome to the RITC 2026 Liquidity Risk Case - practice server,Good Luck!,35,2026-02-01 12:49:03.037940,RITC,10.09,10.08,10.09,196500.0,113200.0,0,0,0,0,0,0,0,0,0,0,0,0,0,0,0,0,0,0
,,,,,,35,2026-02-01 12:49:03.037940,COMP,25.45,25.45,25.46,142000.0,66200.0,0,0,0,0,0,0,0,0,0,0,0,0,0,0,0,0,0,0
1.0,1.0,1.0,,Welcome to the RITC 2026 Liquidity Risk Case - practice server,Good Luck!,36,2026-02-01 12:49:04.065456,RITC,10.08,10.09,10.12,197000.0,101700.0,0,0,0,0,0,0,0,0,0,0,0,0,0,0,0,0,0,0
,,,,,,36,2026-02-01 12:49:04.065456,COMP,25.48,25.45,25.48,143400.0,66300.0,0,0,0,0,0,0,0,0,0,0,0,0,0,0,0,0,0,0
1.0,1.0,1.0,,Welcome to the RITC 2026 Liquidity Risk Case - practice server,Good Luck!,37,2026-02-01 12:49:05.085216,RITC,10.12,10.09,10.12,194800.0,100600.0,0,0,0,0,0,0,0,0,0,0,0,0,0,0,0,0,0,0
,,,,,,37,2026-02-01 12:49:05.085216,COMP,25.41,25.41,25.48,143500.0,66300.0,0,0,0,0,0,0,0,0,0,0,0,0,0,0,0,0,0,0
1.0,1.0,1.0,,Welcome to the RITC 2026 Liquidity Risk Case - practice server,Good Luck!,38,2026-02-01 12:49:06.113647,RITC,10.12,10.1,10.12,197300.0,100600.0,0,0,0,0,0,0,0,0,0,0,0,0,0,0,0,0,0,0
,,,,,,38,2026-02-01 12:49:06.113647,COMP,25.41,25.41,25.42,143500.0,78300.0,0,0,0,0,0,0,0,0,0,0,0,0,0,0,0,0,0,0
1.0,1.0,1.0,,Welcome to the RITC 2026 Liquidity Risk Case - practice server,Good Luck!,39,2026-02-01 12:49:07.130809,RITC,10.13,10.1,10.13,197300.0,97700.0,0,0,0,0,0,0,0,0,0,0,0,0,0,0,0,0,0,0
,,,,,,39,2026-02-01 12:49:07.130809,COMP,25.41,25.41,25.42,143500.0,83800.0,0,0,0,0,0,0,0,0,0,0,0,0,0,0,0,0,0,0
1.0,1.0,1.0,,Welcome to the RITC 2026 Liquidity Risk Case - practice server,Good Luck!,40,2026-02-01 12:49:08.164395,RITC,10.13,10.11,10.13,196300.0,97700.0,0,0,0,0,0,0,0,0,0,0,0,0,0,0,0,0,0,0
,,,,,,40,2026-02-01 12:49:08.164395,COMP,25.4,25.4,25.42,143300.0,90400.0,0,0,0,0,0,0,0,0,0,0,0,0,0,0,0,0,0,0
1.0,1.0,1.0,,Welcome to the RITC 2026 Liquidity Risk Case - practice server,Good Luck!,41,2026-02-01 12:49:09.197992,RITC,10.13,10.12,10.13,197900.0,97700.0,0,0,0,0,0,0,0,0,0,0,0,0,0,0,0,0,0,0
,,,,,,41,2026-02-01 12:49:09.197992,COMP,25.4,25.4,25.42,143300.0,98000.0,0,0,0,0,0,0,0,0,0,0,0,0,0,0,0,0,0,0
1.0,1.0,1.0,,Welcome to the RITC 2026 Liquidity Risk Case - practice server,Good Luck!,42,2026-02-01 12:49:10.253607,RITC,10.16,10.14,10.16,199400.0,95800.0,0,0,0,0,0,0,0,0,0,0,0,0,0,0,0,0,0,0
,,,,,,42,2026-02-01 12:49:10.253607,COMP,25.4,25.4,25.42,143300.0,112900.0,0,0,0,0,0,0,0,0,0,0,0,0,0,0,0,0,0,0
1.0,1.0,1.0,,Welcome to the RITC 2026 Liquidity Risk Case - practice server,Good Luck!,43,2026-02-01 12:49:11.504352,RITC,10.16,10.14,10.16,199600.0,93000.0,0,0,0,0,0,0,0,0,0,0,0,0,0,0,0,0,0,0
,,,,,,43,2026-02-01 12:49:11.504352,COMP,25.4,25.28,25.32,143500.0,126500.0,0,0,0,0,0,0,0,0,0,0,0,0,0,0,0,0,0,0
1.0,1.0,1.0,,Welcome to the RITC 2026 Liquidity Risk Case - practice server,Good Luck!,44,2026-02-01 12:49:12.550311,RITC,10.16,10.15,10.16,200500.0,93000.0,0,0,0,0,0,0,0,0,0,0,0,0,0,0,0,0,0,0
,,,,,,44,2026-02-01 12:49:12.550311,COMP,25.28,25.22,25.24,144000.0,134000.0,0,0,0,0,0,0,0,0,0,0,0,0,0,0,0,0,0,0
1.0,1.0,1.0,,Welcome to the RITC 2026 Liquidity Risk Case - practice server,Good Luck!,45,2026-02-01 12:49:13.599542,RITC,10.16,10.15,10.16,202900.0,101600.0,0,0,0,0,0,0,0,0,0,0,0,0,0,0,0,0,0,0
,,,,,,45,2026-02-01 12:49:13.599542,COMP,25.24,25.28,25.32,144400.0,133800.0,0,0,0,0,0,0,0,0,0,0,0,0,0,0,0,0,0,0
1.0,1.0,1.0,,Welcome to the RITC 2026 Liquidity Risk Case - practice server,Good Luck!,46,2026-02-01 12:49:14.645309,RITC,10.16,10.16,10.17,200500.0,90400.0,0,0,0,0,0,0,0,0,0,0,0,0,0,0,0,0,0,0
,,,,,,46,2026-02-01 12:49:14.645309,COMP,25.24,25.28,25.32,145600.0,133800.0,0,0,0,0,0,0,0,0,0,0,0,0,0,0,0,0,0,0
1.0,1.0,1.0,,Welcome to the RITC 2026 Liquidity Risk Case - practice server,Good Luck!,47,2026-02-01 12:49:15.684777,RITC,10.16,10.16,10.17,198900.0,90400.0,0,0,0,0,0,0,0,0,0,0,0,0,0,0,0,0,0,0
,,,,,,47,2026-02-01 12:49:15.684777,COMP,25.24,25.29,25.32,144500.0,133800.0,0,0,0,0,0,0,0,0,0,0,0,0,0,0,0,0,0,0
1.0,1.0,1.0,,Welcome to the RITC 2026 Liquidity Risk Case - practice server,Good Luck!,48,2026-02-01 12:49:16.717703,RITC,10.16,10.16,10.17,197500.0,101000.0,0,0,0,0,0,0,0,0,0,0,0,0,0,0,0,0,0,0
,,,,,,48,2026-02-01 12:49:16.717703,COMP,25.35,25.29,25.35,144500.0,127900.0,0,0,0,0,0,0,0,0,0,0,0,0,0,0,0,0,0,0
1.0,1.0,1.0,,Welcome to the RITC 2026 Liquidity Risk Case - practice server,Good Luck!,49,2026-02-01 12:49:17.740478,RITC,10.17,10.16,10.17,197500.0,119700.0,0,0,0,0,0,0,0,0,0,0,0,0,0,0,0,0,0,0
,,,,,,49,2026-02-01 12:49:17.740478,COMP,25.35,25.29,25.33,144500.0,136900.0,0,0,0,0,0,0,0,0,0,0,0,0,0,0,0,0,0,0
1.0,1.0,1.0,,Welcome to the RITC 2026 Liquidity Risk Case - practice server,Good Luck!,51,2026-02-01 12:49:18.778072,RITC,10.16,10.16,10.17,198900.0,119700.0,0,0,0,0,0,0,0,0,0,0,0,0,0,0,0,0,0,0
,,,,,,51,2026-02-01 12:49:18.778072,COMP,25.35,25.29,25.33,144500.0,136500.0,0,0,0,0,0,0,0,0,0,0,0,0,0,0,0,0,0,0
1.0,1.0,1.0,,Welcome to the RITC 2026 Liquidity Risk Case - practice server,Good Luck!,52,2026-02-01 12:49:19.805194,RITC,10.15,10.15,10.17,200500.0,119700.0,0,0,0,0,0,0,0,0,0,0,0,0,0,0,0,0,0,0
,,,,,,52,2026-02-01 12:49:19.805194,COMP,25.28,25.22,25.25,144000.0,138900.0,0,0,0,0,0,0,0,0,0,0,0,0,0,0,0,0,0,0
1.0,1.0,1.0,,Welcome to the RITC 2026 Liquidity Risk Case - practice server,Good Luck!,53,2026-02-01 12:49:20.833921,RITC,10.15,10.15,10.17,200500.0,137300.0,0,0,0,0,0,0,0,0,0,0,0,0,0,0,0,0,0,0
,,,,,,53,2026-02-01 12:49:20.833921,COMP,25.28,25.22,25.25,142600.0,138900.0,0,0,0,0,0,0,0,0,0,0,0,0,0,0,0,0,0,0
1.0,1.0,1.0,,Welcome to the RITC 2026 Liquidity Risk Case - practice server,Good Luck!,54,2026-02-01 12:49:21.864552,RITC,10.15,10.15,10.17,200600.0,145500.0,0,0,0,0,0,0,0,0,0,0,0,0,0,0,0,0,0,0
,,,,,,54,2026-02-01 12:49:21.864552,COMP,25.28,25.22,25.23,144500.0,140700.0,0,0,0,0,0,0,0,0,0,0,0,0,0,0,0,0,0,0
1.0,1.0,1.0,,Welcome to the RITC 2026 Liquidity Risk Case - practice server,Good Luck!,55,2026-02-01 12:49:22.898046,RITC,10.15,10.14,10.15,201100.0,168300.0,0,0,0,0,0,0,0,0,0,0,0,0,0,0,0,0,0,0
,,,,,,55,2026-02-01 12:49:22.898046,COMP,25.28,25.22,25.23,143900.0,140700.0,0,0,0,0,0,0,0,0,0,0,0,0,0,0,0,0,0,0
1.0,1.0,1.0,,Welcome to the RITC 2026 Liquidity Risk Case - practice server,Good Luck!,56,2026-02-01 12:49:23.938680,RITC,10.14,10.14,10.15,201100.0,178900.0,0,0,0,0,0,0,0,0,0,0,0,0,0,0,0,0,0,0
,,,,,,56,2026-02-01 12:49:23.938680,COMP,25.28,25.22,25.23,143900.0,141800.0,0,0,0,0,0,0,0,0,0,0,0,0,0,0,0,0,0,0
1.0,1.0,1.0,,Welcome to the RITC 2026 Liquidity Risk Case - practice server,Good Luck!,57,2026-02-01 12:49:24.974193,RITC,10.14,10.14,10.15,201600.0,178900.0,0,0,0,0,0,0,0,0,0,0,0,0,0,0,0,0,0,0
,,,,,,57,2026-02-01 12:49:24.974193,COMP,25.21,25.21,25.23,143000.0,141800.0,0,0,0,0,0,0,0,0,0,0,0,0,0,0,0,0,0,0
1.0,1.0,1.0,,Welcome to the RITC 2026 Liquidity Risk Case - practice server,Good Luck!,58,2026-02-01 12:49:26.012045,RITC,10.14,10.14,10.15,202600.0,178900.0,0,0,0,0,0,0,0,0,0,0,0,0,0,0,0,0,0,0
,,,,,,58,2026-02-01 12:49:26.012045,COMP,25.21,25.21,25.23,143000.0,140800.0,0,0,0,0,0,0,0,0,0,0,0,0,0,0,0,0,0,0
1.0,1.0,1.0,,Welcome to the RITC 2026 Liquidity Risk Case - practice server,Good Luck!,59,2026-02-01 12:49:27.027578,RITC,10.14,10.14,10.15,200200.0,190000.0,0,0,0,0,0,0,0,0,0,0,0,0,0,0,0,0,0,0
,,,,,,59,2026-02-01 12:49:27.027578,COMP,25.21,25.21,25.23,143000.0,141200.0,0,0,0,0,0,0,0,0,0,0,0,0,0,0,0,0,0,0
1.0,1.0,1.0,,Welcome to the RITC 2026 Liquidity Risk Case - practice server,Good Luck!,60,2026-02-01 12:49:28.046476,RITC,10.13,10.13,10.15,197900.0,192900.0,0,0,0,0,0,0,0,0,0,0,0,0,0,0,0,0,0,0
,,,,,,60,2026-02-01 12:49:28.046476,COMP,25.21,25.17,25.19,142300.0,142900.0,0,0,0,0,0,0,0,0,0,0,0,0,0,0,0,0,0,0
1.0,1.0,1.0,,Welcome to the RITC 2026 Liquidity Risk Case - practice server,Good Luck!,61,2026-02-01 12:49:29.065275,RITC,10.13,10.13,10.15,197900.0,196400.0,0,0,0,0,0,0,0,0,0,0,0,0,0,0,0,0,0,0
,,,,,,61,2026-02-01 12:49:29.065275,COMP,25.23,25.17,25.23,142300.0,141200.0,0,0,0,0,0,0,0,0,0,0,0,0,0,0,0,0,0,0
1.0,1.0,1.0,,Welcome to the RITC 2026 Liquidity Risk Case - practice server,Good Luck!,62,2026-02-01 12:49:30.084739,RITC,10.13,10.13,10.15,197900.0,196300.0,0,0,0,0,0,0,0,0,0,0,0,0,0,0,0,0,0,0
,,,,,,62,2026-02-01 12:49:30.084739,COMP,25.23,25.17,25.19,142300.0,141600.0,0,0,0,0,0,0,0,0,0,0,0,0,0,0,0,0,0,0
1.0,1.0,1.0,,Welcome to the RITC 2026 Liquidity Risk Case - practice server,Good Luck!,63,2026-02-01 12:49:31.120295,RITC,10.13,10.13,10.15,197900.0,196900.0,0,0,0,0,0,0,0,0,0,0,0,0,0,0,0,0,0,0
,,,,,,63,2026-02-01 12:49:31.120295,COMP,25.16,25.16,25.19,142000.0,141300.0,0,0,0,0,0,0,0,0,0,0,0,0,0,0,0,0,0,0
1.0,1.0,1.0,,Welcome to the RITC 2026 Liquidity Risk Case - practice server,Good Luck!,64,2026-02-01 12:49:32.148448,RITC,10.13,10.13,10.15,198900.0,196400.0,0,0,0,0,0,0,0,0,0,0,0,0,0,0,0,0,0,0
,,,,,,64,2026-02-01 12:49:32.148448,COMP,25.19,25.19,25.2,141700.0,142800.0,0,0,0,0,0,0,0,0,0,0,0,0,0,0,0,0,0,0
1.0,1.0,1.0,,Welcome to the RITC 2026 Liquidity Risk Case - practice server,Good Luck!,65,2026-02-01 12:49:33.179902,RITC,10.13,10.13,10.14,198900.0,197200.0,0,0,0,0,0,0,0,0,0,0,0,0,0,0,0,0,0,0
,,,,,,65,2026-02-01 12:49:33.179902,COMP,25.19,25.19,25.2,140600.0,142800.0,0,0,0,0,0,0,0,0,0,0,0,0,0,0,0,0,0,0
1.0,1.0,1.0,,Welcome to the RITC 2026 Liquidity Risk Case - practice server,Good Luck!,66,2026-02-01 12:49:34.203403,RITC,10.13,10.13,10.14,198900.0,198800.0,0,0,0,0,0,0,0,0,0,0,0,0,0,0,0,0,0,0
,,,,,,66,2026-02-01 12:49:34.203403,COMP,25.18,25.18,25.2,140600.0,142800.0,0,0,0,0,0,0,0,0,0,0,0,0,0,0,0,0,0,0
1.0,1.0,1.0,,Welcome to the RITC 2026 Liquidity Risk Case - practice server,Good Luck!,67,2026-02-01 12:49:35.231556,RITC,10.12,10.12,10.14,196600.0,198800.0,0,0,0,0,0,0,0,0,0,0,0,0,0,0,0,0,0,0
,,,,,,67,2026-02-01 12:49:35.231556,COMP,25.2,25.21,25.23,140800.0,141200.0,0,0,0,0,0,0,0,0,0,0,0,0,0,0,0,0,0,0
1.0,1.0,1.0,,Welcome to the RITC 2026 Liquidity Risk Case - practice server,Good Luck!,68,2026-02-01 12:49:36.258778,RITC,10.12,10.12,10.13,197700.0,197800.0,0,0,0,0,0,0,0,0,0,0,0,0,0,0,0,0,0,0
,,,,,,68,2026-02-01 12:49:36.258778,COMP,25.2,25.21,25.23,140800.0,143900.0,0,0,0,0,0,0,0,0,0,0,0,0,0,0,0,0,0,0
1.0,1.0,1.0,,Welcome to the RITC 2026 Liquidity Risk Case - practice server,Good Luck!,69,2026-02-01 12:49:37.278997,RITC,10.12,10.12,10.13,197700.0,197800.0,0,0,0,0,0,0,0,0,0,0,0,0,0,0,0,0,0,0
,,,,,,69,2026-02-01 12:49:37.278997,COMP,25.25,25.21,25.25,140800.0,140800.0,0,0,0,0,0,0,0,0,0,0,0,0,0,0,0,0,0,0
1.0,1.0,1.0,,Welcome to the RITC 2026 Liquidity Risk Case - practice server,Good Luck!,70,2026-02-01 12:49:38.312722,RITC,10.1,10.1,10.11,197300.0,196300.0,0,0,0,0,0,0,0,0,0,0,0,0,0,0,0,0,0,0
,,,,,,70,2026-02-01 12:49:38.312722,COMP,25.25,25.21,25.22,140800.0,139800.0,0,0,0,0,0,0,0,0,0,0,0,0,0,0,0,0,0,0
1.0,1.0,1.0,,Welcome to the RITC 2026 Liquidity Risk Case - practice server,Good Luck!,71,2026-02-01 12:49:39.336472,RITC,10.1,10.1,10.11,194900.0,196300.0,0,0,0,0,0,0,0,0,0,0,0,0,0,0,0,0,0,0
,,,,,,71,2026-02-01 12:49:39.336472,COMP,25.21,25.18,25.21,140600.0,141400.0,0,0,0,0,0,0,0,0,0,0,0,0,0,0,0,0,0,0
1.0,1.0,1.0,,Welcome to the RITC 2026 Liquidity Risk Case - practice server,Good Luck!,72,2026-02-01 12:49:40.353190,RITC,10.09,10.09,10.11,194800.0,160500.0,14000.0,0,0,0,0,0,0,0,0,0,0,0,0,0,0,0,0,0
,,,,,,72,2026-02-01 12:49:40.353190,COMP,25.21,25.18,25.21,140600.0,141400.0,,0,0,0,0,0,0,0,0,0,0,0,0,0,0,0,0,0
1.0,1.0,1.0,,Welcome to the RITC 2026 Liquidity Risk Case - practice server,Good Luck!,73,2026-02-01 12:49:41.382776,RITC,10.21,10.08,10.1,195500.0,162100.0,14000.0,0,0,0,0,0,0,0,0,0,0,0,0,0,0,0,0,0
,,,,,,73,2026-02-01 12:49:41.382776,COMP,25.16,25.16,25.21,140800.0,141400.0,,0,0,0,0,0,0,0,0,0,0,0,0,0,0,0,0,0
1.0,1.0,1.0,,Welcome to the RITC 2026 Liquidity Risk Case - practice server,Good Luck!,74,2026-02-01 12:49:42.402973,RITC,10.07,10.07,10.09,194500.0,160100.0,14000.0,0,0,0,0,0,0,0,0,0,0,0,0,0,0,0,0,0
,,,,,,74,2026-02-01 12:49:42.402973,COMP,25.16,25.16,25.19,140800.0,139600.0,,0,0,0,0,0,0,0,0,0,0,0,0,0,0,0,0,0
1.0,1.0,1.0,,Welcome to the RITC 2026 Liquidity Risk Case - practice server,Good Luck!,75,2026-02-01 12:49:43.432566,RITC,10.07,10.07,10.09,193200.0,160100.0,14000.0,0,0,0,0,0,0,0,0,0,0,0,0,0,0,0,0,0
,,,,,,75,2026-02-01 12:49:43.432566,COMP,25.16,25.16,25.17,140800.0,143300.0,,0,0,0,0,0,0,0,0,0,0,0,0,0,0,0,0,0
1.0,1.0,1.0,,Welcome to the RITC 2026 Liquidity Risk Case - practice server,Good Luck!,76,2026-02-01 12:49:44.463406,RITC,10.07,10.07,10.09,193200.0,158900.0,14000.0,0,0,0,0,0,0,0,0,0,0,0,0,0,0,0,0,0
,,,,,,76,2026-02-01 12:49:44.463406,COMP,25.16,25.16,25.17,140800.0,143200.0,,0,0,0,0,0,0,0,0,0,0,0,0,0,0,0,0,0
1.0,1.0,1.0,,Welcome to the RITC 2026 Liquidity Risk Case - practice server,Good Luck!,77,2026-02-01 12:49:45.494923,RITC,10.07,10.07,10.09,189500.0,158900.0,14000.0,0,0,0,0,0,0,0,0,0,0,0,0,0,0,0,0,0
,,,,,,77,2026-02-01 12:49:45.494923,COMP,25.15,25.15,25.17,138600.0,142300.0,,0,0,0,0,0,0,0,0,0,0,0,0,0,0,0,0,0
1.0,1.0,1.0,,Welcome to the RITC 2026 Liquidity Risk Case - practice server,Good Luck!,78,2026-02-01 12:49:46.537645,RITC,10.07,10.07,10.08,189900.0,159400.0,14000.0,0,0,0,0,0,0,0,0,0,0,0,0,0,0,0,0,0
,,,,,,78,2026-02-01 12:49:46.537645,COMP,25.15,25.15,25.17,138600.0,143000.0,,0,0,0,0,0,0,0,0,0,0,0,0,0,0,0,0,0
1.0,1.0,1.0,,Welcome to the RITC 2026 Liquidity Risk Case - practice server,Good Luck!,79,2026-02-01 12:49:47.565526,RITC,10.06,10.06,10.08,191400.0,153900.0,14000.0,0,0,0,0,0,0,0,0,0,0,0,0,0,0,0,0,0
,,,,,,79,2026-02-01 12:49:47.565526,COMP,25.17,25.15,25.17,138600.0,142700.0,,0,0,0,0,0,0,0,0,0,0,0,0,0,0,0,0,0
1.0,1.0,1.0,,Welcome to the RITC 2026 Liquidity Risk Case - practice server,Good Luck!,80,2026-02-01 12:49:48.606526,RITC,10.08,10.06,10.08,191400.0,155100.0,14000.0,0,0,0,0,0,0,0,0,0,0,0,0,0,0,0,0,0
,,,,,,80,2026-02-01 12:49:48.606526,COMP,25.17,25.15,25.17,138600.0,140600.0,,0,0,0,0,0,0,0,0,0,0,0,0,0,0,0,0,0
1.0,1.0,1.0,,Welcome to the RITC 2026 Liquidity Risk Case - practice server,Good Luck!,81,2026-02-01 12:49:49.647659,RITC,10.08,10.06,10.08,191600.0,155100.0,14000.0,0,0,0,0,0,0,0,0,0,0,0,0,0,0,0,0,0
,,,,,,81,2026-02-01 12:49:49.647659,COMP,25.13,25.13,25.17,140100.0,142100.0,,0,0,0,0,0,0,0,0,0,0,0,0,0,0,0,0,0
1.0,1.0,1.0,,Welcome to the RITC 2026 Liquidity Risk Case - practice server,Good Luck!,82,2026-02-01 12:49:50.680809,RITC,10.09,10.06,10.09,191600.0,158400.0,14000.0,0,0,0,0,0,0,0,0,0,0,0,0,0,0,0,0,0
,,,,,,82,2026-02-01 12:49:50.680809,COMP,25.13,25.11,25.13,140900.0,142700.0,,0,0,0,0,0,0,0,0,0,0,0,0,0,0,0,0,0
1.0,1.0,1.0,,Welcome to the RITC 2026 Liquidity Risk Case - practice server,Good Luck!,83,2026-02-01 12:49:51.714399,RITC,10.1,10.07,10.1,192100.0,162100.0,14000.0,0,0,0,0,0,0,0,0,0,0,0,0,0,0,0,0,0
,,,,,,83,2026-02-01 12:49:51.714399,COMP,25.13,25.11,25.13,140900.0,142700.0,,0,0,0,0,0,0,0,0,0,0,0,0,0,0,0,0,0
1.0,1.0,1.0,,Welcome to the RITC 2026 Liquidity Risk Case - practice server,Good Luck!,84,2026-02-01 12:49:52.744496,RITC,10.1,10.08,10.1,196400.0,162100.0,14000.0,0,0,0,0,0,0,0,0,0,0,0,0,0,0,0,0,0
,,,,,,84,2026-02-01 12:49:52.744496,COMP,25.08,25.08,25.13,139100.0,142700.0,,0,0,0,0,0,0,0,0,0,0,0,0,0,0,0,0,0
1.0,1.0,1.0,,Welcome to the RITC 2026 Liquidity Risk Case - practice server,Good Luck!,85,2026-02-01 12:49:53.780602,RITC,10.07,10.09,10.11,5000.0,186400.0,160500.0,14000.0,0,0,0,0,0,0,0,0,0,0,0,0,0,0,0,0
,,,,,,85,2026-02-01 12:49:53.780602,COMP,25.17,25.08,25.17,,139100.0,139900.0,,0,0,0,0,0,0,0,0,0,0,0,0,0,0,0,0
1.0,1.0,1.0,,Welcome to the RITC 2026 Liquidity Risk Case - practice server,Good Luck!,86,2026-02-01 12:49:54.805134,RITC,10.11,10.1,10.11,30000.0,5000.0,155800.0,197200.0,0,0,0,0,0,0,0,0,0,0,0,0,0,0,0,0
,,,,,,86,2026-02-01 12:49:54.805134,COMP,25.17,25.09,25.12,,,138300.0,140900.0,0,0,0,0,0,0,0,0,0,0,0,0,0,0,0,0
1.0,1.0,1.0,,Welcome to the RITC 2026 Liquidity Risk Case - practice server,Good Luck!,87,2026-02-01 12:49:55.828767,RITC,10.1,10.1,10.11,20000.0,5000.0,167000.0,163300.0,14000.0,0,0,0,0,0,0,0,0,0,0,0,0,0,0,0
,,,,,,87,2026-02-01 12:49:55.828767,COMP,25.08,25.07,25.12,,,138400.0,140900.0,,0,0,0,0,0,0,0,0,0,0,0,0,0,0,0
1.0,1.0,1.0,,Welcome to the RITC 2026 Liquidity Risk Case - practice server,Good Luck!,88,2026-02-01 12:49:56.860494,RITC,10.1,10.1,10.11,10000.0,5000.0,177000.0,159800.0,14000.0,0,0,0,0,0,0,0,0,0,0,0,0,0,0,0
,,,,,,88,2026-02-01 12:49:56.860494,COMP,25.08,25.07,25.12,,,139700.0,142500.0,,0,0,0,0,0,0,0,0,0,0,0,0,0,0,0
1.0,1.0,1.0,,Welcome to the RITC 2026 Liquidity Risk Case - practice server,Good Luck!,89,2026-02-01 12:49:57.881740,RITC,10.11,10.06,10.11,192200.0,159800.0,14000.0,0,0,0,0,0,0,0,0,0,0,0,0,0,0,0,0,0
,,,,,,89,2026-02-01 12:49:57.881740,COMP,25.08,25.07,25.12,139700.0,142500.0,,0,0,0,0,0,0,0,0,0,0,0,0,0,0,0,0,0
1.0,1.0,1.0,,Welcome to the RITC 2026 Liquidity Risk Case - practice server,Good Luck!,90,2026-02-01 12:49:58.914274,RITC,10.09,10.06,10.09,192200.0,157900.0,14000.0,0,0,0,0,0,0,0,0,0,0,0,0,0,0,0,0,0
,,,,,,90,2026-02-01 12:49:58.914274,COMP,25.07,25.07,25.12,139700.0,141400.0,,0,0,0,0,0,0,0,0,0,0,0,0,0,0,0,0,0
1.0,1.0,1.0,,Welcome to the RITC 2026 Liquidity Risk Case - practice server,Good Luck!,91,2026-02-01 12:49:59.941988,RITC,10.11,10.06,10.08,192200.0,156000.0,14000.0,0,0,0,0,0,0,0,0,0,0,0,0,0,0,0,0,0
,,,,,,91,2026-02-01 12:49:59.941988,COMP,25.07,25.1,25.12,140100.0,141400.0,,0,0,0,0,0,0,0,0,0,0,0,0,0,0,0,0,0
1.0,1.0,1.0,,Welcome to the RITC 2026 Liquidity Risk Case - practice server,Good Luck!,92,2026-02-01 12:50:00.979382,RITC,10.08,10.06,10.07,192200.0,5000.0,140700.0,14000.0,0,0,0,0,0,0,0,0,0,0,0,0,0,0,0,0
,,,,,,92,2026-02-01 12:50:00.979382,COMP,25.07,25.1,25.12,140100.0,,140000.0,,0,0,0,0,0,0,0,0,0,0,0,0,0,0,0,0
1.0,1.0,1.0,,Welcome to the RITC 2026 Liquidity Risk Case - practice server,Good Luck!,93,2026-02-01 12:50:01.994477,RITC,10.05,10.05,10.07,192600.0,5000.0,140700.0,14000.0,0,0,0,0,0,0,0,0,0,0,0,0,0,0,0,0
,,,,,,93,2026-02-01 12:50:01.994477,COMP,25.1,25.1,25.12,140100.0,,140000.0,,0,0,0,0,0,0,0,0,0,0,0,0,0,0,0,0
1.0,1.0,1.0,,Welcome to the RITC 2026 Liquidity Risk Case - practice server,Good Luck!,94,2026-02-01 12:50:03.031840,RITC,10.05,10.05,10.06,196100.0,10000.0,132200.0,14000.0,0,0,0,0,0,0,0,0,0,0,0,0,0,0,0,0
,,,,,,94,2026-02-01 12:50:03.031840,COMP,25.12,25.1,25.12,140100.0,,137600.0,,0,0,0,0,0,0,0,0,0,0,0,0,0,0,0,0
1.0,1.0,1.0,,Welcome to the RITC 2026 Liquidity Risk Case - practice server,Good Luck!,96,2026-02-01 12:50:04.061685,RITC,10.05,10.05,10.06,196400.0,10000.0,130700.0,14000.0,0,0,0,0,0,0,0,0,0,0,0,0,0,0,0,0
,,,,,,96,2026-02-01 12:50:04.061685,COMP,25.07,25.07,25.12,138300.0,,136100.0,,0,0,0,0,0,0,0,0,0,0,0,0,0,0,0,0
1.0,1.0,1.0,,Welcome to the RITC 2026 Liquidity Risk Case - practice server,Good Luck!,97,2026-02-01 12:50:05.085799,RITC,10.05,10.05,10.06,194300.0,10000.0,128700.0,14000.0,0,0,0,0,0,0,0,0,0,0,0,0,0,0,0,0
,,,,,,97,2026-02-01 12:50:05.085799,COMP,25.12,25.07,25.12,138300.0,,136900.0,,0,0,0,0,0,0,0,0,0,0,0,0,0,0,0,0
1.0,1.0,1.0,,Welcome to the RITC 2026 Liquidity Risk Case - practice server,Good Luck!,98,2026-02-01 12:50:06.121749,RITC,10.04,10.04,10.06,193500.0,10000.0,138800.0,9000.0,0,0,0,0,0,0,0,0,0,0,0,0,0,0,0,0
,,,,,,98,2026-02-01 12:50:06.121749,COMP,25.07,25.08,25.12,138700.0,,136900.0,,0,0,0,0,0,0,0,0,0,0,0,0,0,0,0,0
1.0,1.0,1.0,,Welcome to the RITC 2026 Liquidity Risk Case - practice server,Good Luck!,99,2026-02-01 12:50:07.161487,RITC,10.04,10.04,10.05,194400.0,15000.0,138800.0,4000.0,0,0,0,0,0,0,0,0,0,0,0,0,0,0,0,0
,,,,,,99,2026-02-01 12:50:07.161487,COMP,25.07,25.08,25.12,139000.0,,136900.0,,0,0,0,0,0,0,0,0,0,0,0,0,0,0,0,0
1.0,1.0,1.0,,Welcome to the RITC 2026 Liquidity Risk Case - practice server,Good Luck!,100,2026-02-01 12:50:08.195230,RITC,10.03,10.02,10.03,197500.0,149000.0,10000.0,4000.0,0,0,0,0,0,0,0,0,0,0,0,0,0,0,0,0
,,,,,,100,2026-02-01 12:50:08.195230,COMP,25.08,25.09,25.12,138600.0,136900.0,,,0,0,0,0,0,0,0,0,0,0,0,0,0,0,0,0
1.0,1.0,1.0,,Welcome to the RITC 2026 Liquidity Risk Case - practice server,Good Luck!,101,2026-02-01 12:50:09.211742,RITC,10.01,10.01,10.03,202100.0,149000.0,10000.0,4000.0,0,0,0,0,0,0,0,0,0,0,0,0,0,0,0,0
,,,,,,101,2026-02-01 12:50:09.211742,COMP,25.04,25.04,25.12,136400.0,136900.0,,,0,0,0,0,0,0,0,0,0,0,0,0,0,0,0,0
1.0,1.0,1.0,,Welcome to the RITC 2026 Liquidity Risk Case - practice server,Good Luck!,102,2026-02-01 12:50:10.240400,RITC,10.01,10.01,10.03,201900.0,138900.0,15000.0,4000.0,0,0,0,0,0,0,0,0,0,0,0,0,0,0,0,0
,,,,,,102,2026-02-01 12:50:10.240400,COMP,25.05,25.04,25.05,136400.0,136600.0,,,0,0,0,0,0,0,0,0,0,0,0,0,0,0,0,0
1.0,1.0,1.0,,Welcome to the RITC 2026 Liquidity Risk Case - practice server,Good Luck!,103,2026-02-01 12:50:11.262420,RITC,10.01,10.01,10.02,201900.0,141500.0,15000.0,4000.0,0,0,0,0,0,0,0,0,0,0,0,0,0,0,0,0
,,,,,,103,2026-02-01 12:50:11.262420,COMP,25.04,25.03,25.04,134100.0,135900.0,,,0,0,0,0,0,0,0,0,0,0,0,0,0,0,0,0
1.0,1.0,1.0,,Welcome to the RITC 2026 Liquidity Risk Case - practice server,Good Luck!,104,2026-02-01 12:50:12.281473,RITC,10.01,10.01,10.02,202100.0,143300.0,15000.0,4000.0,0,0,0,0,0,0,0,0,0,0,0,0,0,0,0,0
,,,,,,104,2026-02-01 12:50:12.281473,COMP,25.04,25.03,25.04,134100.0,136800.0,,,0,0,0,0,0,0,0,0,0,0,0,0,0,0,0,0
1.0,1.0,1.0,,Welcome to the RITC 2026 Liquidity Risk Case - practice server,Good Luck!,105,2026-02-01 12:50:13.301516,RITC,10.01,10.01,10.02,199100.0,143300.0,15000.0,4000.0,0,0,0,0,0,0,0,0,0,0,0,0,0,0,0,0
,,,,,,105,2026-02-01 12:50:13.301516,COMP,25.03,25.02,25.04,133700.0,136800.0,,,0,0,0,0,0,0,0,0,0,0,0,0,0,0,0,0
1.0,1.0,1.0,,Welcome to the RITC 2026 Liquidity Risk Case - practice server,Good Luck!,106,2026-02-01 12:50:14.328899,RITC,10.01,10.01,10.02,201100.0,143300.0,15000.0,4000.0,0,0,0,0,0,0,0,0,0,0,0,0,0,0,0,0
,,,,,,106,2026-02-01 12:50:14.328899,COMP,25.03,25.02,25.04,133700.0,137500.0,,,0,0,0,0,0,0,0,0,0,0,0,0,0,0,0,0
1.0,1.0,1.0,,Welcome to the RITC 2026 Liquidity Risk Case - practice server,Good Luck!,107,2026-02-01 12:50:15.343497,RITC,10.01,10.01,10.02,201100.0,153200.0,15000.0,2000.0,0,0,0,0,0,0,0,0,0,0,0,0,0,0,0,0
,,,,,,107,2026-02-01 12:50:15.343497,COMP,25.03,25.02,25.04,132100.0,139000.0,,,0,0,0,0,0,0,0,0,0,0,0,0,0,0,0,0
1.0,1.0,1.0,,Welcome to the RITC 2026 Liquidity Risk Case - practice server,Good Luck!,108,2026-02-01 12:50:16.380899,RITC,10.01,10.01,10.02,201400.0,154700.0,15000.0,2000.0,0,0,0,0,0,0,0,0,0,0,0,0,0,0,0,0
,,,,,,108,2026-02-01 12:50:16.380899,COMP,25.03,25.02,25.04,132600.0,139000.0,,,0,0,0,0,0,0,0,0,0,0,0,0,0,0,0,0
1.0,1.0,1.0,,Welcome to the RITC 2026 Liquidity Risk Case - practice server,Good Luck!,109,2026-02-01 12:50:17.425751,RITC,10.0,10.0,10.02,200600.0,154700.0,15000.0,2000.0,0,0,0,0,0,0,0,0,0,0,0,0,0,0,0,0
,,,,,,109,2026-02-01 12:50:17.425751,COMP,25.02,25.02,25.04,132600.0,139000.0,,,0,0,0,0,0,0,0,0,0,0,0,0,0,0,0,0
1.0,1.0,1.0,,Welcome to the RITC 2026 Liquidity Risk Case - practice server,Good Luck!,110,2026-02-01 12:50:18.453864,RITC,10.0,10.0,10.01,200600.0,163800.0,15000.0,0,0,0,0,0,0,0,0,0,0,0,0,0,0,0,0,0
,,,,,,110,2026-02-01 12:50:18.453864,COMP,25.02,25.02,25.04,134400.0,137000.0,,0,0,0,0,0,0,0,0,0,0,0,0,0,0,0,0,0
1.0,1.0,1.0,,Welcome to the RITC 2026 Liquidity Risk Case - practice server,Good Luck!,111,2026-02-01 12:50:19.481124,RITC,10.0,10.0,10.01,201600.0,163800.0,15000.0,0,0,0,0,0,0,0,0,0,0,0,0,0,0,0,0,0
,,,,,,111,2026-02-01 12:50:19.481124,COMP,25.02,25.02,25.04,132400.0,137000.0,,0,0,0,0,0,0,0,0,0,0,0,0,0,0,0,0,0
1.0,1.0,1.0,,Welcome to the RITC 2026 Liquidity Risk Case - practice server,Good Luck!,112,2026-02-01 12:50:20.514649,RITC,10.0,10.0,10.01,199000.0,166200.0,15000.0,0,0,0,0,0,0,0,0,0,0,0,0,0,0,0,0,0
,,,,,,112,2026-02-01 12:50:20.514649,COMP,25.0,25.0,25.04,132400.0,137000.0,,0,0,0,0,0,0,0,0,0,0,0,0,0,0,0,0,0
1.0,1.0,1.0,,Welcome to the RITC 2026 Liquidity Risk Case - practice server,Good Luck!,113,2026-02-01 12:50:21.566797,RITC,9.99,9.99,10.01,200600.0,166200.0,15000.0,0,0,0,0,0,0,0,0,0,0,0,0,0,0,0,0,0
,,,,,,113,2026-02-01 12:50:21.566797,COMP,25.0,25.0,25.04,132400.0,138500.0,,0,0,0,0,0,0,0,0,0,0,0,0,0,0,0,0,0
1.0,1.0,1.0,,Welcome to the RITC 2026 Liquidity Risk Case - practice server,Good Luck!,114,2026-02-01 12:50:22.610665,RITC,9.99,9.99,10.0,200600.0,168800.0,15000.0,0,0,0,0,0,0,0,0,0,0,0,0,0,0,0,0,0
,,,,,,114,2026-02-01 12:50:22.610665,COMP,25.0,25.0,25.04,132400.0,136000.0,,0,0,0,0,0,0,0,0,0,0,0,0,0,0,0,0,0
1.0,1.0,1.0,,Welcome to the RITC 2026 Liquidity Risk Case - practice server,Good Luck!,115,2026-02-01 12:50:23.643844,RITC,9.99,9.99,10.0,199400.0,167900.0,15000.0,0,0,0,0,0,0,0,0,0,0,0,0,0,0,0,0,0
,,,,,,115,2026-02-01 12:50:23.643844,COMP,25.0,25.0,25.02,132400.0,137500.0,,0,0,0,0,0,0,0,0,0,0,0,0,0,0,0,0,0
1.0,1.0,1.0,,Welcome to the RITC 2026 Liquidity Risk Case - practice server,Good Luck!,116,2026-02-01 12:50:24.661609,RITC,9.99,9.99,10.0,196600.0,196900.0,0,0,0,0,0,0,0,0,0,0,0,0,0,0,0,0,0,0
,,,,,,116,2026-02-01 12:50:24.661609,COMP,25.0,25.0,25.02,133000.0,137500.0,0,0,0,0,0,0,0,0,0,0,0,0,0,0,0,0,0,0
1.0,1.0,1.0,,Welcome to the RITC 2026 Liquidity Risk Case - practice server,Good Luck!,117,2026-02-01 12:50:25.694192,RITC,9.98,9.98,10.0,194900.0,195600.0,0,0,0,0,0,0,0,0,0,0,0,0,0,0,0,0,0,0
,,,,,,117,2026-02-01 12:50:25.694192,COMP,25.04,25.0,25.04,133000.0,136000.0,0,0,0,0,0,0,0,0,0,0,0,0,0,0,0,0,0,0
1.0,1.0,1.0,,Welcome to the RITC 2026 Liquidity Risk Case - practice server,Good Luck!,118,2026-02-01 12:50:26.711527,RITC,10.0,9.98,10.0,194900.0,195600.0,0,0,0,0,0,0,0,0,0,0,0,0,0,0,0,0,0,0
,,,,,,118,2026-02-01 12:50:26.711527,COMP,25.04,25.0,25.01,131900.0,135500.0,0,0,0,0,0,0,0,0,0,0,0,0,0,0,0,0,0,0
1.0,1.0,1.0,,Welcome to the RITC 2026 Liquidity Risk Case - practice server,Good Luck!,119,2026-02-01 12:50:27.744479,RITC,10.0,9.98,9.99,194900.0,199300.0,0,0,0,0,0,0,0,0,0,0,0,0,0,0,0,0,0,0
,,,,,,119,2026-02-01 12:50:27.744479,COMP,25.04,25.0,25.01,131500.0,135500.0,0,0,0,0,0,0,0,0,0,0,0,0,0,0,0,0,0,0
1.0,1.0,1.0,,Welcome to the RITC 2026 Liquidity Risk Case - practice server,Good Luck!,120,2026-02-01 12:50:28.776212,RITC,9.97,9.97,9.98,193800.0,189800.0,5000.0,0,0,0,0,0,0,0,0,0,0,0,0,0,0,0,0,0
,,,,,,120,2026-02-01 12:50:28.776212,COMP,24.99,24.99,25.04,132100.0,136000.0,,0,0,0,0,0,0,0,0,0,0,0,0,0,0,0,0,0
1.0,1.0,1.0,,Welcome to the RITC 2026 Liquidity Risk Case - practice server,Good Luck!,121,2026-02-01 12:50:29.800714,RITC,9.97,9.97,9.98,193800.0,191800.0,5000.0,0,0,0,0,0,0,0,0,0,0,0,0,0,0,0,0,0
,,,,,,121,2026-02-01 12:50:29.800714,COMP,25.04,24.99,25.04,132100.0,137100.0,,0,0,0,0,0,0,0,0,0,0,0,0,0,0,0,0,0
1.0,1.0,1.0,,Welcome to the RITC 2026 Liquidity Risk Case - practice server,Good Luck!,122,2026-02-01 12:50:30.826720,RITC,9.97,9.97,9.98,193800.0,192600.0,5000.0,0,0,0,0,0,0,0,0,0,0,0,0,0,0,0,0,0
,,,,,,122,2026-02-01 12:50:30.826720,COMP,24.99,24.99,25.04,133300.0,135600.0,,0,0,0,0,0,0,0,0,0,0,0,0,0,0,0,0,0
1.0,1.0,1.0,,Welcome to the RITC 2026 Liquidity Risk Case - practice server,Good Luck!,123,2026-02-01 12:50:31.870536,RITC,9.95,9.95,9.98,192900.0,190900.0,5000.0,0,0,0,0,0,0,0,0,0,0,0,0,0,0,0,0,0
,,,,,,123,2026-02-01 12:50:31.870536,COMP,24.99,24.99,25.04,133600.0,135600.0,,0,0,0,0,0,0,0,0,0,0,0,0,0,0,0,0,0
1.0,1.0,1.0,,Welcome to the RITC 2026 Liquidity Risk Case - practice server,Good Luck!,124,2026-02-01 12:50:32.890442,RITC,9.95,9.95,9.98,192900.0,191100.0,5000.0,0,0,0,0,0,0,0,0,0,0,0,0,0,0,0,0,0
,,,,,,124,2026-02-01 12:50:32.890442,COMP,24.98,24.98,25.04,134400.0,135600.0,,0,0,0,0,0,0,0,0,0,0,0,0,0,0,0,0,0
1.0,1.0,1.0,,Welcome to the RITC 2026 Liquidity Risk Case - practice server,Good Luck!,125,2026-02-01 12:50:33.920555,RITC,9.95,9.95,9.97,183000.0,10000.0,181700.0,0,0,0,0,0,0,0,0,0,0,0,0,0,0,0,0,0
,,,,,,125,2026-02-01 12:50:33.920555,COMP,25.05,24.98,25.05,134400.0,,135300.0,0,0,0,0,0,0,0,0,0,0,0,0,0,0,0,0,0
1.0,1.0,1.0,,Welcome to the RITC 2026 Liquidity Risk Case - practice server,Good Luck!,126,2026-02-01 12:50:34.946357,RITC,9.94,9.94,9.97,174800.0,10000.0,181700.0,0,0,0,0,0,0,0,0,0,0,0,0,0,0,0,0,0
,,,,,,126,2026-02-01 12:50:34.946357,COMP,25.05,24.98,25.05,134400.0,,134700.0,0,0,0,0,0,0,0,0,0,0,0,0,0,0,0,0,0
1.0,1.0,1.0,,Welcome to the RITC 2026 Liquidity Risk Case - practice server,Good Luck!,127,2026-02-01 12:50:35.960484,RITC,9.94,9.94,9.97,174800.0,10000.0,185300.0,0,0,0,0,0,0,0,0,0,0,0,0,0,0,0,0,0
,,,,,,127,2026-02-01 12:50:35.960484,COMP,24.98,24.98,25.04,134400.0,,136000.0,0,0,0,0,0,0,0,0,0,0,0,0,0,0,0,0,0
1.0,1.0,1.0,,Welcome to the RITC 2026 Liquidity Risk Case - practice server,Good Luck!,128,2026-02-01 12:50:36.976345,RITC,9.94,9.94,9.97,174800.0,10000.0,185000.0,0,0,0,0,0,0,0,0,0,0,0,0,0,0,0,0,0
,,,,,,128,2026-02-01 12:50:36.976345,COMP,25.04,24.98,25.04,134400.0,,136000.0,0,0,0,0,0,0,0,0,0,0,0,0,0,0,0,0,0
1.0,1.0,1.0,,Welcome to the RITC 2026 Liquidity Risk Case - practice server,Good Luck!,129,2026-02-01 12:50:38.010154,RITC,9.97,9.94,9.97,164000.0,194000.0,5000.0,0,0,0,0,0,0,0,0,0,0,0,0,0,0,0,0,0
,,,,,,129,2026-02-01 12:50:38.010154,COMP,25.04,24.98,25.02,134400.0,137000.0,,0,0,0,0,0,0,0,0,0,0,0,0,0,0,0,0,0
1.0,1.0,1.0,,Welcome to the RITC 2026 Liquidity Risk Case - practice server,Good Luck!,130,2026-02-01 12:50:39.042881,RITC,9.97,9.93,9.97,153400.0,193500.0,5000.0,0,0,0,0,0,0,0,0,0,0,0,0,0,0,0,0,0
,,,,,,130,2026-02-01 12:50:39.042881,COMP,25.04,24.99,25.02,135800.0,138700.0,,0,0,0,0,0,0,0,0,0,0,0,0,0,0,0,0,0
1.0,1.0,1.0,,Welcome to the RITC 2026 Liquidity Risk Case - practice server,Good Luck!,131,2026-02-01 12:50:40.080375,RITC,9.92,9.92,9.97,145100.0,193700.0,5000.0,0,0,0,0,0,0,0,0,0,0,0,0,0,0,0,0,0
,,,,,,131,2026-02-01 12:50:40.080375,COMP,25.04,24.99,25.02,135800.0,138700.0,,0,0,0,0,0,0,0,0,0,0,0,0,0,0,0,0,0
1.0,1.0,1.0,,Welcome to the RITC 2026 Liquidity Risk Case - practice server,Good Luck!,132,2026-02-01 12:50:41.109974,RITC,9.92,9.92,9.93,145100.0,193100.0,5000.0,0,0,0,0,0,0,0,0,0,0,0,0,0,0,0,0,0
,,,,,,132,2026-02-01 12:50:41.109974,COMP,25.02,24.99,25.02,135800.0,138600.0,,0,0,0,0,0,0,0,0,0,0,0,0,0,0,0,0,0
1.0,1.0,1.0,,Welcome to the RITC 2026 Liquidity Risk Case - practice server,Good Luck!,133,2026-02-01 12:50:42.145561,RITC,9.92,9.92,9.93,145100.0,194300.0,5000.0,0,0,0,0,0,0,0,0,0,0,0,0,0,0,0,0,0
,,,,,,133,2026-02-01 12:50:42.145561,COMP,24.99,24.99,25.02,135800.0,140700.0,,0,0,0,0,0,0,0,0,0,0,0,0,0,0,0,0,0
1.0,1.0,1.0,,Welcome to the RITC 2026 Liquidity Risk Case - practice server,Good Luck!,134,2026-02-01 12:50:43.170216,RITC,9.92,9.92,9.93,136100.0,194300.0,5000.0,0,0,0,0,0,0,0,0,0,0,0,0,0,0,0,0,0
,,,,,,134,2026-02-01 12:50:43.170216,COMP,24.99,24.99,25.02,135600.0,140700.0,,0,0,0,0,0,0,0,0,0,0,0,0,0,0,0,0,0
1.0,1.0,1.0,,Welcome to the RITC 2026 Liquidity Risk Case - practice server,Good Luck!,135,2026-02-01 12:50:44.196277,RITC,9.92,9.9,9.92,126800.0,208200.0,0,0,0,0,0,0,0,0,0,0,0,0,0,0,0,0,0,0
,,,,,,135,2026-02-01 12:50:44.196277,COMP,24.98,24.98,25.02,135300.0,141000.0,0,0,0,0,0,0,0,0,0,0,0,0,0,0,0,0,0,0
1.0,1.0,1.0,,Welcome to the RITC 2026 Liquidity Risk Case - practice server,Good Luck!,136,2026-02-01 12:50:45.242719,RITC,9.9,9.9,9.91,126800.0,2000.0,196600.0,0,0,0,0,0,0,0,0,0,0,0,0,0,0,0,0,0
,,,,,,136,2026-02-01 12:50:45.242719,COMP,24.98,24.98,25.02,135300.0,,141000.0,0,0,0,0,0,0,0,0,0,0,0,0,0,0,0,0,0
1.0,1.0,1.0,,Welcome to the RITC 2026 Liquidity Risk Case - practice server,Good Luck!,137,2026-02-01 12:50:46.263457,RITC,9.84,9.9,9.91,126800.0,183500.0,10000.0,0,0,0,0,0,0,0,0,0,0,0,0,0,0,0,0,0
,,,,,,137,2026-02-01 12:50:46.263457,COMP,24.98,24.98,25.02,135300.0,142700.0,,0,0,0,0,0,0,0,0,0,0,0,0,0,0,0,0,0
1.0,1.0,1.0,,Welcome to the RITC 2026 Liquidity Risk Case - practice server,Good Luck!,138,2026-02-01 12:50:47.289565,RITC,9.92,9.87,9.92,95500.0,182800.0,10000.0,0,0,0,0,0,0,0,0,0,0,0,0,0,0,0,0,0
,,,,,,138,2026-02-01 12:50:47.289565,COMP,25.02,25.02,25.04,135600.0,140500.0,,0,0,0,0,0,0,0,0,0,0,0,0,0,0,0,0,0
1.0,1.0,1.0,,Welcome to the RITC 2026 Liquidity Risk Case - practice server,Good Luck!,139,2026-02-01 12:50:48.312835,RITC,9.87,9.87,9.9,95900.0,203600.0,0,0,0,0,0,0,0,0,0,0,0,0,0,0,0,0,0,0
,,,,,,139,2026-02-01 12:50:48.312835,COMP,25.02,25.02,25.03,135600.0,140100.0,0,0,0,0,0,0,0,0,0,0,0,0,0,0,0,0,0,0
1.0,1.0,1.0,,Welcome to the RITC 2026 Liquidity Risk Case - practice server,Good Luck!,141,2026-02-01 12:50:49.343369,RITC,9.85,9.85,9.9,95000.0,200900.0,0,0,0,0,0,0,0,0,0,0,0,0,0,0,0,0,0,0
,,,,,,141,2026-02-01 12:50:49.343369,COMP,24.88,25.02,25.03,136100.0,141300.0,0,0,0,0,0,0,0,0,0,0,0,0,0,0,0,0,0,0
1.0,1.0,1.0,,Welcome to the RITC 2026 Liquidity Risk Case - practice server,Good Luck!,142,2026-02-01 12:50:50.369510,RITC,9.85,9.85,9.88,95000.0,200800.0,0,0,0,0,0,0,0,0,0,0,0,0,0,0,0,0,0,0
,,,,,,142,2026-02-01 12:50:50.369510,COMP,25.02,25.02,25.03,136000.0,141300.0,0,0,0,0,0,0,0,0,0,0,0,0,0,0,0,0,0,0
1.0,1.0,1.0,,Welcome to the RITC 2026 Liquidity Risk Case - practice server,Good Luck!,143,2026-02-01 12:50:51.392371,RITC,10.04,9.85,9.86,95000.0,201100.0,0,0,0,0,0,0,0,0,0,0,0,0,0,0,0,0,0,0
,,,,,,143,2026-02-01 12:50:51.392371,COMP,25.02,25.02,25.03,136000.0,140800.0,0,0,0,0,0,0,0,0,0,0,0,0,0,0,0,0,0,0
1.0,1.0,1.0,,Welcome to the RITC 2026 Liquidity Risk Case - practice server,Good Luck!,144,2026-02-01 12:50:52.429416,RITC,9.85,9.84,9.85,93300.0,202500.0,,0,0,0,0,0,0,0,0,0,0,0,0,0,0,0,0,0
,,,,,,144,2026-02-01 12:50:52.429416,COMP,25.02,24.99,25.02,134800.0,134600.0,10000.0,0,0,0,0,0,0,0,0,0,0,0,0,0,0,0,0,0
1.0,1.0,1.0,,Welcome to the RITC 2026 Liquidity Risk Case - practice server,Good Luck!,145,2026-02-01 12:50:53.465606,RITC,9.85,9.84,9.85,93300.0,201300.0,,0,0,0,0,0,0,0,0,0,0,0,0,0,0,0,0,0
,,,,,,145,2026-02-01 12:50:53.465606,COMP,25.04,24.99,25.03,134800.0,133400.0,10000.0,0,0,0,0,0,0,0,0,0,0,0,0,0,0,0,0,0
1.0,1.0,1.0,,Welcome to the RITC 2026 Liquidity Risk Case - practice server,Good Luck!,146,2026-02-01 12:50:54.565999,RITC,9.82,9.81,9.82,97600.0,202700.0,,0,0,0,0,0,0,0,0,0,0,0,0,0,0,0,0,0
,,,,,,146,2026-02-01 12:50:54.565999,COMP,25.04,24.99,25.0,134800.0,134200.0,10000.0,0,0,0,0,0,0,0,0,0,0,0,0,0,0,0,0,0
1.0,1.0,1.0,,Welcome to the RITC 2026 Liquidity Risk Case - practice server,Good Luck!,147,2026-02-01 12:50:55.641069,RITC,9.88,9.81,9.83,97600.0,202400.0,,0,0,0,0,0,0,0,0,0,0,0,0,0,0,0,0,0
,,,,,,147,2026-02-01 12:50:55.641069,COMP,24.97,24.97,24.99,135800.0,126600.0,20000.0,0,0,0,0,0,0,0,0,0,0,0,0,0,0,0,0,0
1.0,1.0,1.0,,Welcome to the RITC 2026 Liquidity Risk Case - practice server,Good Luck!,148,2026-02-01 12:50:56.686774,RITC,9.83,9.8,9.83,96100.0,201300.0,,0,0,0,0,0,0,0,0,0,0,0,0,0,0,0,0,0
,,,,,,148,2026-02-01 12:50:56.686774,COMP,24.96,24.96,24.99,137800.0,126600.0,20000.0,0,0,0,0,0,0,0,0,0,0,0,0,0,0,0,0,0
1.0,1.0,1.0,,Welcome to the RITC 2026 Liquidity Risk Case - practice server,Good Luck!,149,2026-02-01 12:50:58.066963,RITC,9.8,9.8,9.81,96100.0,200100.0,,0,0,0,0,0,0,0,0,0,0,0,0,0,0,0,0,0
,,,,,,149,2026-02-01 12:50:58.066963,COMP,24.94,24.94,24.99,138400.0,126600.0,20000.0,0,0,0,0,0,0,0,0,0,0,0,0,0,0,0,0,0
1.0,1.0,1.0,,Welcome to the RITC 2026 Liquidity Risk Case - practice server,Good Luck!,150,2026-02-01 12:50:59.129950,RITC,9.8,9.79,9.8,95600.0,200800.0,,0,0,0,0,0,0,0,0,0,0,0,0,0,0,0,0,0
,,,,,,150,2026-02-01 12:50:59.129950,COMP,24.92,24.92,24.99,143000.0,126500.0,20000.0,0,0,0,0,0,0,0,0,0,0,0,0,0,0,0,0,0
1.0,1.0,1.0,,Welcome to the RITC 2026 Liquidity Risk Case - practice server,Good Luck!,151,2026-02-01 12:51:00.179844,RITC,9.78,9.78,9.8,96200.0,10000.0,199000.0,,0,0,0,0,0,0,0,0,0,0,0,0,0,0,0,0
,,,,,,151,2026-02-01 12:51:00.179844,COMP,24.92,24.92,25.0,143000.0,,134800.0,10000.0,0,0,0,0,0,0,0,0,0,0,0,0,0,0,0,0
1.0,1.0,1.0,,Welcome to the RITC 2026 Liquidity Risk Case - practice server,Good Luck!,152,2026-02-01 12:51:01.258844,RITC,9.78,9.78,9.8,96200.0,10000.0,199000.0,,0,0,0,0,0,0,0,0,0,0,0,0,0,0,0,0
,,,,,,152,2026-02-01 12:51:01.258844,COMP,24.92,24.91,24.92,143900.0,,132600.0,10000.0,0,0,0,0,0,0,0,0,0,0,0,0,0,0,0,0
1.0,1.0,1.0,,Welcome to the RITC 2026 Liquidity Risk Case - practice server,Good Luck!,153,2026-02-01 12:51:02.309373,RITC,9.75,9.75,9.77,10000.0,95300.0,201600.0,,0,0,0,0,0,0,0,0,0,0,0,0,0,0,0,0
,,,,,,153,2026-02-01 12:51:02.309373,COMP,24.92,24.96,25.0,,144400.0,134800.0,10000.0,0,0,0,0,0,0,0,0,0,0,0,0,0,0,0,0
1.0,1.0,1.0,,Welcome to the RITC 2026 Liquidity Risk Case - practice server,Good Luck!,155,2026-02-01 12:51:03.342711,RITC,9.75,9.75,9.76,20000.0,95300.0,199000.0,,0,0,0,0,0,0,0,0,0,0,0,0,0,0,0,0
,,,,,,155,2026-02-01 12:51:03.342711,COMP,25.0,25.0,25.02,,145500.0,135400.0,10000.0,0,0,0,0,0,0,0,0,0,0,0,0,0,0,0,0
1.0,1.0,1.0,,Welcome to the RITC 2026 Liquidity Risk Case - practice server,Good Luck!,156,2026-02-01 12:51:04.372672,RITC,9.72,9.72,9.76,10000.0,97900.0,199600.0,,0,0,0,0,0,0,0,0,0,0,0,0,0,0,0,0
,,,,,,156,2026-02-01 12:51:04.372672,COMP,25.0,25.0,25.02,,143800.0,135500.0,10000.0,0,0,0,0,0,0,0,0,0,0,0,0,0,0,0,0
1.0,1.0,1.0,,Welcome to the RITC 2026 Liquidity Risk Case - practice server,Good Luck!,157,2026-02-01 12:51:05.408812,RITC,9.71,9.71,9.76,97900.0,10000.0,197900.0,,0,0,0,0,0,0,0,0,0,0,0,0,0,0,0,0
,,,,,,157,2026-02-01 12:51:05.408812,COMP,24.96,24.96,25.02,144800.0,,135500.0,10000.0,0,0,0,0,0,0,0,0,0,0,0,0,0,0,0,0
1.0,1.0,1.0,,Welcome to the RITC 2026 Liquidity Risk Case - practice server,Good Luck!,158,2026-02-01 12:51:06.428361,RITC,9.69,9.69,9.72,10000.0,96900.0,198200.0,,0,0,0,0,0,0,0,0,0,0,0,0,0,0,0,0
,,,,,,158,2026-02-01 12:51:06.428361,COMP,24.95,24.95,24.98,,142800.0,134700.0,10000.0,0,0,0,0,0,0,0,0,0,0,0,0,0,0,0,0
1.0,1.0,1.0,,Welcome to the RITC 2026 Liquidity Risk Case - practice server,Good Luck!,159,2026-02-01 12:51:07.458327,RITC,9.69,9.68,9.69,96900.0,193300.0,,0,0,0,0,0,0,0,0,0,0,0,0,0,0,0,0,0
,,,,,,159,2026-02-01 12:51:07.458327,COMP,24.93,24.93,24.98,144100.0,134700.0,10000.0,0,0,0,0,0,0,0,0,0,0,0,0,0,0,0,0,0
1.0,1.0,1.0,,Welcome to the RITC 2026 Liquidity Risk Case - practice server,Good Luck!,160,2026-02-01 12:51:08.485508,RITC,9.7,9.68,9.7,96900.0,200500.0,0,0,0,0,0,0,0,0,0,0,0,0,0,0,0,0,0,0
,,,,,,160,2026-02-01 12:51:08.485508,COMP,24.93,24.93,24.98,144100.0,140500.0,0,0,0,0,0,0,0,0,0,0,0,0,0,0,0,0,0,0
1.0,1.0,1.0,,Welcome to the RITC 2026 Liquidity Risk Case - practice server,Good Luck!,161,2026-02-01 12:51:09.815536,RITC,9.7,9.68,9.69,96900.0,10000.0,199700.0,0,0,0,0,0,0,0,0,0,0,0,0,0,0,0,0,0
,,,,,,161,2026-02-01 12:51:09.815536,COMP,24.93,24.93,24.98,144100.0,,140100.0,0,0,0,0,0,0,0,0,0,0,0,0,0,0,0,0,0
1.0,1.0,1.0,,Welcome to the RITC 2026 Liquidity Risk Case - practice server,Good Luck!,162,2026-02-01 12:51:11.031763,RITC,9.68,9.67,9.68,96100.0,10000.0,205700.0,0,0,0,0,0,0,0,0,0,0,0,0,0,0,0,0,0
,,,,,,162,2026-02-01 12:51:11.031763,COMP,24.91,24.91,24.98,144000.0,,141600.0,0,0,0,0,0,0,0,0,0,0,0,0,0,0,0,0,0
1.0,1.0,1.0,,Welcome to the RITC 2026 Liquidity Risk Case - practice server,Good Luck!,163,2026-02-01 12:51:12.093150,RITC,9.67,9.67,9.68,96100.0,10000.0,207900.0,0,0,0,0,0,0,0,0,0,0,0,0,0,0,0,0,0
,,,,,,163,2026-02-01 12:51:12.093150,COMP,24.91,24.91,24.98,144000.0,,139800.0,0,0,0,0,0,0,0,0,0,0,0,0,0,0,0,0,0
1.0,1.0,1.0,,Welcome to the RITC 2026 Liquidity Risk Case - practice server,Good Luck!,164,2026-02-01 12:51:13.123103,RITC,9.66,9.66,9.68,99000.0,10000.0,210900.0,0,0,0,0,0,0,0,0,0,0,0,0,0,0,0,0,0
,,,,,,164,2026-02-01 12:51:13.123103,COMP,24.91,24.91,24.98,144000.0,,142400.0,0,0,0,0,0,0,0,0,0,0,0,0,0,0,0,0,0
1.0,1.0,1.0,,Welcome to the RITC 2026 Liquidity Risk Case - practice server,Good Luck!,165,2026-02-01 12:51:14.157248,RITC,9.66,9.66,9.68,99000.0,10000.0,207900.0,0,0,0,0,0,0,0,0,0,0,0,0,0,0,0,0,0
,,,,,,165,2026-02-01 12:51:14.157248,COMP,24.91,24.91,24.98,144000.0,,142400.0,0,0,0,0,0,0,0,0,0,0,0,0,0,0,0,0,0
1.0,1.0,1.0,,Welcome to the RITC 2026 Liquidity Risk Case - practice server,Good Luck!,166,2026-02-01 12:51:15.196481,RITC,9.66,9.66,9.68,99000.0,10000.0,207600.0,0,0,0,0,0,0,0,0,0,0,0,0,0,0,0,0,0
,,,,,,166,2026-02-01 12:51:15.196481,COMP,24.9,24.9,24.92,142200.0,,142300.0,0,0,0,0,0,0,0,0,0,0,0,0,0,0,0,0,0
1.0,1.0,1.0,,Welcome to the RITC 2026 Liquidity Risk Case - practice server,Good Luck!,167,2026-02-01 12:51:16.246103,RITC,9.66,9.66,9.67,99000.0,10000.0,206700.0,0,0,0,0,0,0,0,0,0,0,0,0,0,0,0,0,0
,,,,,,167,2026-02-01 12:51:16.246103,COMP,24.9,24.9,24.92,134700.0,,142900.0,0,0,0,0,0,0,0,0,0,0,0,0,0,0,0,0,0
1.0,1.0,1.0,,Welcome to the RITC 2026 Liquidity Risk Case - practice server,Good Luck!,168,2026-02-01 12:51:17.278389,RITC,9.66,9.63,9.66,10000.0,100900.0,209800.0,0,0,0,0,0,0,0,0,0,0,0,0,0,0,0,0,0
,,,,,,168,2026-02-01 12:51:17.278389,COMP,24.9,24.9,24.92,,128700.0,143700.0,0,0,0,0,0,0,0,0,0,0,0,0,0,0,0,0,0
1.0,1.0,1.0,,Welcome to the RITC 2026 Liquidity Risk Case - practice server,Good Luck!,169,2026-02-01 12:51:18.308080,RITC,9.66,9.63,9.65,10000.0,100900.0,206800.0,0,0,0,0,0,0,0,0,0,0,0,0,0,0,0,0,0
,,,,,,169,2026-02-01 12:51:18.308080,COMP,24.9,24.9,24.92,,128700.0,143700.0,0,0,0,0,0,0,0,0,0,0,0,0,0,0,0,0,0
1.0,1.0,1.0,,Welcome to the RITC 2026 Liquidity Risk Case - practice server,Good Luck!,170,2026-02-01 12:51:19.336306,RITC,9.66,9.63,9.65,10000.0,100900.0,207000.0,0,0,0,0,0,0,0,0,0,0,0,0,0,0,0,0,0
,,,,,,170,2026-02-01 12:51:19.336306,COMP,24.88,24.88,24.92,,121900.0,142600.0,0,0,0,0,0,0,0,0,0,0,0,0,0,0,0,0,0
1.0,1.0,1.0,,Welcome to the RITC 2026 Liquidity Risk Case - practice server,Good Luck!,171,2026-02-01 12:51:20.377655,RITC,9.62,9.62,9.65,100900.0,207000.0,0,0,0,0,0,0,0,0,0,0,0,0,0,0,0,0,0,0
,,,,,,171,2026-02-01 12:51:20.377655,COMP,24.87,24.87,24.92,114700.0,142600.0,0,0,0,0,0,0,0,0,0,0,0,0,0,0,0,0,0,0
1.0,1.0,1.0,,Welcome to the RITC 2026 Liquidity Risk Case - practice server,Good Luck!,172,2026-02-01 12:51:21.427875,RITC,9.62,9.62,9.63,100900.0,207700.0,0,0,0,0,0,0,0,0,0,0,0,0,0,0,0,0,0,0
,,,,,,172,2026-02-01 12:51:21.427875,COMP,24.87,24.87,24.92,114700.0,143300.0,0,0,0,0,0,0,0,0,0,0,0,0,0,0,0,0,0,0
1.0,1.0,1.0,,Welcome to the RITC 2026 Liquidity Risk Case - practice server,Good Luck!,174,2026-02-01 12:51:22.459348,RITC,9.62,9.62,9.63,100900.0,207100.0,0,0,0,0,0,0,0,0,0,0,0,0,0,0,0,0,0,0
,,,,,,174,2026-02-01 12:51:22.459348,COMP,24.87,24.87,24.92,114700.0,143300.0,0,0,0,0,0,0,0,0,0,0,0,0,0,0,0,0,0,0
1.0,1.0,1.0,,Welcome to the RITC 2026 Liquidity Risk Case - practice server,Good Luck!,175,2026-02-01 12:51:23.487196,RITC,9.61,9.61,9.63,100400.0,204900.0,0,0,0,0,0,0,0,0,0,0,0,0,0,0,0,0,0,0
,,,,,,175,2026-02-01 12:51:23.487196,COMP,24.87,24.79,24.86,107900.0,144200.0,0,0,0,0,0,0,0,0,0,0,0,0,0,0,0,0,0,0
1.0,1.0,1.0,,Welcome to the RITC 2026 Liquidity Risk Case - practice server,Good Luck!,176,2026-02-01 12:51:24.507645,RITC,9.61,9.61,9.63,100400.0,199200.0,0,0,0,0,0,0,0,0,0,0,0,0,0,0,0,0,0,0
,,,,,,176,2026-02-01 12:51:24.507645,COMP,24.87,24.79,24.83,107900.0,146100.0,0,0,0,0,0,0,0,0,0,0,0,0,0,0,0,0,0,0
1.0,1.0,1.0,,Welcome to the RITC 2026 Liquidity Risk Case - practice server,Good Luck!,177,2026-02-01 12:51:25.548036,RITC,9.61,9.6,9.61,99200.0,201600.0,0,0,0,0,0,0,0,0,0,0,0,0,0,0,0,0,0,0
,,,,,,177,2026-02-01 12:51:25.548036,COMP,24.79,24.79,24.83,107900.0,146100.0,0,0,0,0,0,0,0,0,0,0,0,0,0,0,0,0,0,0
1.0,1.0,1.0,,Welcome to the RITC 2026 Liquidity Risk Case - practice server,Good Luck!,178,2026-02-01 12:51:26.577438,RITC,9.61,9.61,9.62,10000.0,99700.0,200800.0,0,0,0,0,0,0,0,0,0,0,0,0,0,0,0,0,0
,,,,,,178,2026-02-01 12:51:26.577438,COMP,24.78,24.78,24.83,,94800.0,146800.0,0,0,0,0,0,0,0,0,0,0,0,0,0,0,0,0,0
1.0,1.0,1.0,,Welcome to the RITC 2026 Liquidity Risk Case - practice server,Good Luck!,179,2026-02-01 12:51:27.595753,RITC,9.6,9.6,9.62,99900.0,200800.0,0,0,0,0,0,0,0,0,0,0,0,0,0,0,0,0,0,0
,,,,,,179,2026-02-01 12:51:27.595753,COMP,24.78,24.78,24.83,94800.0,145200.0,0,0,0,0,0,0,0,0,0,0,0,0,0,0,0,0,0,0
1.0,1.0,1.0,,Welcome to the RITC 2026 Liquidity Risk Case - practice server,Good Luck!,180,2026-02-01 12:51:28.622690,RITC,9.63,9.6,9.63,99900.0,199200.0,0,0,0,0,0,0,0,0,0,0,0,0,0,0,0,0,0,0
,,,,,,180,2026-02-01 12:51:28.622690,COMP,24.8,24.81,24.83,101400.0,145200.0,0,0,0,0,0,0,0,0,0,0,0,0,0,0,0,0,0,0
1.0,1.0,1.0,,Welcome to the RITC 2026 Liquidity Risk Case - practice server,Good Luck!,181,2026-02-01 12:51:29.640460,RITC,9.59,9.59,9.63,100700.0,10000.0,199200.0,0,0,0,0,0,0,0,0,0,0,0,0,0,0,0,0,0
,,,,,,181,2026-02-01 12:51:29.640460,COMP,24.8,24.81,24.83,101400.0,,144900.0,0,0,0,0,0,0,0,0,0,0,0,0,0,0,0,0,0
1.0,1.0,1.0,,Welcome to the RITC 2026 Liquidity Risk Case - practice server,Good Luck!,182,2026-02-01 12:51:30.667018,RITC,9.59,9.6,9.61,111000.0,10000.0,200700.0,0,0,0,0,0,0,0,0,0,0,0,0,0,0,0,0,0
,,,,,,182,2026-02-01 12:51:30.667018,COMP,24.76,24.79,24.83,93100.0,,144900.0,0,0,0,0,0,0,0,0,0,0,0,0,0,0,0,0,0
1.0,1.0,1.0,,Welcome to the RITC 2026 Liquidity Risk Case - practice server,Good Luck!,183,2026-02-01 12:51:31.695752,RITC,9.6,9.6,9.61,111000.0,10000.0,202400.0,0,0,0,0,0,0,0,0,0,0,0,0,0,0,0,0,0
,,,,,,183,2026-02-01 12:51:31.695752,COMP,24.76,24.79,24.82,93100.0,,143400.0,0,0,0,0,0,0,0,0,0,0,0,0,0,0,0,0,0
1.0,1.0,1.0,,Welcome to the RITC 2026 Liquidity Risk Case - practice server,Good Luck!,184,2026-02-01 12:51:32.724328,RITC,9.6,9.6,9.61,111000.0,10000.0,203000.0,0,0,0,0,0,0,0,0,0,0,0,0,0,0,0,0,0
,,,,,,184,2026-02-01 12:51:32.724328,COMP,24.76,24.79,24.82,93100.0,,143000.0,0,0,0,0,0,0,0,0,0,0,0,0,0,0,0,0,0
1.0,1.0,1.0,,Welcome to the RITC 2026 Liquidity Risk Case - practice server,Good Luck!,185,2026-02-01 12:51:33.746066,RITC,9.6,9.6,9.61,111000.0,10000.0,201500.0,0,0,0,0,0,0,0,0,0,0,0,0,0,0,0,0,0
,,,,,,185,2026-02-01 12:51:33.746066,COMP,24.76,24.79,24.82,93100.0,,144500.0,0,0,0,0,0,0,0,0,0,0,0,0,0,0,0,0,0
1.0,1.0,1.0,,Welcome to the RITC 2026 Liquidity Risk Case - practice server,Good Luck!,186,2026-02-01 12:51:34.761315,RITC,9.58,9.58,9.59,10000.0,102000.0,198500.0,0,0,0,0,0,0,0,0,0,0,0,0,0,0,0,0,0
,,,,,,186,2026-02-01 12:51:34.761315,COMP,24.79,24.76,24.79,,87100.0,143900.0,0,0,0,0,0,0,0,0,0,0,0,0,0,0,0,0,0
1.0,1.0,1.0,,Welcome to the RITC 2026 Liquidity Risk Case - practice server,Good Luck!,187,2026-02-01 12:51:35.793984,RITC,9.58,9.57,9.58,102000.0,198600.0,0,0,0,0,0,0,0,0,0,0,0,0,0,0,0,0,0,0
,,,,,,187,2026-02-01 12:51:35.793984,COMP,24.79,24.76,24.77,87100.0,145900.0,0,0,0,0,0,0,0,0,0,0,0,0,0,0,0,0,0,0
1.0,1.0,1.0,,Welcome to the RITC 2026 Liquidity Risk Case - practice server,Good Luck!,188,2026-02-01 12:51:36.823660,RITC,9.58,9.57,9.58,114400.0,199400.0,0,0,0,0,0,0,0,0,0,0,0,0,0,0,0,0,0,0
,,,,,,188,2026-02-01 12:51:36.823660,COMP,24.76,24.76,24.77,87100.0,144900.0,0,0,0,0,0,0,0,0,0,0,0,0,0,0,0,0,0,0
1.0,1.0,1.0,,Welcome to the RITC 2026 Liquidity Risk Case - practice server,Good Luck!,189,2026-02-01 12:51:37.844334,RITC,9.58,9.57,9.58,114400.0,195400.0,0,0,0,0,0,0,0,0,0,0,0,0,0,0,0,0,0,0
,,,,,,189,2026-02-01 12:51:37.844334,COMP,24.76,24.76,24.77,87100.0,146700.0,0,0,0,0,0,0,0,0,0,0,0,0,0,0,0,0,0,0
1.0,1.0,1.0,,Welcome to the RITC 2026 Liquidity Risk Case - practice server,Good Luck!,190,2026-02-01 12:51:38.878585,RITC,9.58,9.57,9.58,124500.0,197800.0,0,0,0,0,0,0,0,0,0,0,0,0,0,0,0,0,0,0
,,,,,,190,2026-02-01 12:51:38.878585,COMP,24.77,24.76,24.77,87100.0,146700.0,0,0,0,0,0,0,0,0,0,0,0,0,0,0,0,0,0,0
1.0,1.0,1.0,,Welcome to the RITC 2026 Liquidity Risk Case - practice server,Good Luck!,191,2026-02-01 12:51:39.907749,RITC,9.57,9.57,9.58,115700.0,197800.0,0,0,0,0,0,0,0,0,0,0,0,0,0,0,0,0,0,0
,,,,,,191,2026-02-01 12:51:39.907749,COMP,24.77,24.76,24.77,87100.0,146700.0,0,0,0,0,0,0,0,0,0,0,0,0,0,0,0,0,0,0
1.0,1.0,1.0,,Welcome to the RITC 2026 Liquidity Risk Case - practice server,Good Luck!,192,2026-02-01 12:51:40.943219,RITC,9.57,9.57,9.58,115700.0,8000.0,197400.0,0,0,0,0,0,0,0,0,0,0,0,0,0,0,0,0,0
,,,,,,192,2026-02-01 12:51:40.943219,COMP,24.77,24.76,24.77,87100.0,,144700.0,0,0,0,0,0,0,0,0,0,0,0,0,0,0,0,0,0
1.0,1.0,1.0,,Welcome to the RITC 2026 Liquidity Risk Case - practice server,Good Luck!,193,2026-02-01 12:51:41.975592,RITC,9.57,9.57,9.58,115700.0,8000.0,201500.0,0,0,0,0,0,0,0,0,0,0,0,0,0,0,0,0,0
,,,,,,193,2026-02-01 12:51:41.975592,COMP,24.77,24.76,24.77,94200.0,,143000.0,0,0,0,0,0,0,0,0,0,0,0,0,0,0,0,0,0
1.0,1.0,1.0,,Welcome to the RITC 2026 Liquidity Risk Case - practice server,Good Luck!,194,2026-02-01 12:51:42.998996,RITC,9.53,9.53,9.55,8000.0,103300.0,202900.0,0,0,0,0,0,0,0,0,0,0,0,0,0,0,0,0,0
,,,,,,194,2026-02-01 12:51:42.998996,COMP,24.77,24.76,24.77,,94200.0,142700.0,0,0,0,0,0,0,0,0,0,0,0,0,0,0,0,0,0
1.0,1.0,1.0,,Welcome to the RITC 2026 Liquidity Risk Case - practice server,Good Luck!,195,2026-02-01 12:51:44.036911,RITC,9.53,9.52,9.53,103300.0,200200.0,0,0,0,0,0,0,0,0,0,0,0,0,0,0,0,0,0,0
,,,,,,195,2026-02-01 12:51:44.036911,COMP,24.75,24.75,24.77,86500.0,142900.0,0,0,0,0,0,0,0,0,0,0,0,0,0,0,0,0,0,0
1.0,1.0,1.0,,Welcome to the RITC 2026 Liquidity Risk Case - practice server,Good Luck!,196,2026-02-01 12:51:45.076506,RITC,9.52,9.52,9.53,103300.0,200000.0,0,0,0,0,0,0,0,0,0,0,0,0,0,0,0,0,0,0
,,,,,,196,2026-02-01 12:51:45.076506,COMP,24.75,24.75,24.77,86500.0,143700.0,0,0,0,0,0,0,0,0,0,0,0,0,0,0,0,0,0,0
1.0,1.0,1.0,,Welcome to the RITC 2026 Liquidity Risk Case - practice server,Good Luck!,197,2026-02-01 12:51:46.092602,RITC,9.52,9.51,9.52,103700.0,200200.0,0,0,0,0,0,0,0,0,0,0,0,0,0,0,0,0,0,0
,,,,,,197,2026-02-01 12:51:46.092602,COMP,24.72,24.74,24.77,86200.0,143700.0,0,0,0,0,0,0,0,0,0,0,0,0,0,0,0,0,0,0
1.0,1.0,1.0,,Welcome to the RITC 2026 Liquidity Risk Case - practice server,Good Luck!,198,2026-02-01 12:51:47.122891,RITC,9.52,9.51,9.52,103700.0,201700.0,0,0,0,0,0,0,0,0,0,0,0,0,0,0,0,0,0,0
,,,,,,198,2026-02-01 12:51:47.122891,COMP,24.88,24.74,24.77,86200.0,141500.0,0,0,0,0,0,0,0,0,0,0,0,0,0,0,0,0,0,0
1.0,1.0,1.0,,Welcome to the RITC 2026 Liquidity Risk Case - practice server,Good Luck!,199,2026-02-01 12:51:48.136088,RITC,9.52,9.51,9.52,103700.0,202700.0,0,0,0,0,0,0,0,0,0,0,0,0,0,0,0,0,0,0
,,,,,,199,2026-02-01 12:51:48.136088,COMP,24.88,24.74,24.75,86200.0,143300.0,0,0,0,0,0,0,0,0,0,0,0,0,0,0,0,0,0,0
1.0,1.0,1.0,,Welcome to the RITC 2026 Liquidity Risk Case - practice server,Good Luck!,200,2026-02-01 12:51:49.166510,RITC,9.51,9.51,9.52,103700.0,163100.0,14000.0,0,0,0,0,0,0,0,0,0,0,0,0,0,0,0,0,0
,,,,,,200,2026-02-01 12:51:49.166510,COMP,24.71,24.71,24.75,78300.0,143300.0,,0,0,0,0,0,0,0,0,0,0,0,0,0,0,0,0,0
1.0,1.0,1.0,,Welcome to the RITC 2026 Liquidity Risk Case - practice server,Good Luck!,201,2026-02-01 12:51:50.196745,RITC,9.51,9.47,9.5,104000.0,160200.0,14000.0,0,0,0,0,0,0,0,0,0,0,0,0,0,0,0,0,0
,,,,,,201,2026-02-01 12:51:50.196745,COMP,24.71,24.71,24.75,78300.0,141500.0,,0,0,0,0,0,0,0,0,0,0,0,0,0,0,0,0,0
1.0,1.0,1.0,,Welcome to the RITC 2026 Liquidity Risk Case - practice server,Good Luck!,202,2026-02-01 12:51:51.228296,RITC,9.56,9.47,9.49,104000.0,162800.0,14000.0,0,0,0,0,0,0,0,0,0,0,0,0,0,0,0,0,0
,,,,,,202,2026-02-01 12:51:51.228296,COMP,24.71,24.71,24.75,78300.0,140000.0,,0,0,0,0,0,0,0,0,0,0,0,0,0,0,0,0,0
1.0,1.0,1.0,,Welcome to the RITC 2026 Liquidity Risk Case - practice server,Good Luck!,203,2026-02-01 12:51:52.266228,RITC,9.47,9.48,9.49,5000.0,104000.0,203200.0,0,0,0,0,0,0,0,0,0,0,0,0,0,0,0,0,0
,,,,,,203,2026-02-01 12:51:52.266228,COMP,24.71,24.71,24.75,,78300.0,140000.0,0,0,0,0,0,0,0,0,0,0,0,0,0,0,0,0,0
1.0,1.0,1.0,,Welcome to the RITC 2026 Liquidity Risk Case - practice server,Good Luck!,204,2026-02-01 12:51:53.296608,RITC,9.47,9.47,9.49,107200.0,182600.0,7000.0,0,0,0,0,0,0,0,0,0,0,0,0,0,0,0,0,0
,,,,,,204,2026-02-01 12:51:53.296608,COMP,24.76,24.71,24.76,70100.0,141400.0,,0,0,0,0,0,0,0,0,0,0,0,0,0,0,0,0,0
1.0,1.0,1.0,,Welcome to the RITC 2026 Liquidity Risk Case - practice server,Good Luck!,205,2026-02-01 12:51:54.320623,RITC,9.46,9.48,9.49,5000.0,112300.0,174500.0,12000.0,0,0,0,0,0,0,0,0,0,0,0,0,0,0,0,0
,,,,,,205,2026-02-01 12:51:54.320623,COMP,24.77,24.71,24.72,,70100.0,143300.0,,0,0,0,0,0,0,0,0,0,0,0,0,0,0,0,0
1.0,1.0,1.0,,Welcome to the RITC 2026 Liquidity Risk Case - practice server,Good Luck!,206,2026-02-01 12:51:55.356433,RITC,9.46,9.48,9.49,10000.0,112300.0,175800.0,12000.0,0,0,0,0,0,0,0,0,0,0,0,0,0,0,0,0
,,,,,,206,2026-02-01 12:51:55.356433,COMP,24.78,24.71,24.78,,70100.0,145500.0,,0,0,0,0,0,0,0,0,0,0,0,0,0,0,0,0
1.0,1.0,1.0,,Welcome to the RITC 2026 Liquidity Risk Case - practice server,Good Luck!,207,2026-02-01 12:51:56.389695,RITC,9.47,9.46,9.47,112300.0,179400.0,12000.0,0,0,0,0,0,0,0,0,0,0,0,0,0,0,0,0,0
,,,,,,207,2026-02-01 12:51:56.389695,COMP,24.78,24.71,24.76,70100.0,145500.0,,0,0,0,0,0,0,0,0,0,0,0,0,0,0,0,0,0
1.0,1.0,1.0,,Welcome to the RITC 2026 Liquidity Risk Case - practice server,Good Luck!,208,2026-02-01 12:51:57.409229,RITC,9.49,9.46,9.47,112300.0,5000.0,176100.0,12000.0,0,0,0,0,0,0,0,0,0,0,0,0,0,0,0,0
,,,,,,208,2026-02-01 12:51:57.409229,COMP,24.76,24.71,24.76,70100.0,,145500.0,,0,0,0,0,0,0,0,0,0,0,0,0,0,0,0,0
1.0,1.0,1.0,,Welcome to the RITC 2026 Liquidity Risk Case - practice server,Good Luck!,209,2026-02-01 12:51:58.426065,RITC,9.49,9.46,9.49,112300.0,10000.0,179200.0,12000.0,0,0,0,0,0,0,0,0,0,0,0,0,0,0,0,0
,,,,,,209,2026-02-01 12:51:58.426065,COMP,24.67,24.67,24.68,70200.0,,143900.0,,0,0,0,0,0,0,0,0,0,0,0,0,0,0,0,0
1.0,1.0,1.0,,Welcome to the RITC 2026 Liquidity Risk Case - practice server,Good Luck!,210,2026-02-01 12:51:59.445946,RITC,9.46,9.46,9.49,112300.0,10000.0,175400.0,12000.0,0,0,0,0,0,0,0,0,0,0,0,0,0,0,0,0
,,,,,,210,2026-02-01 12:51:59.445946,COMP,24.67,24.67,24.68,70200.0,,144200.0,,0,0,0,0,0,0,0,0,0,0,0,0,0,0,0,0
1.0,1.0,1.0,,Welcome to the RITC 2026 Liquidity Risk Case - practice server,Good Luck!,211,2026-02-01 12:52:00.476063,RITC,9.46,9.46,9.49,112300.0,10000.0,177500.0,12000.0,0,0,0,0,0,0,0,0,0,0,0,0,0,0,0,0
,,,,,,211,2026-02-01 12:52:00.476063,COMP,24.67,24.67,24.68,70200.0,,142900.0,,0,0,0,0,0,0,0,0,0,0,0,0,0,0,0,0
1.0,1.0,1.0,,Welcome to the RITC 2026 Liquidity Risk Case - practice server,Good Luck!,212,2026-02-01 12:52:01.490815,RITC,9.46,9.46,9.48,112300.0,15000.0,179400.0,12000.0,0,0,0,0,0,0,0,0,0,0,0,0,0,0,0,0
,,,,,,212,2026-02-01 12:52:01.490815,COMP,24.66,24.66,24.68,70000.0,,142900.0,,0,0,0,0,0,0,0,0,0,0,0,0,0,0,0,0
1.0,1.0,1.0,,Welcome to the RITC 2026 Liquidity Risk Case - practice server,Good Luck!,213,2026-02-01 12:52:02.525771,RITC,9.46,9.46,9.47,112300.0,15000.0,177500.0,12000.0,0,0,0,0,0,0,0,0,0,0,0,0,0,0,0,0
,,,,,,213,2026-02-01 12:52:02.525771,COMP,24.64,24.64,24.68,69500.0,,142900.0,,0,0,0,0,0,0,0,0,0,0,0,0,0,0,0,0
1.0,1.0,1.0,,Welcome to the RITC 2026 Liquidity Risk Case - practice server,Good Luck!,214,2026-02-01 12:52:03.551505,RITC,9.47,9.44,9.47,112300.0,10000.0,177500.0,12000.0,0,0,0,0,0,0,0,0,0,0,0,0,0,0,0,0
,,,,,,214,2026-02-01 12:52:03.551505,COMP,24.61,24.61,24.68,69300.0,,143100.0,,0,0,0,0,0,0,0,0,0,0,0,0,0,0,0,0
1.0,1.0,1.0,,Welcome to the RITC 2026 Liquidity Risk Case - practice server,Good Luck!,215,2026-02-01 12:52:04.592190,RITC,9.44,9.43,9.44,5000.0,111100.0,191800.0,7000.0,0,0,0,0,0,0,0,0,0,0,0,0,0,0,0,0
,,,,,,215,2026-02-01 12:52:04.592190,COMP,24.58,24.58,24.68,,69700.0,143100.0,,0,0,0,0,0,0,0,0,0,0,0,0,0,0,0,0
1.0,1.0,1.0,,Welcome to the RITC 2026 Liquidity Risk Case - practice server,Good Luck!,216,2026-02-01 12:52:05.622948,RITC,9.44,9.43,9.44,5000.0,111100.0,210100.0,0,0,0,0,0,0,0,0,0,0,0,0,0,0,0,0,0
,,,,,,216,2026-02-01 12:52:05.622948,COMP,24.58,24.58,24.68,,69700.0,143500.0,0,0,0,0,0,0,0,0,0,0,0,0,0,0,0,0,0
1.0,1.0,1.0,,Welcome to the RITC 2026 Liquidity Risk Case - practice server,Good Luck!,217,2026-02-01 12:52:06.640755,RITC,9.41,9.4,9.41,110600.0,10000.0,213200.0,0,0,0,0,0,0,0,0,0,0,0,0,0,0,0,0,0
,,,,,,217,2026-02-01 12:52:06.640755,COMP,24.58,24.58,24.64,69700.0,,139800.0,0,0,0,0,0,0,0,0,0,0,0,0,0,0,0,0,0
1.0,1.0,1.0,,Welcome to the RITC 2026 Liquidity Risk Case - practice server,Good Luck!,218,2026-02-01 12:52:07.662894,RITC,9.44,9.4,9.43,110600.0,10000.0,208300.0,0,0,0,0,0,0,0,0,0,0,0,0,0,0,0,0,0
,,,,,,218,2026-02-01 12:52:07.662894,COMP,24.58,24.58,24.61,69700.0,,141300.0,0,0,0,0,0,0,0,0,0,0,0,0,0,0,0,0,0
1.0,1.0,1.0,,Welcome to the RITC 2026 Liquidity Risk Case - practice server,Good Luck!,219,2026-02-01 12:52:08.683614,RITC,9.41,9.4,9.41,111800.0,208600.0,0,0,0,0,0,0,0,0,0,0,0,0,0,0,0,0,0,0
,,,,,,219,2026-02-01 12:52:08.683614,COMP,24.58,24.58,24.59,69700.0,141400.0,0,0,0,0,0,0,0,0,0,0,0,0,0,0,0,0,0,0
1.0,1.0,1.0,,Welcome to the RITC 2026 Liquidity Risk Case - practice server,Good Luck!,220,2026-02-01 12:52:09.705081,RITC,9.41,9.4,9.41,111800.0,206700.0,0,0,0,0,0,0,0,0,0,0,0,0,0,0,0,0,0,0
,,,,,,220,2026-02-01 12:52:09.705081,COMP,24.57,24.57,24.59,69200.0,141400.0,0,0,0,0,0,0,0,0,0,0,0,0,0,0,0,0,0,0
1.0,1.0,1.0,,Welcome to the RITC 2026 Liquidity Risk Case - practice server,Good Luck!,221,2026-02-01 12:52:10.725884,RITC,9.4,9.4,9.41,112900.0,14000.0,203400.0,0,0,0,0,0,0,0,0,0,0,0,0,0,0,0,0,0
,,,,,,221,2026-02-01 12:52:10.725884,COMP,24.57,24.57,24.58,69200.0,,142400.0,0,0,0,0,0,0,0,0,0,0,0,0,0,0,0,0,0
1.0,1.0,1.0,,Welcome to the RITC 2026 Liquidity Risk Case - practice server,Good Luck!,222,2026-02-01 12:52:11.744401,RITC,9.4,9.4,9.41,112900.0,14000.0,207300.0,0,0,0,0,0,0,0,0,0,0,0,0,0,0,0,0,0
,,,,,,222,2026-02-01 12:52:11.744401,COMP,24.47,24.47,24.58,72400.0,,142600.0,0,0,0,0,0,0,0,0,0,0,0,0,0,0,0,0,0
1.0,1.0,1.0,,Welcome to the RITC 2026 Liquidity Risk Case - practice server,Good Luck!,224,2026-02-01 12:52:12.778040,RITC,9.39,9.39,9.41,107800.0,10000.0,208500.0,0,0,0,0,0,0,0,0,0,0,0,0,0,0,0,0,0
,,,,,,224,2026-02-01 12:52:12.778040,COMP,24.47,24.47,24.51,75200.0,,142400.0,0,0,0,0,0,0,0,0,0,0,0,0,0,0,0,0,0
1.0,1.0,1.0,,Welcome to the RITC 2026 Liquidity Risk Case - practice server,Good Luck!,225,2026-02-01 12:52:13.805489,RITC,9.38,9.38,9.41,106400.0,10000.0,211300.0,0,0,0,0,0,0,0,0,0,0,0,0,0,0,0,0,0
,,,,,,225,2026-02-01 12:52:13.805489,COMP,24.47,24.47,24.51,75200.0,,140800.0,0,0,0,0,0,0,0,0,0,0,0,0,0,0,0,0,0
1.0,1.0,1.0,,Welcome to the RITC 2026 Liquidity Risk Case - practice server,Good Luck!,226,2026-02-01 12:52:14.839265,RITC,9.38,9.35,9.37,105000.0,213000.0,0,0,0,0,0,0,0,0,0,0,0,0,0,0,0,0,0,0
,,,,,,226,2026-02-01 12:52:14.839265,COMP,24.38,24.38,24.39,73500.0,140300.0,0,0,0,0,0,0,0,0,0,0,0,0,0,0,0,0,0,0
1.0,1.0,1.0,,Welcome to the RITC 2026 Liquidity Risk Case - practice server,Good Luck!,227,2026-02-01 12:52:15.860072,RITC,9.41,9.36,9.38,14000.0,105000.0,206900.0,0,0,0,0,0,0,0,0,0,0,0,0,0,0,0,0,0
,,,,,,227,2026-02-01 12:52:15.860072,COMP,24.35,24.35,24.39,,73200.0,140300.0,0,0,0,0,0,0,0,0,0,0,0,0,0,0,0,0,0
1.0,1.0,1.0,,Welcome to the RITC 2026 Liquidity Risk Case - practice server,Good Luck!,228,2026-02-01 12:52:16.888764,RITC,9.41,9.35,9.36,105000.0,206000.0,0,0,0,0,0,0,0,0,0,0,0,0,0,0,0,0,0,0
,,,,,,228,2026-02-01 12:52:16.888764,COMP,24.34,24.34,24.39,72800.0,140300.0,0,0,0,0,0,0,0,0,0,0,0,0,0,0,0,0,0,0
1.0,1.0,1.0,,Welcome to the RITC 2026 Liquidity Risk Case - practice server,Good Luck!,229,2026-02-01 12:52:17.920079,RITC,9.35,9.35,9.36,5000.0,108200.0,5000.0,206000.0,0,0,0,0,0,0,0,0,0,0,0,0,0,0,0,0
,,,,,,229,2026-02-01 12:52:17.920079,COMP,24.51,24.34,24.51,,72800.0,,140800.0,0,0,0,0,0,0,0,0,0,0,0,0,0,0,0,0
1.0,1.0,1.0,,Welcome to the RITC 2026 Liquidity Risk Case - practice server,Good Luck!,230,2026-02-01 12:52:18.958208,RITC,9.34,9.34,9.36,108200.0,5000.0,205100.0,0,0,0,0,0,0,0,0,0,0,0,0,0,0,0,0,0
,,,,,,230,2026-02-01 12:52:18.958208,COMP,24.34,24.28,24.31,73900.0,,138100.0,0,0,0,0,0,0,0,0,0,0,0,0,0,0,0,0,0
1.0,1.0,1.0,,Welcome to the RITC 2026 Liquidity Risk Case - practice server,Good Luck!,231,2026-02-01 12:52:19.985397,RITC,9.34,9.34,9.36,108200.0,5000.0,208400.0,0,0,0,0,0,0,0,0,0,0,0,0,0,0,0,0,0
,,,,,,231,2026-02-01 12:52:19.985397,COMP,24.28,24.28,24.31,73900.0,,138100.0,0,0,0,0,0,0,0,0,0,0,0,0,0,0,0,0,0
1.0,1.0,1.0,,Welcome to the RITC 2026 Liquidity Risk Case - practice server,Good Luck!,232,2026-02-01 12:52:21.009832,RITC,9.34,9.34,9.36,108200.0,5000.0,207700.0,0,0,0,0,0,0,0,0,0,0,0,0,0,0,0,0,0
,,,,,,232,2026-02-01 12:52:21.009832,COMP,24.28,24.28,24.31,86700.0,,138100.0,0,0,0,0,0,0,0,0,0,0,0,0,0,0,0,0,0
1.0,1.0,1.0,,Welcome to the RITC 2026 Liquidity Risk Case - practice server,Good Luck!,233,2026-02-01 12:52:22.040718,RITC,9.34,9.34,9.36,105300.0,5000.0,207700.0,0,0,0,0,0,0,0,0,0,0,0,0,0,0,0,0,0
,,,,,,233,2026-02-01 12:52:22.040718,COMP,24.28,24.28,24.31,92700.0,,138100.0,0,0,0,0,0,0,0,0,0,0,0,0,0,0,0,0,0
1.0,1.0,1.0,,Welcome to the RITC 2026 Liquidity Risk Case - practice server,Good Luck!,234,2026-02-01 12:52:23.058825,RITC,9.3,9.35,9.36,5000.0,103000.0,5000.0,206200.0,0,0,0,0,0,0,0,0,0,0,0,0,0,0,0,0
,,,,,,234,2026-02-01 12:52:23.058825,COMP,24.27,24.3,24.31,,84700.0,,138100.0,0,0,0,0,0,0,0,0,0,0,0,0,0,0,0,0
1.0,1.0,1.0,,Welcome to the RITC 2026 Liquidity Risk Case - practice server,Good Luck!,235,2026-02-01 12:52:24.089836,RITC,9.35,9.3,9.35,103000.0,5000.0,203300.0,0,0,0,0,0,0,0,0,0,0,0,0,0,0,0,0,0
,,,,,,235,2026-02-01 12:52:24.089836,COMP,24.31,24.31,24.4,91500.0,,139200.0,0,0,0,0,0,0,0,0,0,0,0,0,0,0,0,0,0
1.0,1.0,1.0,,Welcome to the RITC 2026 Liquidity Risk Case - practice server,Good Luck!,236,2026-02-01 12:52:25.109671,RITC,9.32,9.29,9.32,106200.0,204200.0,0,0,0,0,0,0,0,0,0,0,0,0,0,0,0,0,0,0
,,,,,,236,2026-02-01 12:52:25.109671,COMP,24.31,24.37,24.4,99600.0,139200.0,0,0,0,0,0,0,0,0,0,0,0,0,0,0,0,0,0,0
1.0,1.0,1.0,,Welcome to the RITC 2026 Liquidity Risk Case - practice server,Good Luck!,237,2026-02-01 12:52:26.138551,RITC,9.3,9.29,9.3,106200.0,12000.0,204700.0,0,0,0,0,0,0,0,0,0,0,0,0,0,0,0,0,0
,,,,,,237,2026-02-01 12:52:26.138551,COMP,24.31,24.37,24.4,105700.0,,139200.0,0,0,0,0,0,0,0,0,0,0,0,0,0,0,0,0,0
1.0,1.0,1.0,,Welcome to the RITC 2026 Liquidity Risk Case - practice server,Good Luck!,238,2026-02-01 12:52:27.164567,RITC,9.29,9.26,9.27,107400.0,209400.0,0,0,0,0,0,0,0,0,0,0,0,0,0,0,0,0,0,0
,,,,,,238,2026-02-01 12:52:27.164567,COMP,24.31,24.37,24.4,105700.0,140200.0,0,0,0,0,0,0,0,0,0,0,0,0,0,0,0,0,0,0
1.0,1.0,1.0,,Welcome to the RITC 2026 Liquidity Risk Case - practice server,Good Luck!,239,2026-02-01 12:52:28.199556,RITC,9.24,9.24,9.27,106000.0,10000.0,206500.0,0,0,0,0,0,0,0,0,0,0,0,0,0,0,0,0,0
,,,,,,239,2026-02-01 12:52:28.199556,COMP,24.4,24.37,24.4,105700.0,,140200.0,0,0,0,0,0,0,0,0,0,0,0,0,0,0,0,0,0
1.0,1.0,1.0,,Welcome to the RITC 2026 Liquidity Risk Case - practice server,Good Luck!,240,2026-02-01 12:52:29.224524,RITC,9.27,9.24,9.27,106000.0,10000.0,204900.0,0,0,0,0,0,0,0,0,0,0,0,0,0,0,0,0,0
,,,,,,240,2026-02-01 12:52:29.224524,COMP,24.31,24.31,24.36,97600.0,,140200.0,0,0,0,0,0,0,0,0,0,0,0,0,0,0,0,0,0
1.0,1.0,1.0,,Welcome to the RITC 2026 Liquidity Risk Case - practice server,Good Luck!,241,2026-02-01 12:52:30.247270,RITC,9.24,9.24,9.25,106300.0,10000.0,208500.0,0,0,0,0,0,0,0,0,0,0,0,0,0,0,0,0,0
,,,,,,241,2026-02-01 12:52:30.247270,COMP,24.3,24.27,24.29,84500.0,,139500.0,0,0,0,0,0,0,0,0,0,0,0,0,0,0,0,0,0
1.0,1.0,1.0,,Welcome to the RITC 2026 Liquidity Risk Case - practice server,Good Luck!,242,2026-02-01 12:52:31.261244,RITC,9.23,9.22,9.23,109200.0,210800.0,0,0,0,0,0,0,0,0,0,0,0,0,0,0,0,0,0,0
,,,,,,242,2026-02-01 12:52:31.261244,COMP,24.3,24.27,24.29,91300.0,138400.0,0,0,0,0,0,0,0,0,0,0,0,0,0,0,0,0,0,0
1.0,1.0,1.0,,Welcome to the RITC 2026 Liquidity Risk Case - practice server,Good Luck!,243,2026-02-01 12:52:32.293649,RITC,9.23,9.22,9.23,109200.0,214000.0,0,0,0,0,0,0,0,0,0,0,0,0,0,0,0,0,0,0
,,,,,,243,2026-02-01 12:52:32.293649,COMP,24.27,24.27,24.28,85300.0,135700.0,0,0,0,0,0,0,0,0,0,0,0,0,0,0,0,0,0,0
1.0,1.0,1.0,,Welcome to the RITC 2026 Liquidity Risk Case - practice server,Good Luck!,244,2026-02-01 12:52:33.324469,RITC,9.19,9.19,9.23,110700.0,2000.0,212000.0,0,0,0,0,0,0,0,0,0,0,0,0,0,0,0,0,0
,,,,,,244,2026-02-01 12:52:33.324469,COMP,24.25,24.25,24.28,78500.0,,135700.0,0,0,0,0,0,0,0,0,0,0,0,0,0,0,0,0,0
1.0,1.0,1.0,,Welcome to the RITC 2026 Liquidity Risk Case - practice server,Good Luck!,245,2026-02-01 12:52:34.359691,RITC,9.19,9.19,9.2,110700.0,213100.0,0,0,0,0,0,0,0,0,0,0,0,0,0,0,0,0,0,0
,,,,,,245,2026-02-01 12:52:34.359691,COMP,24.25,24.25,24.27,78500.0,137300.0,0,0,0,0,0,0,0,0,0,0,0,0,0,0,0,0,0,0
1.0,1.0,1.0,,Welcome to the RITC 2026 Liquidity Risk Case - practice server,Good Luck!,246,2026-02-01 12:52:35.376768,RITC,9.19,9.19,9.2,110700.0,5000.0,212100.0,0,0,0,0,0,0,0,0,0,0,0,0,0,0,0,0,0
,,,,,,246,2026-02-01 12:52:35.376768,COMP,24.25,24.25,24.26,78500.0,,139400.0,0,0,0,0,0,0,0,0,0,0,0,0,0,0,0,0,0
1.0,1.0,1.0,,Welcome to the RITC 2026 Liquidity Risk Case - practice server,Good Luck!,247,2026-02-01 12:52:36.407320,RITC,9.2,9.18,9.2,111000.0,5000.0,213300.0,0,0,0,0,0,0,0,0,0,0,0,0,0,0,0,0,0
,,,,,,247,2026-02-01 12:52:36.407320,COMP,24.25,24.25,24.26,78500.0,,139700.0,0,0,0,0,0,0,0,0,0,0,0,0,0,0,0,0,0
1.0,1.0,1.0,,Welcome to the RITC 2026 Liquidity Risk Case - practice server,Good Luck!,248,2026-02-01 12:52:37.441843,RITC,9.17,9.17,9.18,112400.0,212500.0,0,0,0,0,0,0,0,0,0,0,0,0,0,0,0,0,0,0
,,,,,,248,2026-02-01 12:52:37.441843,COMP,24.25,24.2,24.24,78300.0,140500.0,0,0,0,0,0,0,0,0,0,0,0,0,0,0,0,0,0,0
1.0,1.0,1.0,,Welcome to the RITC 2026 Liquidity Risk Case - practice server,Good Luck!,249,2026-02-01 12:52:38.473828,RITC,9.17,9.17,9.18,112400.0,14000.0,212800.0,0,0,0,0,0,0,0,0,0,0,0,0,0,0,0,0,0
,,,,,,249,2026-02-01 12:52:38.473828,COMP,24.25,24.2,24.24,78300.0,,140100.0,0,0,0,0,0,0,0,0,0,0,0,0,0,0,0,0,0
1.0,1.0,1.0,,Welcome to the RITC 2026 Liquidity Risk Case - practice server,Good Luck!,250,2026-02-01 12:52:39.507366,RITC,9.16,9.11,9.16,107800.0,12000.0,212500.0,0,0,0,0,0,0,0,0,0,0,0,0,0,0,0,0,0
,,,,,,250,2026-02-01 12:52:39.507366,COMP,24.25,24.2,24.24,84900.0,,141700.0,0,0,0,0,0,0,0,0,0,0,0,0,0,0,0,0,0
1.0,1.0,1.0,,Welcome to the RITC 2026 Liquidity Risk Case - practice server,Good Luck!,251,2026-02-01 12:52:40.531624,RITC,9.11,9.1,9.11,111900.0,215100.0,0,0,0,0,0,0,0,0,0,0,0,0,0,0,0,0,0,0
,,,,,,251,2026-02-01 12:52:40.531624,COMP,24.2,24.2,24.24,70300.0,141700.0,0,0,0,0,0,0,0,0,0,0,0,0,0,0,0,0,0,0
1.0,1.0,1.0,,Welcome to the RITC 2026 Liquidity Risk Case - practice server,Good Luck!,252,2026-02-01 12:52:41.557610,RITC,9.1,9.1,9.11,9000.0,113200.0,214200.0,0,0,0,0,0,0,0,0,0,0,0,0,0,0,0,0,0
,,,,,,252,2026-02-01 12:52:41.557610,COMP,24.2,24.2,24.21,,70300.0,142900.0,0,0,0,0,0,0,0,0,0,0,0,0,0,0,0,0,0
1.0,1.0,1.0,,Welcome to the RITC 2026 Liquidity Risk Case - practice server,Good Luck!,253,2026-02-01 12:52:42.587649,RITC,9.07,9.03,9.07,115700.0,5000.0,216700.0,0,0,0,0,0,0,0,0,0,0,0,0,0,0,0,0,0
,,,,,,253,2026-02-01 12:52:42.587649,COMP,24.21,24.2,24.24,70300.0,,141700.0,0,0,0,0,0,0,0,0,0,0,0,0,0,0,0,0,0
1.0,1.0,1.0,,Welcome to the RITC 2026 Liquidity Risk Case - practice server,Good Luck!,254,2026-02-01 12:52:43.623413,RITC,9.03,9.03,9.07,115700.0,218800.0,0,0,0,0,0,0,0,0,0,0,0,0,0,0,0,0,0,0
,,,,,,254,2026-02-01 12:52:43.623413,COMP,24.21,24.2,24.24,70300.0,143000.0,0,0,0,0,0,0,0,0,0,0,0,0,0,0,0,0,0,0
1.0,1.0,1.0,,Welcome to the RITC 2026 Liquidity Risk Case - practice server,Good Luck!,255,2026-02-01 12:52:44.654073,RITC,9.07,9.04,9.07,14000.0,115700.0,217900.0,0,0,0,0,0,0,0,0,0,0,0,0,0,0,0,0,0
,,,,,,255,2026-02-01 12:52:44.654073,COMP,24.21,24.2,24.22,,77900.0,143000.0,0,0,0,0,0,0,0,0,0,0,0,0,0,0,0,0,0
1.0,1.0,1.0,,Welcome to the RITC 2026 Liquidity Risk Case - practice server,Good Luck!,256,2026-02-01 12:52:45.693772,RITC,9.04,9.03,9.04,115700.0,219600.0,0,0,0,0,0,0,0,0,0,0,0,0,0,0,0,0,0,0
,,,,,,256,2026-02-01 12:52:45.693772,COMP,24.21,24.2,24.22,77900.0,143700.0,0,0,0,0,0,0,0,0,0,0,0,0,0,0,0,0,0,0
1.0,1.0,1.0,,Welcome to the RITC 2026 Liquidity Risk Case - practice server,Good Luck!,257,2026-02-01 12:52:46.723614,RITC,9.01,9.0,9.01,117300.0,220300.0,0,0,0,0,0,0,0,0,0,0,0,0,0,0,0,0,0,0
,,,,,,257,2026-02-01 12:52:46.723614,COMP,24.2,24.18,24.19,71300.0,144800.0,0,0,0,0,0,0,0,0,0,0,0,0,0,0,0,0,0,0
1.0,1.0,1.0,,Welcome to the RITC 2026 Liquidity Risk Case - practice server,Good Luck!,258,2026-02-01 12:52:47.767786,RITC,9.01,9.0,9.01,117300.0,5000.0,4000.0,217100.0,0,0,0,0,0,0,0,0,0,0,0,0,0,0,0,0
,,,,,,258,2026-02-01 12:52:47.767786,COMP,24.2,24.18,24.19,79900.0,,,144800.0,0,0,0,0,0,0,0,0,0,0,0,0,0,0,0,0
1.0,1.0,1.0,,Welcome to the RITC 2026 Liquidity Risk Case - practice server,Good Luck!,259,2026-02-01 12:52:48.789100,RITC,9.01,9.01,9.02,10000.0,117300.0,216700.0,0,0,0,0,0,0,0,0,0,0,0,0,0,0,0,0,0
,,,,,,259,2026-02-01 12:52:48.789100,COMP,24.22,24.18,24.19,,79900.0,144700.0,0,0,0,0,0,0,0,0,0,0,0,0,0,0,0,0,0
1.0,1.0,1.0,,Welcome to the RITC 2026 Liquidity Risk Case - practice server,Good Luck!,260,2026-02-01 12:52:49.852049,RITC,9.01,9.01,9.02,10000.0,127900.0,14000.0,220100.0,0,0,0,0,0,0,0,0,0,0,0,0,0,0,0,0
,,,,,,260,2026-02-01 12:52:49.852049,COMP,24.18,24.18,24.19,,79900.0,,144700.0,0,0,0,0,0,0,0,0,0,0,0,0,0,0,0,0
1.0,1.0,1.0,,Welcome to the RITC 2026 Liquidity Risk Case - practice server,Good Luck!,261,2026-02-01 12:52:50.911477,RITC,8.99,8.99,9.02,117900.0,10000.0,220100.0,0,0,0,0,0,0,0,0,0,0,0,0,0,0,0,0,0
,,,,,,261,2026-02-01 12:52:50.911477,COMP,24.22,24.18,24.22,79900.0,,145500.0,0,0,0,0,0,0,0,0,0,0,0,0,0,0,0,0,0
1.0,1.0,1.0,,Welcome to the RITC 2026 Liquidity Risk Case - practice server,Good Luck!,263,2026-02-01 12:52:51.964874,RITC,9.0,8.98,8.99,120400.0,214400.0,0,0,0,0,0,0,0,0,0,0,0,0,0,0,0,0,0,0
,,,,,,263,2026-02-01 12:52:51.964874,COMP,24.24,24.18,24.24,79900.0,144300.0,0,0,0,0,0,0,0,0,0,0,0,0,0,0,0,0,0,0
1.0,1.0,1.0,,Welcome to the RITC 2026 Liquidity Risk Case - practice server,Good Luck!,264,2026-02-01 12:52:53.010414,RITC,8.98,8.96,8.98,123800.0,10000.0,216300.0,0,0,0,0,0,0,0,0,0,0,0,0,0,0,0,0,0
,,,,,,264,2026-02-01 12:52:53.010414,COMP,24.13,24.2,24.24,86900.0,,144400.0,0,0,0,0,0,0,0,0,0,0,0,0,0,0,0,0,0
1.0,1.0,1.0,,Welcome to the RITC 2026 Liquidity Risk Case - practice server,Good Luck!,265,2026-02-01 12:52:54.059072,RITC,8.98,8.96,8.97,123800.0,216600.0,0,0,0,0,0,0,0,0,0,0,0,0,0,0,0,0,0,0
,,,,,,265,2026-02-01 12:52:54.059072,COMP,24.24,24.24,24.26,94000.0,142400.0,0,0,0,0,0,0,0,0,0,0,0,0,0,0,0,0,0,0
1.0,1.0,1.0,,Welcome to the RITC 2026 Liquidity Risk Case - practice server,Good Luck!,266,2026-02-01 12:52:55.105428,RITC,8.96,8.96,8.97,124500.0,9000.0,216700.0,0,0,0,0,0,0,0,0,0,0,0,0,0,0,0,0,0
,,,,,,266,2026-02-01 12:52:55.105428,COMP,24.26,24.24,24.27,100100.0,,141700.0,0,0,0,0,0,0,0,0,0,0,0,0,0,0,0,0,0
1.0,1.0,1.0,,Welcome to the RITC 2026 Liquidity Risk Case - practice server,Good Luck!,267,2026-02-01 12:52:56.150608,RITC,8.97,8.97,8.98,148800.0,14000.0,5000.0,217500.0,0,0,0,0,0,0,0,0,0,0,0,0,0,0,0,0
,,,,,,267,2026-02-01 12:52:56.150608,COMP,24.27,24.24,24.27,100100.0,,,141100.0,0,0,0,0,0,0,0,0,0,0,0,0,0,0,0,0
1.0,1.0,1.0,,Welcome to the RITC 2026 Liquidity Risk Case - practice server,Good Luck!,268,2026-02-01 12:52:57.186577,RITC,8.96,8.96,8.98,14000.0,10000.0,127200.0,217500.0,0,0,0,0,0,0,0,0,0,0,0,0,0,0,0,0
,,,,,,268,2026-02-01 12:52:57.186577,COMP,24.26,24.24,24.26,,,100100.0,142400.0,0,0,0,0,0,0,0,0,0,0,0,0,0,0,0,0
1.0,1.0,1.0,,Welcome to the RITC 2026 Liquidity Risk Case - practice server,Good Luck!,269,2026-02-01 12:52:58.203742,RITC,8.98,8.96,8.98,14000.0,10000.0,127200.0,216400.0,0,0,0,0,0,0,0,0,0,0,0,0,0,0,0,0
,,,,,,269,2026-02-01 12:52:58.203742,COMP,24.27,24.24,24.27,,,100100.0,141100.0,0,0,0,0,0,0,0,0,0,0,0,0,0,0,0,0
1.0,1.0,1.0,,Welcome to the RITC 2026 Liquidity Risk Case - practice server,Good Luck!,270,2026-02-01 12:52:59.240600,RITC,8.97,8.96,8.97,14000.0,10000.0,127200.0,213600.0,0,0,0,0,0,0,0,0,0,0,0,0,0,0,0,0
,,,,,,270,2026-02-01 12:52:59.240600,COMP,24.28,24.24,24.28,,,107900.0,142800.0,0,0,0,0,0,0,0,0,0,0,0,0,0,0,0,0
1.0,1.0,1.0,,Welcome to the RITC 2026 Liquidity Risk Case - practice server,Good Luck!,271,2026-02-01 12:53:00.262835,RITC,8.98,8.97,8.98,136800.0,14000.0,10000.0,213800.0,0,0,0,0,0,0,0,0,0,0,0,0,0,0,0,0
,,,,,,271,2026-02-01 12:53:00.262835,COMP,24.28,24.24,24.28,107900.0,,,143000.0,0,0,0,0,0,0,0,0,0,0,0,0,0,0,0,0
1.0,1.0,1.0,,Welcome to the RITC 2026 Liquidity Risk Case - practice server,Good Luck!,272,2026-02-01 12:53:01.292554,RITC,8.96,8.96,8.98,10000.0,138500.0,10000.0,216300.0,0,0,0,0,0,0,0,0,0,0,0,0,0,0,0,0
,,,,,,272,2026-02-01 12:53:01.292554,COMP,24.28,24.24,24.28,,121900.0,,143000.0,0,0,0,0,0,0,0,0,0,0,0,0,0,0,0,0
1.0,1.0,1.0,,Welcome to the RITC 2026 Liquidity Risk Case - practice server,Good Luck!,273,2026-02-01 12:53:02.392457,RITC,8.96,8.96,8.97,10000.0,138500.0,10000.0,215300.0,0,0,0,0,0,0,0,0,0,0,0,0,0,0,0,0
,,,,,,273,2026-02-01 12:53:02.392457,COMP,24.28,24.24,24.25,,121900.0,,143600.0,0,0,0,0,0,0,0,0,0,0,0,0,0,0,0,0
1.0,1.0,1.0,,Welcome to the RITC 2026 Liquidity Risk Case - practice server,Good Luck!,274,2026-02-01 12:53:03.503472,RITC,8.96,8.95,8.96,138500.0,5000.0,10000.0,214600.0,0,0,0,0,0,0,0,0,0,0,0,0,0,0,0,0
,,,,,,274,2026-02-01 12:53:03.503472,COMP,24.25,24.25,24.28,129800.0,,,142900.0,0,0,0,0,0,0,0,0,0,0,0,0,0,0,0,0
1.0,1.0,1.0,,Welcome to the RITC 2026 Liquidity Risk Case - practice server,Good Luck!,275,2026-02-01 12:53:04.535437,RITC,8.96,8.95,8.96,138500.0,5000.0,10000.0,217200.0,0,0,0,0,0,0,0,0,0,0,0,0,0,0,0,0
,,,,,,275,2026-02-01 12:53:04.535437,COMP,24.23,24.23,24.28,114800.0,,,141400.0,0,0,0,0,0,0,0,0,0,0,0,0,0,0,0,0
1.0,1.0,1.0,,Welcome to the RITC 2026 Liquidity Risk Case - practice server,Good Luck!,276,2026-02-01 12:53:05.575161,RITC,8.95,8.95,8.96,138500.0,5000.0,10000.0,215500.0,0,0,0,0,0,0,0,0,0,0,0,0,0,0,0,0
,,,,,,276,2026-02-01 12:53:05.575161,COMP,24.23,24.23,24.28,114800.0,,,141800.0,0,0,0,0,0,0,0,0,0,0,0,0,0,0,0,0
1.0,1.0,1.0,,Welcome to the RITC 2026 Liquidity Risk Case - practice server,Good Luck!,277,2026-02-01 12:53:06.607067,RITC,8.95,8.95,8.96,149500.0,5000.0,10000.0,215500.0,0,0,0,0,0,0,0,0,0,0,0,0,0,0,0,0
,,,,,,277,2026-02-01 12:53:06.607067,COMP,24.23,24.23,24.27,115500.0,,,143200.0,0,0,0,0,0,0,0,0,0,0,0,0,0,0,0,0
1.0,1.0,1.0,,Welcome to the RITC 2026 Liquidity Risk Case - practice server,Good Luck!,278,2026-02-01 12:53:07.646715,RITC,8.97,8.95,8.97,149500.0,5000.0,10000.0,218500.0,0,0,0,0,0,0,0,0,0,0,0,0,0,0,0,0
,,,,,,278,2026-02-01 12:53:07.646715,COMP,24.21,24.21,24.27,101500.0,,,145600.0,0,0,0,0,0,0,0,0,0,0,0,0,0,0,0,0
1.0,1.0,1.0,,Welcome to the RITC 2026 Liquidity Risk Case - practice server,Good Luck!,279,2026-02-01 12:53:08.681043,RITC,8.97,8.96,8.97,10000.0,162800.0,10000.0,217800.0,0,0,0,0,0,0,0,0,0,0,0,0,0,0,0,0
,,,,,,279,2026-02-01 12:53:08.681043,COMP,24.2,24.2,24.25,,94700.0,,147200.0,0,0,0,0,0,0,0,0,0,0,0,0,0,0,0,0
1.0,1.0,1.0,,Welcome to the RITC 2026 Liquidity Risk Case - practice server,Good Luck!,280,2026-02-01 12:53:09.724452,RITC,8.95,8.95,8.96,5000.0,149500.0,10000.0,216000.0,0,0,0,0,0,0,0,0,0,0,0,0,0,0,0,0
,,,,,,280,2026-02-01 12:53:09.724452,COMP,24.17,24.17,24.25,,80700.0,,147200.0,0,0,0,0,0,0,0,0,0,0,0,0,0,0,0,0
1.0,1.0,1.0,,Welcome to the RITC 2026 Liquidity Risk Case - practice server,Good Luck!,281,2026-02-01 12:53:10.756739,RITC,8.97,8.95,8.97,5000.0,149500.0,10000.0,215800.0,0,0,0,0,0,0,0,0,0,0,0,0,0,0,0,0
,,,,,,281,2026-02-01 12:53:10.756739,COMP,24.15,24.15,24.2,,78600.0,,147300.0,0,0,0,0,0,0,0,0,0,0,0,0,0,0,0,0
1.0,1.0,1.0,,Welcome to the RITC 2026 Liquidity Risk Case - practice server,Good Luck!,282,2026-02-01 12:53:11.784163,RITC,8.95,8.95,8.98,138300.0,10000.0,215500.0,0,0,0,0,0,0,0,0,0,0,0,0,0,0,0,0,0
,,,,,,282,2026-02-01 12:53:11.784163,COMP,24.14,24.14,24.2,77900.0,,147300.0,0,0,0,0,0,0,0,0,0,0,0,0,0,0,0,0,0
1.0,1.0,1.0,,Welcome to the RITC 2026 Liquidity Risk Case - practice server,Good Luck!,283,2026-02-01 12:53:12.811157,RITC,8.99,8.96,8.99,5000.0,150400.0,10000.0,215400.0,0,0,0,0,0,0,0,0,0,0,0,0,0,0,0,0
,,,,,,283,2026-02-01 12:53:12.811157,COMP,24.09,24.11,24.25,,74300.0,,147200.0,0,0,0,0,0,0,0,0,0,0,0,0,0,0,0,0
1.0,1.0,1.0,,Welcome to the RITC 2026 Liquidity Risk Case - practice server,Good Luck!,284,2026-02-01 12:53:13.839608,RITC,9.0,8.96,8.97,5000.0,150400.0,217800.0,0,0,0,0,0,0,0,0,0,0,0,0,0,0,0,0,0
,,,,,,284,2026-02-01 12:53:13.839608,COMP,24.09,24.2,24.25,,81500.0,147200.0,0,0,0,0,0,0,0,0,0,0,0,0,0,0,0,0,0
1.0,1.0,1.0,,Welcome to the RITC 2026 Liquidity Risk Case - practice server,Good Luck!,285,2026-02-01 12:53:14.874186,RITC,8.97,8.96,8.97,5000.0,163800.0,219200.0,0,0,0,0,0,0,0,0,0,0,0,0,0,0,0,0,0
,,,,,,285,2026-02-01 12:53:14.874186,COMP,24.09,24.2,24.21,,81500.0,146500.0,0,0,0,0,0,0,0,0,0,0,0,0,0,0,0,0,0
1.0,1.0,1.0,,Welcome to the RITC 2026 Liquidity Risk Case - practice server,Good Luck!,286,2026-02-01 12:53:15.900915,RITC,9.01,8.97,9.01,4000.0,175000.0,218100.0,0,0,0,0,0,0,0,0,0,0,0,0,0,0,0,0,0
,,,,,,286,2026-02-01 12:53:15.900915,COMP,24.09,24.2,24.21,,81500.0,146600.0,0,0,0,0,0,0,0,0,0,0,0,0,0,0,0,0,0
1.0,1.0,1.0,,Welcome to the RITC 2026 Liquidity Risk Case - practice server,Good Luck!,287,2026-02-01 12:53:16.935372,RITC,9.01,8.96,8.98,175000.0,216900.0,0,0,0,0,0,0,0,0,0,0,0,0,0,0,0,0,0,0
,,,,,,287,2026-02-01 12:53:16.935372,COMP,24.21,24.24,24.25,88300.0,148500.0,0,0,0,0,0,0,0,0,0,0,0,0,0,0,0,0,0,0
1.0,1.0,1.0,,Welcome to the RITC 2026 Liquidity Risk Case - practice server,Good Luck!,288,2026-02-01 12:53:17.961876,RITC,9.02,8.99,9.02,184800.0,216300.0,0,0,0,0,0,0,0,0,0,0,0,0,0,0,0,0,0,0
,,,,,,288,2026-02-01 12:53:17.961876,COMP,24.24,24.2,24.23,81500.0,147500.0,0,0,0,0,0,0,0,0,0,0,0,0,0,0,0,0,0,0
1.0,1.0,1.0,,Welcome to the RITC 2026 Liquidity Risk Case - practice server,Good Luck!,289,2026-02-01 12:53:19.001866,RITC,9.07,9.02,9.07,205500.0,220200.0,0,0,0,0,0,0,0,0,0,0,0,0,0,0,0,0,0,0
,,,,,,289,2026-02-01 12:53:19.001866,COMP,24.18,24.18,24.23,80300.0,147500.0,0,0,0,0,0,0,0,0,0,0,0,0,0,0,0,0,0,0
1.0,1.0,1.0,,Welcome to the RITC 2026 Liquidity Risk Case - practice server,Good Luck!,290,2026-02-01 12:53:20.031885,RITC,9.08,9.02,9.05,217000.0,217100.0,0,0,0,0,0,0,0,0,0,0,0,0,0,0,0,0,0,0
,,,,,,290,2026-02-01 12:53:20.031885,COMP,24.11,24.11,24.22,74300.0,146900.0,0,0,0,0,0,0,0,0,0,0,0,0,0,0,0,0,0,0
1.0,1.0,1.0,,Welcome to the RITC 2026 Liquidity Risk Case - practice server,Good Luck!,291,2026-02-01 12:53:21.055362,RITC,9.08,9.03,9.08,240200.0,217300.0,0,0,0,0,0,0,0,0,0,0,0,0,0,0,0,0,0,0
,,,,,,291,2026-02-01 12:53:21.055362,COMP,24.09,24.09,24.22,73200.0,146900.0,0,0,0,0,0,0,0,0,0,0,0,0,0,0,0,0,0,0
1.0,1.0,1.0,,Welcome to the RITC 2026 Liquidity Risk Case - practice server,Good Luck!,293,2026-02-01 12:53:22.082035,RITC,9.08,9.08,9.09,233900.0,216600.0,0,0,0,0,0,0,0,0,0,0,0,0,0,0,0,0,0,0
,,,,,,293,2026-02-01 12:53:22.082035,COMP,24.09,24.08,24.09,73400.0,144800.0,0,0,0,0,0,0,0,0,0,0,0,0,0,0,0,0,0,0
1.0,1.0,1.0,,Welcome to the RITC 2026 Liquidity Risk Case - practice server,Good Luck!,294,2026-02-01 12:53:23.104430,RITC,9.09,9.08,9.09,233900.0,216600.0,0,0,0,0,0,0,0,0,0,0,0,0,0,0,0,0,0,0
,,,,,,294,2026-02-01 12:53:23.104430,COMP,24.09,24.08,24.09,73400.0,144300.0,0,0,0,0,0,0,0,0,0,0,0,0,0,0,0,0,0,0
1.0,1.0,1.0,,Welcome to the RITC 2026 Liquidity Risk Case - practice server,Good Luck!,295,2026-02-01 12:53:24.121693,RITC,9.03,9.03,9.09,236100.0,216600.0,0,0,0,0,0,0,0,0,0,0,0,0,0,0,0,0,0,0
,,,,,,295,2026-02-01 12:53:24.121693,COMP,24.07,24.07,24.09,74700.0,145500.0,0,0,0,0,0,0,0,0,0,0,0,0,0,0,0,0,0,0
1.0,1.0,1.0,,Welcome to the RITC 2026 Liquidity Risk Case - practice server,Good Luck!,296,2026-02-01 12:53:25.141528,RITC,9.03,9.04,9.06,234000.0,214600.0,0,0,0,0,0,0,0,0,0,0,0,0,0,0,0,0,0,0
,,,,,,296,2026-02-01 12:53:25.141528,COMP,24.07,24.07,24.09,74700.0,146300.0,0,0,0,0,0,0,0,0,0,0,0,0,0,0,0,0,0,0
1.0,1.0,1.0,,Welcome to the RITC 2026 Liquidity Risk Case - practice server,Good Luck!,297,2026-02-01 12:53:26.171580,RITC,9.06,9.07,9.09,232400.0,216600.0,0,0,0,0,0,0,0,0,0,0,0,0,0,0,0,0,0,0
,,,,,,297,2026-02-01 12:53:26.171580,COMP,24.07,24.07,24.09,74700.0,146300.0,0,0,0,0,0,0,0,0,0,0,0,0,0,0,0,0,0,0
1.0,1.0,1.0,,Welcome to the RITC 2026 Liquidity Risk Case - practice server,Good Luck!,298,2026-02-01 12:53:27.205385,RITC,9.1,9.07,9.11,232400.0,215700.0,0,0,0,0,0,0,0,0,0,0,0,0,0,0,0,0,0,0
,,,,,,298,2026-02-01 12:53:27.205385,COMP,24.07,24.07,24.09,74700.0,145900.0,0,0,0,0,0,0,0,0,0,0,0,0,0,0,0,0,0,0
1.0,1.0,1.0,,Welcome to the RITC 2026 Liquidity Risk Case - practice server,Good Luck!,299,2026-02-01 12:53:28.221344,RITC,9.11,9.09,9.11,232100.0,214900.0,0,0,0,0,0,0,0,0,0,0,0,0,0,0,0,0,0,0
,,,,,,299,2026-02-01 12:53:28.221344,COMP,24.11,24.07,24.11,74700.0,148300.0,0,0,0,0,0,0,0,0,0,0,0,0,0,0,0,0,0,0
1.0,1.0,1.0,,Welcome to the RITC 2026 Liquidity Risk Case - practice server,Good Luck!,300,2026-02-01 12:53:29.261573,RITC,9.12,9.09,9.12,230100.0,216000.0,0,0,0,0,0,0,0,0,0,0,0,0,0,0,0,0,0,0
,,,,,,300,2026-02-01 12:53:29.261573,COMP,24.11,24.07,24.1,74700.0,149400.0,0,0,0,0,0,0,0,0,0,0,0,0,0,0,0,0,0,0
1.0,1.0,1.0,,Welcome to the RITC 2026 Liquidity Risk Case - practice server,Good Luck!,301,2026-02-01 12:53:30.291609,RITC,9.12,9.12,9.13,225400.0,217000.0,0,0,0,0,0,0,0,0,0,0,0,0,0,0,0,0,0,0
,,,,,,301,2026-02-01 12:53:30.291609,COMP,24.07,23.99,24.03,72700.0,147500.0,0,0,0,0,0,0,0,0,0,0,0,0,0,0,0,0,0,0
1.0,1.0,1.0,,Welcome to the RITC 2026 Liquidity Risk Case - practice server,Good Luck!,302,2026-02-01 12:53:31.311326,RITC,9.12,9.12,9.13,223400.0,217000.0,0,0,0,0,0,0,0,0,0,0,0,0,0,0,0,0,0,0
,,,,,,302,2026-02-01 12:53:31.311326,COMP,24.07,23.99,24.03,72700.0,145400.0,0,0,0,0,0,0,0,0,0,0,0,0,0,0,0,0,0,0
1.0,1.0,1.0,,Welcome to the RITC 2026 Liquidity Risk Case - practice server,Good Luck!,303,2026-02-01 12:53:32.353521,RITC,9.16,9.12,9.16,223400.0,218200.0,0,0,0,0,0,0,0,0,0,0,0,0,0,0,0,0,0,0
,,,,,,303,2026-02-01 12:53:32.353521,COMP,23.96,23.96,23.98,73800.0,147300.0,0,0,0,0,0,0,0,0,0,0,0,0,0,0,0,0,0,0
1.0,1.0,1.0,,Welcome to the RITC 2026 Liquidity Risk Case - practice server,Good Luck!,304,2026-02-01 12:53:33.385118,RITC,9.17,9.15,9.17,220700.0,218900.0,0,0,0,0,0,0,0,0,0,0,0,0,0,0,0,0,0,0
,,,,,,304,2026-02-01 12:53:33.385118,COMP,23.96,23.96,23.98,80900.0,147300.0,0,0,0,0,0,0,0,0,0,0,0,0,0,0,0,0,0,0
1.0,1.0,1.0,,Welcome to the RITC 2026 Liquidity Risk Case - practice server,Good Luck!,305,2026-02-01 12:53:34.422159,RITC,9.15,9.15,9.17,220500.0,218900.0,0,0,0,0,0,0,0,0,0,0,0,0,0,0,0,0,0,0
,,,,,,305,2026-02-01 12:53:34.422159,COMP,23.98,23.99,24.03,88000.0,146900.0,0,0,0,0,0,0,0,0,0,0,0,0,0,0,0,0,0,0
1.0,1.0,1.0,,Welcome to the RITC 2026 Liquidity Risk Case - practice server,Good Luck!,306,2026-02-01 12:53:35.451010,RITC,9.19,9.15,9.19,220500.0,215800.0,0,0,0,0,0,0,0,0,0,0,0,0,0,0,0,0,0,0
,,,,,,306,2026-02-01 12:53:35.451010,COMP,23.98,23.99,24.03,88000.0,145800.0,0,0,0,0,0,0,0,0,0,0,0,0,0,0,0,0,0,0
1.0,1.0,1.0,,Welcome to the RITC 2026 Liquidity Risk Case - practice server,Good Luck!,307,2026-02-01 12:53:36.499565,RITC,9.19,9.15,9.19,220500.0,216200.0,0,0,0,0,0,0,0,0,0,0,0,0,0,0,0,0,0,0
,,,,,,307,2026-02-01 12:53:36.499565,COMP,23.96,23.98,24.03,88800.0,145800.0,0,0,0,0,0,0,0,0,0,0,0,0,0,0,0,0,0,0
1.0,1.0,1.0,,Welcome to the RITC 2026 Liquidity Risk Case - practice server,Good Luck!,308,2026-02-01 12:53:37.522618,RITC,9.16,9.15,9.16,220500.0,219700.0,0,0,0,0,0,0,0,0,0,0,0,0,0,0,0,0,0,0
,,,,,,308,2026-02-01 12:53:37.522618,COMP,23.96,23.98,24.02,88800.0,143800.0,0,0,0,0,0,0,0,0,0,0,0,0,0,0,0,0,0,0
1.0,1.0,1.0,,Welcome to the RITC 2026 Liquidity Risk Case - practice server,Good Luck!,309,2026-02-01 12:53:38.553248,RITC,9.16,9.16,9.19,222400.0,216200.0,0,0,0,0,0,0,0,0,0,0,0,0,0,0,0,0,0,0
,,,,,,309,2026-02-01 12:53:38.553248,COMP,23.96,24.0,24.02,97400.0,143800.0,0,0,0,0,0,0,0,0,0,0,0,0,0,0,0,0,0,0
1.0,1.0,1.0,,Welcome to the RITC 2026 Liquidity Risk Case - practice server,Good Luck!,310,2026-02-01 12:53:39.582720,RITC,9.16,9.16,9.17,222400.0,219300.0,0,0,0,0,0,0,0,0,0,0,0,0,0,0,0,0,0,0
,,,,,,310,2026-02-01 12:53:39.582720,COMP,23.96,24.0,24.01,103400.0,142500.0,0,0,0,0,0,0,0,0,0,0,0,0,0,0,0,0,0,0
1.0,1.0,1.0,,Welcome to the RITC 2026 Liquidity Risk Case - practice server,Good Luck!,311,2026-02-01 12:53:40.613484,RITC,9.15,9.12,9.13,223400.0,220100.0,0,0,0,0,0,0,0,0,0,0,0,0,0,0,0,0,0,0
,,,,,,311,2026-02-01 12:53:40.613484,COMP,24.0,24.0,24.01,103400.0,142500.0,0,0,0,0,0,0,0,0,0,0,0,0,0,0,0,0,0,0
1.0,1.0,1.0,,Welcome to the RITC 2026 Liquidity Risk Case - practice server,Good Luck!,312,2026-02-01 12:53:41.657016,RITC,9.02,9.13,9.17,221400.0,173600.0,14000.0,0,0,0,0,0,0,0,0,0,0,0,0,0,0,0,0,0
,,,,,,312,2026-02-01 12:53:41.657016,COMP,23.98,23.98,24.01,94800.0,142900.0,,0,0,0,0,0,0,0,0,0,0,0,0,0,0,0,0,0
1.0,1.0,1.0,,Welcome to the RITC 2026 Liquidity Risk Case - practice server,Good Luck!,313,2026-02-01 12:53:42.685817,RITC,9.12,9.11,9.12,225400.0,175300.0,14000.0,0,0,0,0,0,0,0,0,0,0,0,0,0,0,0,0,0
,,,,,,313,2026-02-01 12:53:42.685817,COMP,24.01,23.98,24.01,94800.0,142900.0,,0,0,0,0,0,0,0,0,0,0,0,0,0,0,0,0,0
1.0,1.0,1.0,,Welcome to the RITC 2026 Liquidity Risk Case - practice server,Good Luck!,314,2026-02-01 12:53:43.710346,RITC,9.12,9.11,9.12,225400.0,175300.0,14000.0,0,0,0,0,0,0,0,0,0,0,0,0,0,0,0,0,0
,,,,,,314,2026-02-01 12:53:43.710346,COMP,24.03,23.98,24.0,94800.0,144300.0,,0,0,0,0,0,0,0,0,0,0,0,0,0,0,0,0,0
1.0,1.0,1.0,,Welcome to the RITC 2026 Liquidity Risk Case - practice server,Good Luck!,315,2026-02-01 12:53:44.750759,RITC,9.11,9.11,9.12,225400.0,176200.0,14000.0,0,0,0,0,0,0,0,0,0,0,0,0,0,0,0,0,0
,,,,,,315,2026-02-01 12:53:44.750759,COMP,23.95,23.95,24.0,79500.0,144300.0,,0,0,0,0,0,0,0,0,0,0,0,0,0,0,0,0,0
1.0,1.0,1.0,,Welcome to the RITC 2026 Liquidity Risk Case - practice server,Good Luck!,316,2026-02-01 12:53:45.804078,RITC,9.11,9.11,9.12,226500.0,176200.0,14000.0,0,0,0,0,0,0,0,0,0,0,0,0,0,0,0,0,0
,,,,,,316,2026-02-01 12:53:45.804078,COMP,23.95,23.95,24.0,79500.0,141900.0,,0,0,0,0,0,0,0,0,0,0,0,0,0,0,0,0,0
1.0,1.0,1.0,,Welcome to the RITC 2026 Liquidity Risk Case - practice server,Good Luck!,317,2026-02-01 12:53:46.830508,RITC,9.11,9.1,9.11,225700.0,174400.0,14000.0,0,0,0,0,0,0,0,0,0,0,0,0,0,0,0,0,0
,,,,,,317,2026-02-01 12:53:46.830508,COMP,23.95,23.95,24.0,79500.0,143800.0,,0,0,0,0,0,0,0,0,0,0,0,0,0,0,0,0,0
1.0,1.0,1.0,,Welcome to the RITC 2026 Liquidity Risk Case - practice server,Good Luck!,318,2026-02-01 12:53:47.862489,RITC,9.11,9.1,9.11,225700.0,175900.0,14000.0,0,0,0,0,0,0,0,0,0,0,0,0,0,0,0,0,0
,,,,,,318,2026-02-01 12:53:47.862489,COMP,23.95,23.89,23.95,73500.0,143700.0,,0,0,0,0,0,0,0,0,0,0,0,0,0,0,0,0,0
1.0,1.0,1.0,,Welcome to the RITC 2026 Liquidity Risk Case - practice server,Good Luck!,319,2026-02-01 12:53:48.893527,RITC,9.12,9.1,9.12,225700.0,170900.0,14000.0,0,0,0,0,0,0,0,0,0,0,0,0,0,0,0,0,0
,,,,,,319,2026-02-01 12:53:48.893527,COMP,23.95,23.89,23.95,73500.0,143700.0,,0,0,0,0,0,0,0,0,0,0,0,0,0,0,0,0,0
1.0,1.0,1.0,,Welcome to the RITC 2026 Liquidity Risk Case - practice server,Good Luck!,320,2026-02-01 12:53:49.927149,RITC,9.1,9.1,9.12,226800.0,170900.0,14000.0,0,0,0,0,0,0,0,0,0,0,0,0,0,0,0,0,0
,,,,,,320,2026-02-01 12:53:49.927149,COMP,23.95,23.92,23.95,87100.0,143700.0,,0,0,0,0,0,0,0,0,0,0,0,0,0,0,0,0,0
1.0,1.0,1.0,,Welcome to the RITC 2026 Liquidity Risk Case - practice server,Good Luck!,321,2026-02-01 12:53:50.946506,RITC,9.1,9.1,9.12,226800.0,173900.0,14000.0,0,0,0,0,0,0,0,0,0,0,0,0,0,0,0,0,0
,,,,,,321,2026-02-01 12:53:50.946506,COMP,24.05,23.92,23.99,87100.0,142400.0,,0,0,0,0,0,0,0,0,0,0,0,0,0,0,0,0,0
1.0,1.0,1.0,,Welcome to the RITC 2026 Liquidity Risk Case - practice server,Good Luck!,322,2026-02-01 12:53:52.039111,RITC,9.1,9.1,9.12,225900.0,171700.0,14000.0,0,0,0,0,0,0,0,0,0,0,0,0,0,0,0,0,0
,,,,,,322,2026-02-01 12:53:52.039111,COMP,24.03,23.92,24.03,95700.0,142600.0,,0,0,0,0,0,0,0,0,0,0,0,0,0,0,0,0,0
1.0,1.0,1.0,,Welcome to the RITC 2026 Liquidity Risk Case - practice server,Good Luck!,324,2026-02-01 12:53:53.467303,RITC,9.1,9.1,9.12,224300.0,166000.0,14000.0,,0,0,0,0,0,0,0,0,0,0,0,0,0,0,0,0
,,,,,,324,2026-02-01 12:53:53.467303,COMP,24.03,23.94,24.03,95700.0,142600.0,,30000.0,0,0,0,0,0,0,0,0,0,0,0,0,0,0,0,0
1.0,1.0,1.0,,Welcome to the RITC 2026 Liquidity Risk Case - practice server,Good Luck!,325,2026-02-01 12:53:54.719971,RITC,9.1,9.1,9.11,225200.0,166000.0,14000.0,,0,0,0,0,0,0,0,0,0,0,0,0,0,0,0,0
,,,,,,325,2026-02-01 12:53:54.719971,COMP,24.03,23.99,24.03,104000.0,145400.0,,30000.0,0,0,0,0,0,0,0,0,0,0,0,0,0,0,0,0
1.0,1.0,1.0,,Welcome to the RITC 2026 Liquidity Risk Case - practice server,Good Luck!,326,2026-02-01 12:53:56.108003,RITC,9.12,9.1,9.12,225200.0,172400.0,14000.0,,,0,0,0,0,0,0,0,0,0,0,0,0,0,0,0
,,,,,,326,2026-02-01 12:53:56.108003,COMP,23.99,23.99,24.04,112200.0,136900.0,,30000.0,5000.0,0,0,0,0,0,0,0,0,0,0,0,0,0,0,0
1.0,1.0,1.0,,Welcome to the RITC 2026 Liquidity Risk Case - practice server,Good Luck!,328,2026-02-01 12:53:57.499934,RITC,9.13,9.09,9.13,225900.0,174300.0,14000.0,,,0,0,0,0,0,0,0,0,0,0,0,0,0,0,0
,,,,,,328,2026-02-01 12:53:57.499934,COMP,24.09,23.99,24.08,121000.0,139200.0,,30000.0,5000.0,0,0,0,0,0,0,0,0,0,0,0,0,0,0,0
1.0,1.0,1.0,,Welcome to the RITC 2026 Liquidity Risk Case - practice server,Good Luck!,329,2026-02-01 12:53:58.597442,RITC,9.09,9.08,9.09,229000.0,176900.0,14000.0,,,0,0,0,0,0,0,0,0,0,0,0,0,0,0,0
,,,,,,329,2026-02-01 12:53:58.597442,COMP,24.09,23.99,24.08,121000.0,136900.0,,30000.0,5000.0,0,0,0,0,0,0,0,0,0,0,0,0,0,0,0
1.0,1.0,1.0,,Welcome to the RITC 2026 Liquidity Risk Case - practice server,Good Luck!,330,2026-02-01 12:53:59.659643,RITC,9.09,9.08,9.09,229000.0,176300.0,14000.0,,,0,0,0,0,0,0,0,0,0,0,0,0,0,0,0
,,,,,,330,2026-02-01 12:53:59.659643,COMP,23.94,23.94,23.95,112700.0,128800.0,,30000.0,10000.0,0,0,0,0,0,0,0,0,0,0,0,0,0,0,0
1.0,1.0,1.0,,Welcome to the RITC 2026 Liquidity Risk Case - practice server,Good Luck!,331,2026-02-01 12:54:00.689924,RITC,9.07,9.06,9.07,234000.0,178100.0,14000.0,,0,0,0,0,0,0,0,0,0,0,0,0,0,0,0,0
,,,,,,331,2026-02-01 12:54:00.689924,COMP,23.94,23.93,23.95,112700.0,122100.0,,15000.0,0,0,0,0,0,0,0,0,0,0,0,0,0,0,0,0
1.0,1.0,1.0,,Welcome to the RITC 2026 Liquidity Risk Case - practice server,Good Luck!,332,2026-02-01 12:54:01.720321,RITC,9.08,9.06,9.08,234000.0,170800.0,14000.0,,0,0,0,0,0,0,0,0,0,0,0,0,0,0,0,0
,,,,,,332,2026-02-01 12:54:01.720321,COMP,23.93,23.93,23.95,112700.0,122100.0,,15000.0,0,0,0,0,0,0,0,0,0,0,0,0,0,0,0,0
1.0,1.0,1.0,,Welcome to the RITC 2026 Liquidity Risk Case - practice server,Good Luck!,333,2026-02-01 12:54:02.749813,RITC,9.09,9.06,9.09,235600.0,173700.0,14000.0,,0,0,0,0,0,0,0,0,0,0,0,0,0,0,0,0
,,,,,,333,2026-02-01 12:54:02.749813,COMP,23.92,23.92,23.95,104500.0,114300.0,,20000.0,0,0,0,0,0,0,0,0,0,0,0,0,0,0,0,0
1.0,1.0,1.0,,Welcome to the RITC 2026 Liquidity Risk Case - practice server,Good Luck!,334,2026-02-01 12:54:03.767916,RITC,9.06,9.04,9.06,234100.0,186500.0,9000.0,,0,0,0,0,0,0,0,0,0,0,0,0,0,0,0,0
,,,,,,334,2026-02-01 12:54:03.767916,COMP,23.92,23.89,23.9,90900.0,116000.0,,20000.0,0,0,0,0,0,0,0,0,0,0,0,0,0,0,0,0
1.0,1.0,1.0,,Welcome to the RITC 2026 Liquidity Risk Case - practice server,Good Luck!,335,2026-02-01 12:54:04.789537,RITC,9.04,9.04,9.06,234100.0,186300.0,9000.0,,0,0,0,0,0,0,0,0,0,0,0,0,0,0,0,0
,,,,,,335,2026-02-01 12:54:04.789537,COMP,23.91,23.89,23.91,90900.0,116000.0,,20000.0,0,0,0,0,0,0,0,0,0,0,0,0,0,0,0,0
